2372 3756
173 579 247 617 Cap·
264 587 290 614 7.

169 847 240 885 Cap.
262 855 308 884 37.

162 1079 238 1115 CEP»
259 1085 312 1112 106

147 2689 220 2721 Can·
241 2696 272 2717 11
284 2696 306 2716 ι.

424 191 491 237 82²

355 268 525 309 Sabbathis
536 279 648 305 carnes
661 269 788 306 edimus
799 295 811 312 ,
831 271 865 306 &
876 281 990 305 omnes
1002 269 1068 305 fere
1077 270 1231 312 Brabanti

686 320 975 368 Qadragefimam
1001 321 1036 355 ὅ(
1061 330 1230 365 praeceptas

348 370 540 405 Sanctorum
552 370 696 416 Vigilias
710 369 880 407 Sabbathis
905 371 1077 405 vescuntur
1097 372 1230 415 pingue-

352 321 388 354 in
415 320 538 354 cunstis
566 328 660 355 extra

348 419 427 455 dine
438 444 446 453 .

398 469 577 516 Gregorius
596 471 769 515 septimus,
799 470 978 515 Gregorius
999 472 1131 505 octavus
1154 494 1165 511 ‚
1191 481 1229 503 ac

347 519 559 556 Innocentius
584 522 699 555 tertius
722 520 835 555 abbae
855 522 928 566 lege
946 520 1228 556 &consuetudine

737 571 838 618 Qod
864 572 970 614 ipsum
987 571 1111 605 faciunt
1122 571 1228 612 Syno-

345 621 381 655 di
395 646 406 663 ,
431 632 510 666 quas
522 620 613 663 supra
624 620 833 655 laudavimus
842 632 883 655 ex
898 621 1023 656 Glabro
1035 618 1225 662 Rudolpho.

345 571 520 615 excipiunt
542 571 691 605 infirmos
703 594 709 601 .

346 672 395 706 Ita
417 672 516 705 etiam
538 670 691 713 ajejunio
703 696 714 712 ‚
740 672 775 708 &
786 671 919 716 quidem
934 671 1052 715 inipso
1063 669 1223 704 sacrosan-

344 723 399 755 &ae
411 720 599 755 Parasceves
609 720 663 755 die
677 745 688 761 ‚
714 722 862 764 parvulos
873 746 885 762 ,
912 722 1023 759 senes,
1050 731 1088 753 ac
1101 719 1225 764 langui-

341 771 401 805 dos
409 771 526 806 eximit
547 782 659 814 quarta
670 771 823 814 Synodus
834 770 1002 805 Toletana
1014 794 1021 802 .
1050 769 1094 803 Et
1115 769 1148 802 in
1163 770 1223 804 Ca-

340 822 472 864 pitulari
485 823 542 856 suo
565 820 662 856 habet
673 823 807 856 Sanetus
818 817 1062 863 Theodulphus
1076 819 1222 854 Aurelia-

340 871 448 906 nensis
470 871 652 916 Episcopus
675 885 683 904 :
710 874 828 905 Praeter
852 869 981 911 infimior
1005 881 1041 903 ac
1070 871 1220 912 parvulos

341 917 473 964 quisquis
495 926 528 955 in
539 919 774 965 ,Quadragefima
788 932 846 953 non
862 922 1014 961 jejunarit
1028 944 1038 959 ‚
1059 928 1182 962 pernam
1187 919 1221 962 fi·

339 972 523 1014 biacquirit.
550 972 692 1004 infirmis
703 970 864 1014 permittit
885 981 971 1012 ova,
997 971 1147 1011 caseum,
1176 971 1222 1014 pi·

337 1023 425 1061 sees,
452 1022 564 1055 vinum
579 1045 590 1061 ‚
616 1019 752 1054 sednon
772 1031 898 1059 carnes.
926 1021 971 1056 Et
993 1021 1026 1054 in
1040 1021 1218 1055 Canonum

315 1070 542 1109 ,breviatione
566 1070 763 1115 Fulgentius
788 1071 969 1106 Ferrandus
988 1084 998 1105 ε
1036 1073 1220 1114 ‚Quicumque

331 1120 429 1164 sanus
438 1129 551 1164 corpore
570 1117 694 1163 Jejunia
715 1126 878 1155 communia
890 1122 1070 1165 diffitlverit,
1095 1121 1217 1155 anathe-

333 1183 384 1204 ma
388 1170 427 1214 fit
442 1196 450 1204 .
472 1173 516 1206 Et
537 1171 608 1215 post
631 1174 837 1206 enumeratos
847 1171 963 1215 jejunii
982 1172 1049 1206 dies
1060 1171 1150 1206 addit
1163 1172 1217 1214 Sy·

331 1221 442 1256 nodus
473 1221 783 1267 Salegunstadienfis
808 1234 815 1253 ε
857 1225 995 1264 Excepta
1021 1223 1216 1265 infirmitate.

331 1272 377 1305 Et
392 1275 427 1306 in
443 1273 612 1316 Synodica
634 1272 675 1306 ad
698 1273 788 1305 suam
799 1271 977 1307 Ecclesiam
993 1266 1138 1316 Epi'stola
1154 1272 1217 1305 Ra—

327 1319 455 1356 therius
478 1321 678 1357 Veronenfis
701 1321 900 1365 Episcopus.
927 1322 1123 1366 ,Quod'fipro
1135 1321 1215 1362 infir-

329 1376 437 1406 mitate
463 1374 571 1414 aliquis
575 1374 720 1414 jejunare
740 1383 798 1406 non
808 1372 899 1414 potest
911 1396 920 1412 ‚
943 1372 1080 1414 proficiat
1102 1373 1213 1412 cijeju—

328 1427 413 1455 nium
438 1446 449 1462 ‚
474 1424 554 1465 quod
567 1424 715 1466 generalis
730 1422 812 1464 facit
836 1422 984 1463 Ecclefia,
1013 1433 1113 1455 omnes
1134 1419 1212 1453 enim

326 1476 360 1504 in
372 1471 486 1512 Christo
510 1483 599 1505 unum
621 1470 852 1515 eorpussumus.
880 1470 969 1505 Etin
981 1470 1108 1506 decima
1121 1472 1211 1514 super

325 1523 472 1565 genesim
483 1520 622 1554 homilia
633 1522 768 1556 Sannaus
781 1521 923 1565 Joannes
936 1519 1189 1564 chrysostomus
1203 1533 1209 1552 :

327 1573 360 1605 51·
366 1571 426 1611 fint
437 1573 533 1614 aliqui
540 1568 708 1614 praesentes
721 1595 732 1610 ,
756 1582 828 1613 quos
838 1576 963 1613 corporis
985 1572 1071 1605 vetat
1090 1572 1209 1615 infirmi·

326 1628 376 1654 tas
381 1623 504 1662 jejunos
527 1623 581 1655 vel
590 1619 757 1663 impransos
774 1629 949 1662 permanere
960 1646 971 1662 ,
997 1634 1044 1656 eos
1065 1621 1161 1654 hortor
1178 1628 1211 1655 ut

326 1676 453 1713 ‚corporis
464 1670 670 1712 infirmitatem
681 1679 782 1704 curent
794 1695 805 1712 ‚
831 1670 1027 1714 &spirituali
1038 1672 1094 1706 hac
1105 1672 1210 1704 dallei-

325 1732 369 1754 na
381 1731 440 1753 non
444 1719 539 1764 solum
550 1732 607 1754 non
615 1727 780 1763 priventur
790 1745 800 1761 ,
822 1719 879 1763 sed
895 1723 928 1756 (9⁸
935 1720 1117 1764 pranfiplus
1128 1720 1210 1755 exbi-

324 1770 415 1808 beant
419 1771 531 1811 studii.
557 1773 731 1805 suntfenim
749 1797 759 1812 ,
780 1768 854 1813 sunt
873 1771 1006 1814 proficio
1032 1779 1118 1813 vice,
1146 1778 1208 1814 qui-

324 1821 379 1855 bus
386 1822 507 1864 fiduciae
530 1822 575 1855 ad
585 1825 680 1855 Deum
692 1828 755 1855 viae
767 1827 879 1863 aperiri
885 1822 998 1866 possunt
1009 1847 1019 1862 ,
1047 1824 1138 1856 multo
1148 1834 1207 1855 ma-

318 1873 401 1918 jores
426 1870 523 1914 quiim'
543 1872 671 1905 ciborum
691 1871 869 1912 abstinentia
889 1898 895 1905 .
929 1876 1022 1916 Igitur
1045 1878 1095 1916 qui
1114 1872 1207 1906 cibum

322 1927 431 1963 accipit
446 1946 457 1962 ‚
483 1924 517 1956 Θ
523 1923 665 1963 jejunare
684 1934 742 1955 non
766 1924 872 1962 valet,
900 1923 1053 1967 largiorem
1074 1924 1124 1956 det
1136 1925 1205 1957 elee-

321 1971 490 2015 mosinam,
511 1972 680 2014 ferventior
688 1972 728 2014 fit
744 1978 776 2005 in
794 1972 929 2014 precibus
949 1996 959 2012 ‚
987 1977 1131 2015 majorem
1154 1972 1203 2006 ha·

322 2022 393 2056 beat
414 2025 602 2057 alacritatem
623 2029 655 2056 in
675 2024 832 2056 audiendis
860 2027 985 2056 Divinis
1007 2026 1146 2068 eloquiis,
1172 2030 1204 2056 in

321 2073 430 2115 quibus
442 2079 568 2115 corporis
579 2073 741 2117 infirmitas
762 2072 840 2106 nihil
849 2072 959 2113 obstare
973 2074 1064 2116 potest
1077 2099 1088 2114 ‚
1107 2079 1204 2107 inimi-

321 2129 363 2156 cis
386 2126 605 2163 reconcilietur,
632 2135 713 2155 omne
722 2124 822 2154 odium
844 2124 1035 2157 &vindic‘lae
1056 2125 1203 2165 cupidita·

324 2183 385 2205 tem
398 2184 437 2205 ex
447 2178 545 2205 animo
553 2172 658 2215 effliges
669 2197 676 2204 .
704 2174 769 2215 ,Qui
780 2170 954 2213 haecfecerit
967 2198 977 2214 ,
1005 2184 1110 2209 verum
1123 2176 1204 2214 J'eJ'u-

320 2225 404 2256 nium
408 2221 563 2264 jejunabit
576 2246 587 2262 ,
613 2223 694 2265 quod
701 2224 720 2254 a
731 2221 813 2254 nobis
821 2224 995 2264 potiffimum
1006 2222 1133 2267 expofiit
1147 2227 1202 2256 Do·

318 2277 439 2304 minus.
469 2272 662 2314 Utrumque
672 2271 736 2305 hoc
748 2271 906 2313 jejunium
922 2272 1032 2307 laudat
1054 2274 1199 2308 etiamin

321 2325 469 2356 sermone
478 2319 627 2355 adversus
639 2321 829 2355 ebrietatem
842 2346 852 2361 ‚
876 2324 909 2356 8<
922 2323 1025 2368 pergit
1040 2335 1047 2354 :
1075 2330 1137 2359 Hoc
1146 2335 1202 2357 me-

320 2373 380 2407 Iius
393 2370 431 2411 est
441 2373 490 2404 illo
492 2373 647 2412 jejunium
665 2395 672 2403 .
700 2375 735 2404 N
738 2381 767 2404 ec
780 2373 884 2404 melius
895 2373 1014 2405 tamum
1026 2397 1035 2414 ‚
1042 2371 1068 2415 s
1064 2373 1105 2407 ed
1112 2379 1203 2407 etiam

319 2424 421 2456 levius
437 2446 443 2452 .
469 2422 553 2454 Illius
558 2423 672 2462 jejunii
682 2429 809 2462 tempore
820 2422 909 2454 multi
929 2429 1056 2464 corporis
1079 2423 1203 2456 imbecil-

322 2473 443 2506 litatem
468 2471 667 2506 obtendebant
688 2496 699 2512 ‚
725 2471 870 2511 molestum
890 2479 1039 2514 pruritum
1063 2486 1073 2505 .·
1101 2474 1202 2506 Scabie

321 2524 452 2564 repletus
470 2520 537 2565 sum
559 2546 569 2562 ‚
596 2526 692 2564 inquit
714 2545 725 2561 ‚
750 2522 883 2554 illuviem
906 2533 963 2555 non
977 2522 1047 2563 fero
1077 2546 1084 2554 .
1110 2527 1202 2565 Aquae

317 2580 408 2616 potus
418 2584 465 2605 me
475 2580 576 2605 enecat
589 2595 599 2612 ,
610 2573 687 2605 olera
698 2570 848 2615 degustare
858 2583 915 2605 non
923 2573 1034 2616 poffum
1044 2596 1052 2604 .
1079 2573 1203 2608 Omnes

321 2620 382 2657 has
393 2622 601 2656 infirmitates
614 2622 739 2655 videtur
760 2622 931 2656 admittere
954 2634 1012 2666 pro
1025 2623 1199 2667 legitimis.

323 2673 368 2707 Et
390 2673 426 2706 in
441 2673 620 2706 Canonum
633 2672 770 2715 Synopfi
792 2670 890 2707 habet
912 2674 1072 2706 Arrenius
1083 2673 1204 2707 Mona-

324 2721 405 2756 chus
433 2734 440 2753 :
471 2726 503 2766 J
506 2724 607 2762 ejunia
631 2728 730 2754 omnia
751 2722 881 2764 fideliter
899 2724 1045 2763 jejunare
1070 2731 1203 2765 oportet,

324 2782 390 2814 quae
401 2783 438 2803 ex
450 2773 610 2805 traditione
624 2769 821 2812 Ecclefiastica
831 2771 972 2806 babemus
987 2797 997 2813 ‚
1025 2772 1081 2815 nist
1083 2782 1203 2815 propter

325 2821 533 2864 infirmitatem
555 2823 778 2862 impediantur.
806 2822 850 2855 Et
863 2822 896 2855 in
919 2821 1050 2857 scholiis
1060 2823 1100 2856 ad
1114 2824 1200 2857 sexa-

319 2872 481 2916 gefimum
501 2881 631 2904 nonum
650 2870 880 2914 Apostolicum
893 2872 1068 2907 Canonem
1086 2872 1200 2908 Theo-

319 2922 419 2956 dorus
441 2920 632 2955 Balsamon:
662 2923 781 2962 Excipe
802 2920 876 2953 mibi
898 2934 945 2956 eos
967 2928 1019 2966 qui
1031 2931 1195 2967 agrotant.

321 2975 364 3005 Hi
374 2976 453 3006 enim
470 2969 557 3013 fiper
573 2968 669 3013 pisces
683 2972 803 3011 jejunia
808 2970 960 3014 servant,
985 2978 1028 3006 eis
1039 2979 1130 3007 venia
1147 2975 1201 3007 da-

322 3031 388 3055 tur.
419 3023 479 3054 Per
500 3031 618 3054 carnem
627 3029 726 3053 autem
737 3031 793 3052 non
810 3020 986 3065 solvet'quis
997 3035 1201 3067 quemcumque

322 3079 464 3113 quartum
485 3071 565 3104 diem
587 3071 622 3104 Θ
642 3069 840 3113 Parascevem
858 3095 869 3111 ,
895 3079 1022 3114 exceptis
1050 3072 1202 3117 Paschalr·

322 3119 377 3153 bus
403 3122 437 3154 (9‘
461 3121 531 3153 aliis
556 3121 680 3160 conceffis
704 3144 715 3160 ‚
740 3120 856 3162 etiamst
877 3132 1040 3156 extremum
1061 3122 1201 3167 spiritum

323 3179 393 3212 agat
412 3192 420 3200 .
448 3170 491 3205 Et
518 3169 602 3205 infra
627 3183 637 3203 :
664 3170 740 3203 Cum
767 3179 866 3204 autem
887 3173 1060 3216 solutionem
1086 3175 1175 3207 audis
1191 3199 1202 3215 ‚

325 3230 360 3251 ne
372 3220 455 3252 dicas
474 3232 541 3253 eam
560 3231 628 3263 quae
638 3220 674 3262 fit
692 3228 749 3263 per
768 3232 886 3255 carnem
898 3247 905 3255 .
935 3225 1062 3265 Propter
1073 3232 1201 3266 corpora-

323 3268 380 3301 lem
400 3274 477 3301 enim
505 3270 737 3304 imbecillitatem
758 3282 816 3304 non
833 3277 1021 3313 permittetur
1042 3279 1200 3316 cuiquam,

321 3317 438 3357 etiamst
444 3327 606 3353 extremum
626 3319 865 3364 agatspiritum,
892 3328 925 3356 in
934 3335 1045 3368 magna
1056 3325 1202 3367 ,Quadra-

318 3365 425 3412 geli'mae
446 3370 583 3403 carnibus
605 3369 682 3413 veJ‘ct
698 3395 705 3402 .
736 3372 873 3405 Vidimus
901 3379 980 3406 enim
1000 3373 1051 3408 hoc
1070 3373 1196 3416 diverfis

304 3416 502 3459 'tmporibus
538 3420 671 3455 synodice
702 3426 833 3462 petitum
868 3422 919 3464 effe
943 3447 954 3464 ,
989 3425 1023 3458 <5
1057 3434 1116 3457 non
1150 3425 1200 3467 effe

323 3467 495 3516 ronceffum.
521 3467 603 3519 Quo
629 3468 816 3508 Graecorum
844 3472 947 3516 pietas
972 3473 1018 3507 est
1043 3473 1198 3520 antiqua&

734 189 775 235 S.
813 187 1129 234 GREGORH
1165 199 1399 232 SEPTIMI
1436 187 1798 235 Ponrlmcls

1294 266 1399 313 Qod
1412 268 1500 303 enim
1512 268 1701 313 Imperatori
1712 272 1898 316 justiniano
1906 297 1918 315 ,
1942 277 2116 313 macellum
2126 276 2173 314 ob

1293 316 1455 360 publicam
1467 319 1587 354 famem
1598 321 1754 364 aperienti
1777 324 1811 357 in
1826 322 2077 371 Quadragesima
2087 353 2099 370 ,
2124 340 2171 363 re-

1291 367 1407 403 stiterit
1428 368 1818 414 Constantinopolitanus
1840 375 2005 418 populus,
2029 378 2063 411 ἀ
2084 378 2171 414 mori

1291 417 1388 462 quam
1409 428 1575 463 paternam
1595 420 1802 465 disciplinam
1829 426 2024 467 praevaricari
2047 429 2172 464 malue-

1290 469 1353 509 rit,
1379 468 1520 513 ideoque
1542 481 1643 505 nemo
1662 473 1775 507 emerit
1789 485 1919 509 carnem
1942 486 2000 511 aut
2017 479 2172 513 comede·

1289 519 1328 551 rit
1342 542 1353 557 ‚
1378 519 1534 555 testantur
1553 521 1732 556 &laudant
1751 523 1880 567 antiqui
1890 525 2083 570 Scriptores.
2113 528 2166 563 Ex

1287 567 1400 602 eadem
1423 568 1542 612 pietate
1562 571 1711 606 infirmos
1732 572 1749 606 ὲ
1762 574 2021 621 Qadragesimae
2042 577 2169 621 jejunio

1286 619 1451 653 excusavit
1474 643 1486 660 ,
1513 620 1624 655 verum
1651 633 1763 657 carnes
1790 623 1880 658 nullo
1903 626 2007 661 modo
2025 627 2168 671 permisit

1287 667 1378 711 supr&
1405 668 1555 704 laudatus
1589 671 1723 706 Sanetus
1749 671 1991 718 Theodulphus
2015 701 2023 710 .
2048 678 2092 714 Et
2112 689 2167 713 ne·

1285 718 1354 752 scio
1365 729 1463 762 quem
1475 720 1673 765 Episcopum
1686 746 1697 763 ‚
1722 723 1800 757 dum
1814 724 1961 760 infirmus
1978 727 2019 761 ad
2029 728 2167 763 evaden·
2183 723 2240 755 fib·
2256 737 2280 756 ¹·

1280 767 1364 820 dum
1379 770 1453 803 vitae
1477 771 1657 813 periculum
1667 784 1708 807 ex
1720 772 1932 819 Collegarum
1953 777 2166 813 confiliocar-
2180 774 2241 805 ⁶²9·
2254 776 2298 804 ²3-

1286 829 1341 852 nes
1359 819 1516 864 attingit,
1542 821 1651 856 subito
1672 833 1838 867 tamquam
1862 825 2039 862 Diabolica
2061 839 2171 864 tenta-.

1284 869 1376 903 tione
1389 870 1508 904 visium
1519 871 1667 906 cecidisse
1690 874 1726 907 in
1741 874 1814 908 vitae
1825 875 2078 918 desperationem
2096 903 2107 920 ,
2130 881 2165 914 δε

1283 918 1416 959 tandem
1426 919 1493 954 fine
1505 921 1654 956 carnibus
1674 925 1875 959 convaluisse
1890 950 1900 966 ‚
1927 927 2038 962 scribit
2054 930 2088 962 in
2102 930 2164 964 Ca-

1282 968 1344 1002 roli
1363 967 1484 1014 Magni
1509 971 1575 1005 vita
1586 972 1775 1008 Monachus
1799 975 1905 1011 Sancti
1922 977 2032 1011 Galli.
2060 979 2162 1023 Apud

1282 1018 1491 1053 Franciscum
1515 1019 1560 1055 du
1571 1021 1701 1056 Chesne
1722 1024 1847 1060 exstant
1859 1026 1969 1061 breves
1989 1029 2023 1062 &
2034 1040 2121 1063 anon
2126 1042 2163 1073 y·

1281 1068 1327 1101 mi
1349 1069 1549 1105 Francorum
1562 1069 1728 1113 Annales,
1755 1075 1812 1118 qui
1833 1074 1879 1108 ob
1888 1078 2082 1120 grassantem
2102 1080 2162 1114 sub

1282 1117 1403 1153 laudati
1421 1119 1541 1154 Caroli
1562 1121 1684 1167 Regno
1709 1124 1827 1158 famem
1848 1126 2008 1162 affirmant
2029 1129 2162 1163 &exer-

1279 1168 1360 1202 citui
1381 1169 1415 1203 &
1427 1170 1551 1214 populo
1570 1170 1664 1207 fuiffe
1684 1173 1720 1207 in
1732 1174 1986 1223 Qadrag‘efima
1998 1179 2160 1221 permistas

1279 1229 1403 1252 carnes.
1431 1219 1474 1253 Et
1498 1220 1538 1255 de
1551 1221 1610 1255 tali
1634 1224 1708 1258 casu
1718 1225 1803 1268 apud
1817 1225 2017 1271 Gregorium
2030 1239 2159 1263 nonum

1279 1269 1433 1311 rescripsit
1471 1271 1686 1307 Innocentius
1713 1275 1828 1309 tertius
1851 1276 1893 1310 ad
1930 1277 2158 1313 Bracarensem

1280 1316 1592 1362 Archiepiscopum:
1618 1324 1695 1355 Cum
1707 1324 1872 1365 quaefieris‚
1897 1327 2008 1369 quaefit
2031 1330 2090 1361 illis
2097 1336 2160 1371 pu·-

1278 1372 1408 1399 nitentia
1418 1370 1606 1412 injungenda
1615 1393 1625 1408 ‚
1650 1377 1700 1412 qui
1712 1373 1814 1406 diebus
1830 1377 2158 1419 deragefimalibus,

1277 1428 1334 1459 quo
1354 1425 1482 1458 tempore
1503 1426 1601 1453 tantae
1618 1419 1719 1462 famis
1746 1424 1848 1456 inedia
1866 1427 2019 1467 ingruebat
2041 1449 2052 1467 ,
2078 1429 2161 1470 quod

1274 1478 1384 1510 magna
1390 1475 1469 1508 pars
1476 1470 1579 1510 popuii
1592 1478 1717 1512 propter
1739 1477 1869 1513 inopiam
1882 1480 1997 1516 periret
2008 1488 2158 1518 annonae,

1271 1526 1372 1550 carnes
1396 1518 1541 1552 comedere
1563 1517 1636 1562 sunt
1655 1520 1765 1562 mam,-
1797 1521 2002 1565 respondemus
2022 1528 2105 1568 quod
2123 1533 2159 1561 in

1271 1567 1329 1599 tali
1352 1568 1476 1600 articulo
1500 1569 1566 1601 illos
1587 1580 1646 1602 non
1665 1572 1811 1604 credimus
1830 1576 1997 1614 puniendos
2019 1599 2031 1615 ,
2055 1570 2156 1618 preces

1270 1627 1372 1649 tamen
1402 1621 1525 1651 Domino
1545 1626 1603 1661 pro
1620 1620 1681 1653 illis
1707 1623 1742 1655 ό·
1763 1625 1910 1657 cumillis
1931 1624 2090 1667 effundas,
2117 1637 2156 1661 ne

1270 1665 1337 1708 ipsis
1359 1667 1550 1710 aliquatenus
1581 1673 1744 1712 imputetur
1765 1696 1772 1704 .
1802 1675 1888 1717 ‚Quia
1912 1674 2057 1709 bonarum
2075 1687 2156 1710 nien·i

1269 1722 1342 1749 tium
1362 1717 1398 1757 est
1410 1717 1454 1750 ibi
1476 1723 1578 1752 timere
1598 1722 1736 1762 culpam,
1763 1722 1814 1755 ubi
1823 1726 1911 1766 culpa
1934 1727 2055 1759 minime
2073 1733 2155 1768 repe·

1269 1772 1346 1799 ritur
1374 1791 1381 1799 .
1408 1767 1613 1813 Ambiguam
1635 1770 1779 1814 ipsorum
1804 1776 1932 1809 causam
1956 1776 2086 1810 Divino
2106 1786 2154 1810 re-

1269 1815 1388 1860 linquit
1406 1817 1533 1860 judicio
1549 1844 1555 1851 .
1585 1819 1628 1853 Et
1651 1821 1669 1854 a
1688 1821 1793 1856 nobili
1806 1823 1874 1858 viro
1885 1823 2082 1865 Publicola,
2107 1837 2152 1860 an

1268 1867 1473 1902 moriendum
1486 1868 1561 1903 esset
1581 1870 1688 1913 poritis
1698 1894 1708 1913 ,
1735 1873 1832 1917 quam
1845 1875 1879 1908 in
1892 1885 2034 1910 extrema
2046 1875 2156 1910 neees-

1267 1916 1356 1950 fitate
1379 1917 1613 1962 Idolothytum
1636 1921 1911 1969 edere,<r0gatus
1931 1925 2063 1959 Sanctus
2082 1924 2151 1960 Au·

1267 1965 1416 2010 gussinus
1433 1969 1616 2011 respondit:
1644 1973 1750 2005 Melius
1765 1974 1938 2015 Christiana
1957 1981 2071 2009 virtute
2091 1973 2151 2019 res·
2168 1961 2220 2000 ΕΡ·
2242 1969 2307 1998 ¹5⁴⁹

1263 2022 1382 2057 puitur.
1413 2017 1452 2051 ld
1474 2019 1579 2053 forsan
1602 2021 1712 2055 verum
1731 2024 1877 2058 fitetiam
1900 2026 1941 2059 de
1952 2026 2104 2061 carnibus
2114 2027 2150 2060 in

1266 2066 1523 2114 Qadragefitna
1547 2094 1554 2102 .
1581 2070 1633 2103 Ex
1658 2070 1710 2106 his
1732 2074 1865 2109 interim
1886 2076 1972 2110 lucet
1995 2076 2150 2120 antiquus

1265 2117 1353 2160 rigor
1370 2116 1564 2154 Christianae
1574 2119 1750 2163 disciplinas
1763 2148 1771 2156 .

1315 2165 1424 2201 Prima
1437 2166 1568 2209 quaestio
1592 2169 1635 2203 est
1648 2195 1659 2211 ,
1684 2171 1819 2220 Qanta
1830 2174 1872 2208 ad
1892 2173 2004 2218 jejunii
2024 2177 2152 2210 exeusa-

1265 2215 1394 2251 tionem
1405 2218 1581 2261 requiratur
1604 2220 1775 2255 infirmitas
1798 2224 1816 2255 ἓ
1841 2224 1986 2272 Qidam
2008 2226 2150 2260 sufficere

1265 2265 1380 2298 volunt
1403 2267 1675 2310 qualemcumque
1697 2294 1705 2302 .
1732 2271 1865 2305 Etenim
1888 2275 1922 2305 in
1945 2274 2074 2308 laudata
2101 2276 2151 2308 su·-

1264 2326 1319 2358 per
1336 2314 1480 2348 Genefin
1497 2315 1631 2351 homilia
1655 2318 1786 2354 Sanctus
1796 2320 1934 2363 Joannes
1958 2323 2149 2367 Chrysosto-

1263 2374 1335 2397 mus
1355 2376 1472 2399 ornnes
1493 2366 1591 2407 illos,
1617 2378 1700 2411 quos
1728 2370 1853 2405 servata
1877 2373 1978 2415 usque
1989 2374 2031 2407 ad
2042 2375 2149 2418 vespe-

1263 2426 1332 2448 ram
1353 2414 1462 2450 inedia
1485 2416 1693 2459 debilitabat,
1719 2430 1757 2454 ac
1777 2421 1932 2455 concioni
1956 2423 1990 2456 ὃς
2011 2423 2147 2458 Divinis

1263 2462 1319 2498 sub
1333 2463 1397 2498 diei
1408 2466 1509 2501 finem
1526 2467 1643 2501 officiis
1653 2468 1758 2504 adesse
1772 2472 1836 2505 fine
1851 2472 2065 2507 incommodo
2077 2482 2145 2508 non

1265 2514 1492 2558 permittebat,
1519 2516 1665 2551 hortatur
1687 2529 1723 2554 ut
1749 2521 1947 2564 prandeant:
1976 2523 2044 2557 Eos
2055 2534 2148 2567 pran—

1264 2566 1339 2599 dere
1362 2567 1505 2608 mavult,
1531 2568 1630 2612 quam
1647 2568 1751 2604 deess‘e
1762 2571 1937 2606 concioni.
1964 2572 2147 2616 Jejuniide-

1262 2616 1383 2650 festum
1395 2616 1565 2652 dumtaxat
1579 2618 1687 2652 suadet
1699 2619 1772 2654 aliis
1783 2621 1913 2664 pietatis
1931 2623 2048 2656 officiis
2057 2631 2145 2657 corn·-

1264 2665 1387 2709 pensari
1400 2691 1407 2701 .
1437 2666 1480 2700 Et
1495 2669 1528 2700 in
1553 2668 1684 2702 laudato
1704 2669 1854 2705 adversus
1873 2668 2062 2706 ebrietatem
2084 2673 2146 2707 ser-

1263 2727 1361 2750 mone
1373 2714 1511 2751 scabiem
1522 2742 1534 2758 ,
1560 2717 1656 2753 oleris
1667 2729 1721 2754 aut
1736 2731 1826 2764 aquae
1839 2720 2116 2767 incongruitatem
2130 2747 2143 2764 ,

1261 2776 1319 2801 aut
1343 2766 1484 2800 similem
1509 2768 1815 2805 incommoditatem
1835 2772 1951 2806 *censet
1979 2772 2141 2807 sufficere·-

1263 2816 1307 2850 Et
1332 2825 1444 2860 quarta
1457 2817 1624 2853 Toletana
1637 2818 1789 2864 Synodus
1806 2823 1938 2855 excusat
1947 2823 2144 2857 omneslsn·
2157 2838 2228 2869 Can.
2249 2849 2276 2874 ⁷·

1262 2866 1382 2911 guidox
1395 2891 1402 2898 .
1428 2867 1628 2912 Respondeo
1651 2870 1754 2913 'ipsam
1776 2870 1949 2915 exponiab
1960 2871 2142 2907 ostavaibi-

1261 2918 1338 2950 dem
1349 2916 1485 2958 Synodo
1496 2931 1507 2951 ε
1534 2918 1677 2963 ,Quisquis
1689 2918 1798 2963 absque
1810 2922 1981 2955 inevitabili
2001 2923 2140 2963 neceffiea-

1262 2975 1292 2999 te
1305 2966 1571 3012 asquefraegilnate
1586 2992 1598 3008 ‚
1623 2970 1657 3003 &
1668 2971 1805 3003 evidenti
1813 2972 1955 3015 languore
1965 2996 1975 3012 ‚
1982 2969 2036 3015 seu
2043 2978 2141 3007 etiam
2154 2958 2226 2988 cm*
2248 2966 2274 2994 9‘
2303 2967 2307 2971 ⁴

1261 3016 1482 3059 impofflbilitate
1501 3024 1605 3052 aetatis
1623 3042 1635 3058 ,
1663 3019 1770 3053 diebus
1794 3021 2040 3066 ‚Quadragefin'aeae
2059 3017 2140 3066 esurii

1261 3073 1394 3100 carnium
1401 3066 1623 3112 prasumpftrit
1632 3077 1783 3103 attentare
1793 3095 1805 3111 ‚
1832 3082 1889 3104 non
1896 3070 1991 3114 solum
2002 3080 2070 3107 reus
2077 3078 2140 3108 'em

1262 3115 1487 3157 Resurrec‘lionis
1510 3120 1672 3152 Dominicae
1692 3143 1702 3159 ‚
1729 3121 1833 3154 verum
1852 3126 1944 3155 etiam
1965 3124 2078 3157 alienus
2098 3122 2139 3155 ab

1261 3169 1325 3207 ejus
1353 3170 1415 3201 diei
1419 3166 1525 3211 sant‘la
1535 3175 1748 3203 communione.
1774 3173 1820 3203 Et
1840 3170 1893 3204 boc
1915 3173 1961 3205 illi
1980 3174 2139 3206 cumuletur

1260 3218 1303 3249 ad
1306 3225 1427 3259 poenam
1438 3243 1449 3259 ,
1475 3227 1509 3251 ut
1526 3217 1612 3260 ipfius
1632 3225 1708 3252 anni
1728 3227 1856 3263 tempore
1865 3221 1904 3254 ab
1916 3228 1997 3256 omni
2015 3221 2139 3265 efis‘caer-

1261 3273 1340 3300 nium
1361 3268 1520 3309 abstineat,
1547 3274 1619 3310 quia
1633 3268 1731 3312 sacris
1753 3271 1858 3305 diebus
1874 3268 2060 3315 abstinentia)-
2070 3271 2141 3305 obli-

1260 3326 1308 3350 tus
1331 3318 1368 3358 est
1395 3316 1598 3362 dissiplinam.
1625 3321 1675 3353 Illi
1697 3323 1767 3355 atero
1790 3332 1862 3364 quos
1882 3329 1937 3354 aut
1947 3329 2024 3354 aetas
2042 3326 2139 3355 incur-

1259 3378 1313 3400 vat
1340 3391 1351 3407 ‚
1377 3378 1429 3402 aut
1453 3370 1577 3412 languor
1596 3378 1755 3412 extenuat,
1785 3380 1840 3404 aut
1852 3371 1993 3410 neceffitas
2014 3370 2114 3404 arHat
2126 3379 2137 3412 3

1261 3428 1317 3451 non
1328 3428 1397 3453 ante
1407 3418 1561 3461 prohibita
1580 3422 1692 3454 violare
1700 3418 1899 3463 praesumant,
1909 3418 2000 3462 quti'm
2009 3422 2029 3453 ᾶ
2039 3423 2140 3455 sacer-

1261 3468 1327 3502 dote
1335 3469 1501 3512 permiffum
1509 3475 1679 3513 percipiant
1691 3495 1698 3502 .
1720 3469 1872 3513 Requirit
1883 3480 2015 3515 gravem
2026 3482 2063 3505 ac
2073 3472 2139 3505 evi·

1955 3519 2090 3560 dentem

2177 1302 2226 1335 lib
2236 1313 2263 1342 3.
2283 1304 2328 1336 tit·

2174 1350 2253 1383 46.c.
2265 1355 2293 1374 ι.

2356 3061 2372 3274 “ff-*azanaeum's-ffl·
2364 2996 2372 3042 ³⁴2.
2367 2983 2369 2986 Α
2366 2942 2372 2971 ,.,
