2352 3756
336 128 426 171 330
621 113 664 156 S.
703 109 1027 155 GREGORII
1063 123 1304 153 sep-run
1340 107 1705 157 Pomuercrs

257 202 379 240 injuriae
392 207 497 229 memor
509 218 519 233 ,
544 203 713 237 congregato
722 199 851 237 exercitu
864 218 876 233 ,
902 195 1028 226 Romam
1045 192 1139 224 adve-
1207 195 1290 223 ntum
1314 188 1473 229 incursibus
1493 191 1680 226 Urbanorum
1692 190 1866 237 infestam,
1885 197 1986 240 'pauca
1997 208 2088 232 manu

259 256 326 281 m‘t.
351 249 411 281 Sed
427 244 621 285 obfistentibus
643 248 871 290 Romanisfum
895 242 1057 283 pontifice,
1076 240 1138 282 fine
1206 239 1304 272 multa
1328 240 1594 284 viriliter-peregit.
1627 243 1695 277 Uti
1716 242 1946 287 Imperatorem
1961 249 2087 283 Rudol-

260 298 363 339 effeHu
384 295 520 339 regreffus
541 294 597 334 est,
626 295 795 329 Consonat
814 293 1002 327 Conrardus
1024 290 1138 324 Abbas
1208 288 1310 333 phum
1331 289 1467 332 ejecerat
1491 314 1502 331 ,
1529 291 1576 326 ita
1599 291 1748 327 studebat
1764 295 1865 329 etiam
1887 297 2087 343 Gregorium

262 346 501 391 Uspffi-genfisg
528 349 609 378 Anna
621 343 893 384 Domtmmillefimo
908 340 1136 384 oc‘logefimopri-
1207 340 1323 382 ejicere
1342 364 1354 380 ‚
1378 351 1418 374 ac
1445 340 1610 377 intrudere
1633 343 1832 379 Guibettum
1855 369 1863 376 .
1899 345 2088 384 Devastavit

261 410 326 436 mo,
356 401 423 429 Rex
436 400 578 429 Henrtcus
590 398 712 428 ltaliam
721 406 787 428 cum
797 398 927 426 exercitu
941 396 1052 432 petiit,
1078 395 1136 423 Ro·
1206 400 1342 423 omnem
1363 390 1513 425 Italiam.
1541 392 1594 426 Ex
1606 392 1657 428 his
1678 393 1768 429 vides
1778 405 1914 430 omnem
1935 395 2088 441 Gregorii

262 458 399 490 mamque
413 450 591 488 perveniens
611 452 644 478 in
656 446 760 487 vigilia
774 440 971 480 Pentecostes,
999 439 1136 481 resistente
1153 433 1158 472 l
1208 451 1266 483 pto
1279 439 1473 476 Ravennam
1496 442 1639 478 Ecclesia
1654 455 1812 480 conatum
1825 455 1906 480 tunc
1916 447 2090 491 contigiffe

256 496 311 538 fibi
325 492 527 532 Hildebrando
538 499 627 537 Papa
636 505 702 527 cum
712 497 858 524 Romanis
869 515 879 531 ,
905 500 976 523 anta¹
985 491 1135 531 castellum
1207 491 1292 524 inter
1303 490 1427 525 Pascha
1446 504 1484 526 ac
1496 492 1714 529 Pentecosten
1727 518 1736 528 .
1763 495 1921 531 Proxime
1930 496 2002 542 post
2014 507 2091 542 ΡΜ·-

263 546 364 582 sanc‘lt
375 551 459 582 Petri
468 547 561 587 castra
565 550 657 587 pettit
666 566 678 583 ‚
703 542 755 575 ubi
766 548 859 576 etiam
870 541 981 575 crebris
986 550 1045 584 per
1056 542 1135 575 bien·
1208 543 1331 576 sentem
1349 542 1525 586 Synodum
1536 568 1545 577 .
1563 550 1574 563 ·

266 774 397 918 *si
474 771 1638 916 GREGORII
1736 780 2083 922 vui

477 993 1037 1125 NoNuM
1089 994 1877 1088 ROMANUM
1953 1110 1970 1128 ‚

364 1162 2004 1297 CONCILIUMr

509 1386 619 1432 Nno
665 1379 723 1430 ab
757 1379 1061 1428 lncarnatione
1109 1378 1300 1427 Domini
1335 1378 1563 1428 millesimo
1594 1379 1857 1443 ostogefimo
1888 1395 2048 1448 quarto
2073 1418 2089 1444 ,

543 1451 825 1501 Pontificatus
875 1448 977 1496 vero
1013 1449 1200 1497 Domini
1237 1451 1444 1512 Gregorii
1481 1453 1609 1517 Papae
1641 1449 1815 1519 septimi
1864 1467 1981 1508 anno
2013 1465 2094 1501 un*

541 1521 717 1571 decimo
750 1556 764 1581 ,
810 1517 1074 1568 duodecimo
1108 1518 1325 1567 Kalendas
1371 1520 1635 1569 Decembris
1669 1558 1683 1582 ‚
1732 1520 1981 1589 praefidente
2016 1540 2094 1573 εο-

541 1591 645 1642 dem
696 1590 950 1660 Apostolico
996 1588 1214 1638 celebrata
1249 1590 1310 1638 est
1358 1589 1497 1639 tribus
1531 1590 1687 1640 diebus
1735 1595 1783 1640 in
1818 1592 2095 1642 Lateranenfi·

261 1663 444 1712 Basilica
482 1662 684 1731 Synoclus
719 1699 732 1723 ‚
768 1663 815 1709 in
849 1677 939 1727 qua
974 1658 1147 1708 fuerunt
1182 1659 1511 1727 Archiepiscopi
1535 1698 1550 1721 ‚
1585 1660 1828 1728 Episcopi,
1862 1667 1907 1711 &
1941 1660 2094 1710 Abba-

262 1750 328 1782 tes
364 1737 584 1802 Campani
619 1771 633 1794 ‚
683 1737 728 1781 δε
763 1730 820 1778 de
856 1728 1179 1794 Principatibus
1213 1765 1226 1790 ‚
1278 1744 1412 1795 atque
1447 1731 1611 1798 Apulia
1644 1766 1659 1792 ,
1713 1732 1844 1797 pauci
1877 1748 2096 1797 quoque„

263 1805 489 1852 Gallicani
523 1839 535 1850 .
587 1807 709 1851 Nam
748 1800 958 1867 plurimos
993 1800 1173 1845 Henrici
1230 1801 1409 1864 tyranni
1443 1798 1622 1864 perfidia
1657 1802 1742 1849 iter
1777 1798 1906 1848 retro
1928 1812 2097 1850 vertere

264 1875 484 1940 compulit
506 1907 520 1932 ,
556 1874 637 1938 qui
674 1867 918 1918 Ostiensem
954 1865 1218 1933 Episcopum
1252 1865 1309 1916 de
1345 1863 1601 1935 Apostolica
1635 1871 1880 1931 Legatione
1911 1869 2099 1920 redeun-

263 1959 353 1992 tem
390 1978 403 2002 ‚
454 1957 608 1991 contra
646 1939 710 1989 fas
761 1943 804 1987 δε
837 1938 1076 2003 juramenti
1109 1935 1240 1984 fidem
1288 1939 1388 2003 capi
1421 1936 1534 2000 juffit
1568 1937 1655 1986 five
1684 1938 1883 2005 permisit
1918 1941 2099 2001 ‚nTres

263 2031 412 2062 autem
452 2011 655 2078 Synodos
692 2006 1093 2079 Qadragefimales
1130 2003 1317 2070 ejusdem
1352 2008 1538 2055 Henrici
1572 2004 1813 2074 persecutio
1846 2006 2098 2076 impedivit.

266 2086 363 2153 Qi
401 2081 530 2130 semel
566 2086 752 2129 Beatum
790 2078 974 2124 Paulum
1010 2112 1023 2135 ‚
1059 2075 1126 2123 bis
1161 2081 1344 2123 Beatum
1381 2079 1559 2124 Petrum
1596 2075 1809 2139 adgressus
1831 2113 1846 2137 ,
1879 2076 2101 2128 demum...

267 2155 362 2222 post
398 2153 584 2199 multum
623 2147 701 2196 fusi
735 2146 953 2208 sanguinis
986 2181 1001 2205 ,
1037 2162 1127 2194 non
1162 2160 1255 2194 tam
1289 2143 1461 2194 suorum
1499 2144 1758 2196 fortitudine
1790 2184 1804 2208 ‚
1853 2145 1990 2215 quam
2024 2166 2100 2199 ne·-

268 2223 481 2287 gligentia
515 2221 676 2269 civium
713 2253 742 2278 ,Ι
777 2216 938 2284 portici
973 2233 1120 2264 muros
1153 2213 1355 2283 surripuit
1392 2252 1404 2263 .
1453 2220 1708 2266 Romanum
1756 2215 1967 2284 siquidem
2002 2219 2101 2270 vul-

269 2311 347 2358 gus
382 2330 395 2353 ‚
433 2310 529 2360 pars
564 2288 773 2340 videlicet
808 2285 1022 2354 copiosior
1057 2287 1255 2335 civitatis
1289 2322 1303 2346 ‚
1340 2286 1506 2338 biennii
1542 2286 1660 2335 bello
1694 2286 1927 2350 fatigatum
1955 2325 1969 2350 ‚
2006 2291 2099 2337 acri

270 2364 420 2414 inedia
454 2359 683 2411 laborabat
720 2377 732 2406 ι
772 2356 890 2406 Cum
928 2374 1008 2405 nec
1043 2355 1144 2423 ipsis
1179 2355 1236 2404 ad
1271 2358 1413 2405 vicina
1447 2355 1610 2425 oppida
1645 2393 1660 2417 ,
1704 2358 1777 2408 vel
1812 2357 1948 2407 castra
1981 2360 2102 2410 exire

271 2439 421 2484 liceret
455 2469 468 2493 ‚
518 2448 597 2479 nec
634 2430 700 2477 illi
748 2429 880 2492 jurati
927 2429 1124 2476 Henrico
1169 2425 1320 2474 urbem
1355 2428 1519 2476 vellent
1567 2429 1841 2489 negotiatum
1875 2430 2062 2482 venire..
2084 2464 2099 2477 .

273 2508 405 2555 Multi
443 2517 622 2570 quoque
672 2497 786 2547 fame
831 2495 974 2546 abacti
1009 2495 1157 2545 urbem
1198 2497 1470 2562 reliquerant
1504 2533 1517 2544 .
1567 2496 1755 2546 Proinde
1805 2499 1948 2547 caeteri
1983 2498 2101 2548 bello

273 2574 478 2626 remissius
513 2572 675 2621 attenti
710 2585 800 2618 rem
835 2585 889 2616 ex
921 2567 1070 2615 animo
1105 2564 1247 2614 minus
1280 2565 1488 2628 gerebant
1519 2602 1535 2626 ,
1571 2570 1614 2615 &
1648 2565 1676 2616 ὲ
1710 2566 1917 2617 custodiis
1949 2605 1965 2629 ,
1999 2585 2101 2635 pro-

277 2665 325 2697 ut
359 2649 520 2712 cuique
556 2640 744 2699 licebat,
780 2637 867 2687 fine
904 2639 1064 2685 timore
1099 2636 1389 2700 negligentias
1424 2636 1643 2685 abierant.
1680 2640 1788 2687 Haec
1823 2637 1944 2706 super
1977 2642 2101 2686 Hen-

279 2721 357 2767 rici
393 2710 627 2784 tyrannide
661 2748 675 2771 ,
695 2710 817 2777 ‘quia
852 2706 893 2756 sc
927 2705 1098 2756 occasio
1130 2706 1313 2775 praebuit
1346 2743 1361 2769 ‚
1397 2704 1689 2775 praestrinxiffe
1724 2707 1908 2758 sufficiat
1941 2743 1954 2756 .
2001 2712 2102 2757 Cae-

281 2788 423 2836 terum
477 2785 699 2832 Dominus
747 2777 1029 2847 Apostolicus
1077 2779 1125 2831 in
1169 2776 1322 2828 eadem
1371 2777 1553 2847 Synodo
1601 2776 1658 2827 de
1693 2777 1797 2829 fidei
1832 2778 1971 2828 forma
2002 2814 2016 2838 ,
2053 2783 2101 2827 &c

284 2856 537 2906 Christianae
572 2851 794 2914 religionis
826 2846 1153 2897 conversatione
1184 2882 1200 2908 ³
1246 2846 1317 2898 sed
1352 2852 1395 2898 &
1441 2848 1497 2898 de
1531 2847 1686 2898 robore
1733 2850 1956 2915 animique
1992 2865 2102 2897 cou-

286 2928 443 2977 stantia
491 2922 547 2971 ad
595 2919 846 2989 praesentem
894 2915 1125 2986 preffuram
1177 2917 1407 2968 necessaria
1439 2956 1454 2981 ,
1498 2935 1574 2966 ore
1620 2936 1708 2967 non
1754 2920 1944 2968 humano
1979 2954 1992 2978 ,
2028 2915 2103 2967 sed

289 2997 504 3060 Angelico
539 3007 739 3060 patenter
775 2985 1025 3049 edisserens,
1059 2988 1133 3038 die
1167 2993 1293 3040 tertia
1327 2997 1473 3039 totum
1509 2987 1596 3038 fere
1631 2995 1912 3038 Conventum
1947 2990 1994 3036 in
2029 3005 2104 3052 ge-

241 3062 243 3065 ’
289 3069 421 3116 mirus
470 3068 514 3113 &
548 3064 763 3130 lacrymas
809 3061 1023 3127 compulit
1058 3096 1071 3108 .
1118 3061 1274 3126 Sicque
1319 3060 1571 3111 Concilium
1625 3059 1878 3128 Apostolica
1925 3056 2104 3110 benedi-

288 3142 431 3188 &ione
466 3132 732 3184 laetificatum
773 3132 823 3179 -in
859 3147 966 3198 pace
1000 3128 1192 3179 dimisit.
1409 3143 1418 3152 ·

1894 3345 2035 3389 Scuo-
