2372 3756
370 115 462 157 192
863 96 1198 143 Dtssuiz

295 185 342 216 Ee
349 181 376 225 fi
378 183 507 227 sciverit
512 190 622 225 panem
630 206 641 223 ,
666 194 724 216 non
733 183 817 216 illum
825 184 919 216 credit
928 183 978 226 effe
988 187 1041 224 qui
1051 183 1169 214 elicitum

295 234 350 269 Ex
373 246 440 278 quo
461 233 551 267 vides
563 231 763 266 Tertulliani
787 242 934 276 tempore
958 231 1171 265 domesticam

297 284 569 320 communionem
578 283 671 317 fuiffe
683 283 911 326 quotidianam
922 305 933 322 ,
957 282 1075 317 fastam
1095 283 1113 314 ὲ
1130 280 1172 323 ie-

297 334 404 379 iunis,
428 334 462 368 &
473 334 508 368 in
519 333 588 367 sola
607 333 711 376 specie
724 333 815 377 panis
826 355 836 363 .
862 331 966 364 Porto
977 328 1172 364 Theodore-

298 394 350 419 tus
361 381 468 418 lucide
479 382 646 427 profitetur
658 381 871 426 pleniffimam
891 379 1103 414 Eucharistiae
1123 390 1174 412 ve-

298 435 428 469 ritatem
448 459 456 467 .
484 433 615 468 Etenim
636 432 855 467 Dominicum
875 440 990 472 corpus
1014 439 1082 462 non
1104 438 1172 461 tan-

298 484 369 519 tum
383 484 418 518 in
431 494 561 527 paterna
573 483 706 516 dextera
716 505 728 521 ‚
754 481 806 514 sed
818 481 918 514 etiam
930 480 964 512 in
976 477 1174 515 Eucharisti-

298 534 345 569 cis
358 533 514 578 symbolis
524 533 662 568 affirmat
675 530 818 575 intelligi
832 554 843 570 ,
869 530 975 570 credi,
987 538 1085 571 atque
1097 527 1174 564 ado-

297 584 383 619 rari:
411 584 502 630 Qia
528 581 647 624 nempe
671 580 716 613 est
738 590 854 622 corpus
866 579 1008 612 Domini
1029 587 1173 616 naturae,

297 635 354 669 feu
380 634 397 667 ὲ
418 644 539 667 naturae
556 630 709 665 Domino
728 630 925 673 assumptum
949 629 982 661 in
1012 627 1173 669 propriam

295 682 529 727 Hypostafim.
558 680 738 715 Laudatam
762 680 802 714 de
821 678 937 712 visibili
963 689 999 711 ac
1018 675 1173 710 invisibili

296 733 441 770 Domini
461 742 597 776 corpore
616 730 762 775 regulam
784 728 854 763 vult
865 727 971 772 quoad
984 726 1096 761 omnia
1108 737 1175 761 am—

296 784 406 819 bulare
417 782 535 818 eisdem
546 781 683 826 pambus
692 805 699 812 .

348 833 475 869 Verum
485 833 611 867 videtur
621 830 737 864 docere
746 828 790 862 im
796 827 1007 870 patrationem
1018 852 1024 859 .
1047 827 1117 861 Hic
1128 825 1173 861 est

297 885 475 930 praecipuus
496 883 577 926 lapis
599 878 789 915 offenfionis
807 902 815 909 .
858 877 947 911 Nam
972 878 1007 911 &
1028 877 1119 921 supra
1138 878 1172 910 in

298 935 400 979 priori
420 932 554 976 dialogo
580 930 668 964 dixit
694 942 704 960 e
730 932 802 960 Non
827 937 967 961 naturam
987 925 1174 970 simbolorum

299 986 441 1017 Dominus
451 990 549 1015 mutat
561 1004 572 1020 ‚
595 978 653 1022 sed
660 987 777 1011 naturae
786 984 921 1021 gratiam
933 978 1021 1011 addit
1029 1002 1037 1008 .
1064 977 1173 1021 Pergit

297 1033 378 1066 vero
390 1032 445 1066 hic
458 1029 620 1065 Eranistes
633 1042 644 1062 .-
671 1034 763 1070 Atqui
769 1026 924 1070 symbolum
935 1026 1075 1067 mysticum
1094 1033 1175 1069 prlo-

299 1091 472 1118 remmutar
482 1080 727 1123 appellationem.
755 1082 828 1111 Non
838 1082 917 1111 enim
938 1079 1067 1120 amplius
1087 1082 1176 1110 nomi-

298 1142 391 1167 natur
402 1133 481 1176 quod
486 1130 573 1174 priris
595 1129 757 1163 vocabatur
766 1152 777 1168 ,
800 1124 857 1170 sed
865 1129 1034 1169 appellatur
1053 1136 1154 1169 corpus
1166 1151 1173 1158 .

300 1188 424 1226 oportet
434 1185 501 1226 erg&
513 1186 604 1216 etiam
615 1185 774 1213 veritatem
799 1181 916 1217 Deum,
943 1179 976 1211 (5
994 1189 1052 1210 non
1074 1186 1174 1219 corpus

300 1239 421 1267 vocari.
449 1231 560 1276 Pergit
584 1240 700 1274 urgere
722 1227 964 1262 substantialem
982 1226 1176 1261 Eucharisti-

301 1294 418 1318 corum
425 1283 662 1318 elementorum
681 1278 927 1312 conversionem
940 1301 949 1317 ‚
976 1288 1074 1320 atque
1085 1278 1175 1310 exin-

301 1333 344 1368 de
362 1331 531 1368 concludit
553 1331 651 1365 etiam
675 1327 895 1362 Dominicum
915 1338 1032 1370 corpus
1045 1326 1177 1360 transiis-

300 1386 335 1418 se
359 1387 393 1418 in
419 1384 587 1418 veritatem
608 1381 737 1414 Deum.
764 1376 808 1409 Et
826 1373 1045 1410 orthodoxus
1067 1376 1175 1410 denuo

302 1434 468 1476 reposuit:
494 1436 635 1475 Ignorare
645 1427 860 1461 mihlvideris.
890 1430 963 1458 Non
982 1432 1062 1459 enim
1071 1435 1174 1467 corpus

298 1483 394 1528 filum
406 1506 418 1524 ,
439 1481 497 1525 sed
505 1486 596 1514 etlam
605 1484 697 1520 panis
709 1483 784 1510 vltae
796 1482 965 1508 nominatur
974 1500 982 1507 .
1009 1478 1058 1508 Ιτᾶ
1077 1478 1174 1509 Domi·

301 1546 358 1568 nus
374 1531 436 1576 lpse
447 1531 617 1573 appellavit
626 1553 633 1560 .
662 1530 692 1560 E
695 1536 707 1559 t
721 1534 821 1568 corpus
832 1528 920 1567 porr&
941 1523 1035 1567 ipsum
1045 1526 1177 1568 appella-

299 1596 366 1618 mus
378 1587 526 1615 Divinum
536 1588 639 1621 corpus
652 1601 663 1618 ‚
690 1578 724 1611 er
734 1575 885 1618 vivificum
896 1600 908 1616 ,
932 1576 966 1608 (9·
980 1577 1174 1616 Dominicum,

299 1636 435 1668 docentes
452 1642 509 1665 non
531 1639 675 1664 commune
696 1625 820 1659 hominis
846 1623 1006 1667 cujuspiam
1027 1626 1097 1669 effe,
1118 1625 1187 1668 sed

299 1687 419 1717 Domini
431 1680 517 1718 nostri
542 1679 644 1722 JESU
658 1676 788 1717 christi,
813 1681 865 1718 qut·
875 1672 1002 1715 Deusest
1028 1674 1154 1709 &bomo
1167 1699 1174 1707 .

301 1735 457 1767 Affirmat
467 1728 535 1763 duo
546 1729 608 1762 effe
624 1729 655 1761 in
673 1725 870 1759 Eucharistia
885 1737 893 1756 ε
921 1724 964 1757 Et
977 1735 1094 1767 panem
1106 1749 1116 1765 ,
1142 1726 1175 1759 ὅ(

290 1782 442 1820 Domini
463 1790 580 1822 corpus
601 1800 608 1810 .
637 1776 719 1810 Non
741 1776 1014 1818 qualemcumque
1034 1786 1174 1817 panem,

299 1833 355 1868 sed
367 1841 484 1876 panem
496 1830 567 1863 vitae
578 1853 585 1860 .
614 1826 657 1861 Et
669 1836 786 1868 corpus
798 1849 808 1864 ,
834 1824 923 1867 quod
951 1824 997 1857 ibi
1020 1824 1065 1857 est
1077 1848 1087 1864 ,
1113 1827 1175 1858 esse

300 1894 413 1917 verum
424 1890 542 1924 corpus
555 1903 566 1919 ,
590 1877 737 1918 adeoque
747 1875 853 1909 &tale
863 1875 925 1910 effe
937 1875 971 1907 in
985 1874 1089 1908 Patris
1100 1874 1174 1909 dex·

300 1945 366 1967 tera
380 1958 387 1965 .
414 1932 539 1974 Utique
550 1939 591 1963 ex
603 1926 732 1962 laudata
744 1925 808 1968 jam
821 1925 943 1969 regula.
970 1922 1076 1958 Addit
1089 1934 1175 1958 ntro-

296 1983 396 2027 bique
415 1982 477 2015 esse
496 1989 612 2023 corpus
634 1987 701 2012 non
716 1974 904 2009 communis
924 1972 1070 2008 hominis
1085 1998 1096 2014 ‚
1122 1974 1174 2008 sed

296 2032 516 2069 Dominicum
529 2039 627 2072 atque
638 2024 814 2061 vivificum.
840 2024 1005 2066 Loquitur
1014 2035 1087 2057 cum
1101 2025 1175 2058 San·

296 2085 350 2118 ἂο
375 2081 529 2123 cyrillo,
554 2087 650 2121 atque
671 2074 784 2110 evertit
809 2073 998 2108 Nestorium
1015 2098 1023 2105 .
1050 2073 1175 2107 Verum

296 2133 426 2168 videtur
448 2130 581 2163 asserere
604 2124 838 2160 remanentiam
861 2123 954 2166 panis
971 2146 983 2163 ,
1009 2131 1105 2168 atque
1129 2123 1176 2156 ita

297 2181 553 2226 impanationem
566 2175 683 2210 docere
695 2200 704 2208 .
895 2190 899 2194 -

349 2231 476 2266 Eodem
487 2226 589 2262 modo
602 2227 748 2268 loquitur
759 2223 792 2258 in
806 2224 931 2258 famoso
948 2221 1099 2257 adversus
1112 2222 1175 2256 Eu-

299 2281 466 2327 tychetem
492 2290 529 2311 ac
552 2276 741 2310 Nestorium
762 2274 876 2308 libello
897 2274 1007 2307 nescio
1027 2274 1100 2313 quis
1113 2273 1177 2306 Ge-

300 2333 414 2366 lafius.
440 2329 553 2367 Dico,
581 2324 688 2369 Nescio
707 2331 791 2368 quis.
822 2323 891 2357 Alii
915 2322 1004 2357 enim
1022 2322 1176 2356 Sanstum

300 2383 425 2425 Papam
437 2378 599 2412 Gelasium
611 2401 622 2416 ,
648 2375 704 2408 alii
719 2374 834 2407 volunt
855 2374 917 2407 effe
928 2373 1089 2407 Gelafium
1108 2371 1177 2406 Cae-

300 2431 475 2466 satcensem
498 2428 531 2461 in
559 2425 720 2468 palestina
742 2423 940 2466 Episcopum
962 2445 977 2461 ,
999 2432 1055 2456 aut
1079 2432 1195 2469 quem·

305 2580 458 2616 adversus
470 2586 612 2611 recentem
621 2576 657 2609 de
668 2579 831 2607 Dominicae
848 2577 1068 2605 lncarnatioms
1081 2573 1182 2606 sacra-

308 2638 404 2665 mento
427 2629 665 2662 altercauonem.
690 2624 810 2660 Multis
835 2623 1036 2667 argumentis
1049 2621 1184 2655 demon-

308 2681 383 2714 strat
404 2682 437 2714 in
450 2678 603 2713 Domino
627 2678 748 2717 semper
765 2675 786 2708 ὸ,
798 2672 1035 2716 Conceptionis
1047 2670 1184 2705 exordio

309 2730 422 2768 fuiffe,
446 2728 590 2762 mansisse
601 2725 670 2770 post
687 2724 865 2770 gloriosam
882 2722 1163 2756 Resurrectionem
1174 2744 1184 2760 ,

312 2780 391 2814 &in
411 2788 576 2822 perpetuas
585 2777 780 2808 aeternitates
791 2774 974 2808 mansuram
993 2783 1098 2806 veram
1121 2781 1185 2804 cat-

313 2840 390 2863 nem
418 2851 428 2867 ‚
451 2837 547 2870 atque
572 2824 774 2869 prosequitur
801 2837 812 2856 ι
855 2826 950 2856 Certa
973 2825 1184 2859 sacramenta,

316 2883 382 2922 'quae
397 2876 542 2921 sumimus
563 2899 574 2915 ‚
600 2880 727 2915 corporis
754 2870 955 2915 &sanguinis
976 2871 1105 2912 christi,
1134 2874 1186 2903 Di-

316 2935 392 2962 vlna
411 2937 463 2959 res
482 2925 519 2966 est
531 2949 538 2957 .
566 2927 691 2966 Propter
714 2924 793 2965 quod
817 2924 850 2956 (15
865 2931 921 2964 per
932 2924 1036 2956 eadem
1055 2922 1187 2964 efficimur

318 2983 444 3012 Divinae
453 2974 596 3018 consortes
610 2982 744 3006 naturae.
772 2975 818 3005 Et
830 2981 930 3004 tamen
951 2972 1000 3014 effe
1010 2983 1067 3004 non
1086 2969 1187 3012 desinit

314 3027 481 3072 substantia
506 3026 557 3058 vel
567 3033 676 3056 natura
690 3027 779 3063 panis
808 3023 918 3054 &vini
930 3046 937 3053 .
964 3024 1009 3055 Et
1021 3023 1095 3054 certe*
1115 3027 1186 3053 ima·

313 3090 350 3122 go
383 3089 417 3110 ac
436 3075 594 3117 similitudo
613 3077 739 3114 corporis
781 3073 815 3105 (5
836 3069 993 3114 sanguinis
1019 3070 1129 3111 Christ}
1155 3075 1185 3102 ln

318 3127 428 3160 afflone
438 3125 625 3165 mysteriorum
636 3121 818 3155 celebrantur
830 3145 836 3152 .
864 3122 883 3153 5
884 3127 945 3154 atis
955 3125 1021 3165 erg&
1033 3120 1114 3154 nobis
1124 3125 1184 3154 evi-

319 3178 422 3209 denter
444 3175 624 3216 ostenditur,
651 3171 700 3205 boc
720 3171 802 3204 nobis
823 3174 855 3203 in
870 3169 929 3213 ipfh
940 3170 1054 3211 Christo
1063 3174 1186 3202 Domino

316 3224 525 3269 sentiendum,
550 3225 629 3266 quod
653 3228 686 3255 in
704 3222 767 3262 ejus
793 3227 921 3264 imagine
930 3221 1120 3262 profitemur,
1144 3229 1187 3252 ce-

1232 106 1506 144 TAJI'O

1236 188 1355 213 natura
1368 203 1379 218 ‚
1400 178 1441 221 fic
1451 181 1530 214 lllud
1537 180 1634 224 ipsum
1642 176 1802 223 &sterium
1813 190 2003 230 principale,
2031 193 2116 232 cujus

1237 228 1318 262 nobis
1342 229 1545 270 efficientiam,
1572 237 1772 276 vitatumque
1798 243 1942 271 veraciter
1956 240 2118 284 repraesen-

1236 287 1284 312 tat
1305 302 1313 309 .
1349 281 1404 311 Ex
1428 280 1539 321 qulbus
1561 281 1674 319 constat
1698 286 1816 325 proprie*
1848 289 2117 332 permanentibus,

1235 339 1325 360 unum
1338 327 1508 369 christum,
1533 336 1605 372 quia
1627 337 1775 376 integrum
1796 346 1976 378 verumque,
1999 347 2118 380 perma-

1237 388 1306 410 nere
1328 379 1542 419 demonstrant.
1570 379 1682 415 Palam
1704 383 1850 427 loquitur
1870 395 1912 420 ex
1923 386 2115 424 Theodore-

1237 437 1292 461 to.
1321 426 1538 464 Profiteturin
1555 431 1754 468 Eucharistia
1778 434 1810 468 &
1823 437 1960 480 figuram
1985 439 2020 472 δε
2040 439 2116 473 veri-

1237 487 1337 512 tatem
1352 499 1360 510 .
1386 478 1430 512 Et
1454 480 1522 522 quo
1536 480 1707 517 Eranisten
1719 509 1729 523 ,
1757 487 1915 520 conversa»,
1939 488 2116 522 &evacua-

1238 537 1276 560 tae
1295 526 1511 563 humanitatis
1529 533 1711 567 assertorem
1733 546 1874 575 evertat,
1901 538 2038 572 affirmat
2052 538 2117 573 Eu-

1238 574 1405 611 charistica
1417 579 1579 614 elementa
1590 593 1657 616 non
1670 585 1818 619 evacuari
1831 596 1886 630 per
1898 589 2116 624 consecratio-

1239 638 1315 661 nem
1324 653 1334 668 ,
1365 627 1416 661 sed
1441 629 1566 673 integra
1576 642 1770 674 ‘permanere
1781 659 1790 667 .

1288 678 1487 721 Respondet>
1502 678 1569 713 haec
1581 681 1768 718 testimonia
1781 697 1849 720 non
1860 696 1966 721 carere
1978 687 2117 723 difficul-

1238 736 1323 761 tate.
1350 728 1485 762 Etenim
1509 729 1564 764 hic
1591 732 1737 767 Gelafius
1749 735 1880 771 videtur
1890 739 1953 772 effe
1978 737 2036 774 ille
2049 739 2116 782 ipse

1239 777 1385 812 Gelafius
1410 778 1623 822 Cyzicenus,
1649 784 1706 828 qui
1726 785 1852 819 Nicaeni
1865 788 2011 822 Concilii
2031 789 2116 824 Asta

1238 829 1349 872 coegit
1360 829 1394 862 in
1407 830 1640 873 compendium
1652 857 1663 873 ‚
1688 834 1722 867 ἀ
1734 834 1776 868 ab
1786 836 1856 879 ipso
1874 838 2010 872 affirmat
2031 850 2117 875 ema-

1239 879 1327 913 nasse
1349 879 1448 912 etiam
1460 878 1524 914 hoc
1536 882 1713 918 Decretum
1725 898 1735 918 :
1763 887 1874 919 Iterum
1889 894 1984 921 etiam
2008 888 2057 921 bic
2081 896 2114 924 in

1241 931 1359 961 Divina
1377 927 1481 972 mensa
1499 941 1537 963 ne
1547 930 1699 967 humiliter
1709 939 1818 968 intenti
1831 936 1924 978 simus
1937 939 2114 981 adpropofi-

1238 987 1303 1010 tum
1319 986 1433 1019 panem
1457 990 1492 1012 ac
1509 981 1642 1021 poculum
1661 1007 1672 1023 ‚
1694 982 1755 1026 sed
1774 987 1939 1020 attollentes
1964 999 2115 1030 mentM,

1236 1028 1300 1070 fide
1316 1030 1515 1071 intelligamus
1535 1030 1655 1071 pofitum
1674 1031 1802 1075 infacta
1817 1036 1871 1069 illa
1888 1036 1988 1080 mensa
1998 1044 2114 1083 Agnum

1240 1079 1321 1111 illum
1343 1081 1401 1111 Dei
1413 1101 1423 1117 ,
1448 1079 1596 1112 tollentem
1610 1088 1736 1122 peccata
1756 1087 1860 1118 mundi
1882 1109 1893 1126 ‚
1917 1091 2069 1123 incruente*
2091 1091 2113 1122 ἆ

1240 1127 1442 1160 sacerdotibus
1452 1131 1633 1163 immolatum
1642 1155 1650 1164 .
1678 1135 1710 1164 E
1711 1141 1725 1165 t
1731 1133 1890 1177 pretiosum
1899 1135 1986 1177 lpfius
2008 1148 2113 1181 corpus

1220 1188 1222 1192 ’
1241 1176 1459 1221 &sanguinem
1483 1181 1555 1213 vere*
1563 1179 1737 1223 sumentes,
1763 1185 1879 1218 credere
1897 1184 1962 1219 haec
1986 1189 2038 1231 effe
2062 1200 2114 1221 no·

1234 1226 1304 1266 strae
1314 1225 1540 1269 Resurrec‘lionis
1546 1228 1672 1271 simbola
1682 1256 1690 1264 .
1718 1234 1843 1275 Propter
1852 1234 1904 1268 boc
1921 1242 2000 1269 enlm
2021 1248 2114 1281 neque

1242 1277 1363 1309 multum
1375 1281 1530 1318 accipimus
1542 1303 1552 1318 ,
1574 1278 1631 1322 sed
1635 1289 1770 1322 parum:
1798 1288 1836 1318 Ut
1852 1283 2006 1327 sciamus,
2031 1288 2115 1330 quad

1242 1337 1296 1359 non
1301 1324 1442 1368 falletur}
1453 1350 1464 1366 ,
1471 1325 1529 1369 sed
1534 1326 1740 1370 sam‘llmonlae
1747 1330 1889 1375 ficmimus
1900 1358 1908 1366 .
1937 1337 1992 1369 An
2003 1337 2114 1371 decre·

1241 1387 1311 1410 turn
1334 1375 1398 1410 hoc
1410 1376 1448 1411 fit
1461 1376 1634 1413 Nicaenum
1643 1402 1657 1418 ‚
1681 1379 1728 1414 est
1739 1392 1859 1426 magna
1869 1384 2006 1426 quaestio
2015 1398 2026 1418 :
2054 1386 2111 1420 Est

1240 1437 1348 1460 tamen
1370 1426 1564 1468 antiquum,
1590 1429 1624 1463 ὅ(
1645 1429 1813 1466 Graecum.
1840 1431 2050 1469 Eucharistiae
2060 1447 2112 1470 ve-

1240 1476 1367 1510 ritatem
1387 1477 1556 1512 manifeste
1567 1479 1754 1522 profitetur,
1779 1493 1909 1527 unaque
1931 1483 2043 1519 laudat
2055 1498 2114 1519 an-

1240 1527 1364 1570 tiquam
1383 1527 1657 1562 consuetudinem
1677 1553 1688 1570 ‚
1714 1541 1786 1572 quae
1806 1533 1929 1575 populo
1953 1545 2020 1567 non
2047 1545 2115 1570 ma·

1216 1612 1219 1615 v
1239 1586 1338 1620 gnam
1352 1586 1474 1620 partem
1486 1577 1713 1624 impartiebat,
1737 1578 1790 1615 sed
1802 1581 1966 1617 modicam
1986 1584 2113 1620 Eucha-

1239 1625 1332 1659 ristiae
1355 1627 1583 1670 margaritam.
1609 1629 1653 1662 Et
1678 1630 1721 1663 ita
1733 1631 1801 1665 fieri
1823 1632 1962 1668 affirmat
1986 1634 2027 1668 ad
2054 1635 2113 1669 im·

1239 1675 1448 1718 plantandam
1475 1677 1598 1720 populo
1621 1679 1749 1713 firmam
1775 1680 1875 1716 fidem
1894 1681 1936 1717 de
1958 1684 2110 1719 veritate.

1239 1726 1282 1759 Et
1295 1736 1419 1759 morem
1432 1724 1584 1761 hodierni
1600 1728 1703 1763 Graeci
1714 1730 1897 1766 etiamnum
1908 1733 2113 1768 custodiunt.
2127 1745 2130 1746 ⁷

1238 1774 1340 1809 Porro
1361 1775 1408 1809 uti
1422 1774 1656 1812 Theodoretus
1675 1780 1709 1813 in
1724 1780 1962 1824 Antiocheno,
1990 1783 2034 1817 ita
2046 1784 2114 1818 Ge·

1239 1826 1330 1859 lafius
1342 1824 1452 1859 floruit
1479 1826 1512 1860 &
1525 1826 1641 1862 docuit
1660 1828 1694 1862 in
1708 1828 1935 1866 Patriarchatu
1955 1831 2113 1868 Hieroso*

1241 1876 1401 1919 lymitano
1421 1899 1429 1908 .
1458 1875 1501 1909 Et
1526 1876 1615 1921 quod
1641 1879 1675 1911 in
1698 1877 1762 1913 hoc
1789 1880 1922 1915 sanstus
1941 1883 2112 1926 Cyrinus,

1238 1927 1292 1969 qui
1307 1926 1429 1970 primus
1438 1936 1513 1959 cum
1527 1926 1652 1962 Acacio
1663 1927 1772 1963 Lusco
1782 1931 1881 1972 coepit
1891 1931 1933 1964 de
1943 1933 2114 1976 Metropo-

1240 1976 1332 2017 litico
1345 1976 1412 2019 jure
1421 1976 1620 2012 contendere
1629 2002 1640 2018 ,
1667 1979 1701 2012 ὃ(
1714 1980 1819 2013 Sansti
1832 1980 1943 2023 Jacobi
1955 1981 2111 2025 Apostoli

1240 2025 1438 2061 Cathedram
1460 2027 1623 2067 exaltare,
1650 2026 1950 2064 Eucharisticorum
1971 2032 2113 2067 elemen-

1239 2086 1350 2109 torum
1374 2075 1616 2110 substantialem
1637 2076 1829 2112 delitionem
1854 2089 1952 2124 atque
1976 2092 2113 2116 conver·

1240 2126 1362 2159 {ionem
1374 2124 1543 2165 docuerit,
1569 2124 1699 2160 abunde
1723 2138 1761 2161 ac
1770 2127 1880 2163 lucide
1900 2129 1946 2164 est
1956 2130 2048 2175 supra
2057 2131 2114 2166 de-

1239 2174 1455 2209 monstratum
1465 2200 1473 2208 .
1501 2174 1613 2210 Palam
1624 2177 1792 2219 profitetur
1800 2179 1983 2215 consecrata
1994 2192 2124 2224 panem·

1239 2226 1273 2260 ὅ(
1296 2224 1413 2258 vinum
1435 2235 1502 2258 non
1529 2226 1592 2259 effe
1614 2226 1755 2268 amplius
1774 2239 1890 2269 panem
1916 2229 1951 2262 ἀ
1977 2230 2114 2271 vinum,

1240 2274 1292 2309 sed
1316 2274 1400 2308 solas
1425 2275 1566 2316 ipsorum
1590 2274 1706 2317 species
1731 2300 1738 2306 .
1764 2277 1870 2323 Qdd
1898 2278 1983 2313 istud
2009 2279 2114 2323 ipsum

1241 2325 1372 2359 Sanetus
1397 2323 1537 2366 Joannes
1558 2322 1811 2367 Chrysostomus
1833 2326 1982 2363 docuerit
1994 2330 2030 2362 in
2043 2329 2113 2364 Am

1240 2372 1393 2408 tiochena
1405 2373 1607 2416 Metropoli,
1632 2373 1740 2408 statim
1754 2376 1901 2418 patefiet.
1928 2377 2117 2425 Qomodo

1242 2423 1341 2469 igitur
1362 2420 1618 2464 Theodoram,
1643 2425 1678 2458 in
1700 2423 1911 2461 Patriarchali
1933 2426 2118 2471 Metropoli

1242 2473 1352 2518 paffim
1375 2473 1544 2516 praedicare
1555 2473 1750 2515 consuetu5‚
1777 2486 1832 2511 aut
1851 2477 1886 2510 in
1901 2477 2013 2512 eadem
2024 2478 2118 2513 Dioe-

1241 2524 1302 2557 cesi
1326 2522 1541 2566 Metropolita
1555 2523 1702 2558 Gelafius
1719 2525 1807 2559 aliud
1819 2526 2000 2562 docuissent
2011 2528 2029 2560 3
2053 2529 2116 2563 Uti

1243 2582 1372 2616 propter
1381 2571 1542 2607 adstantes
1554 2573 1700 2608 infideles
1710 2585 1795 2609 unus
1815 2574 1950 2611 obscure
1970 2589 2009 2612 ae
2018 2578 2115 2621 aenig-

1246 2623 1361 2657 matie&
1376 2648 1388 2664 ,
1412 2623 1457 2657 ita
1470 2623 1684 2667 Berengarius
1708 2636 1747 2659 ac
1756 2623 1953 2662 Lutheranis
1973 2626 2116 2662 necdum

1247 2685 1303 2716 pro
1326 2673 1550 2716 impanatione
1563 2674 1767 2718 litigantibus
1788 2685 1919 2719 uterque
1943 2674 2116 2711 adversum

1248 2722 1513 2766 Eutychianistas
1536 2723 1579 2757 est
1593 2724 1691 2757 libere
1713 2724 1861 2758 locutus.
1888 2725 1951 2760 Per
1961 2727 2054 2769 panis
2064 2723 2117 2760 na'·

1246 2785 1349 2807 turam
1361 2773 1521 2808 intellexit
1534 2784 1600 2808 non
1614 2774 1766 2808 intimam
1793 2785 1830 2808 ac
1841 2773 2035 2810 invisibilem
2045 2776 2121 2810 sub-

1247 2824 1414 2863 stantiam,
1443 2823 1495 2857 sed
1509 2823 1609 2857 solam
1624 2822 1777 2856 vifibilem
1787 2825 1954 2859 essentiam
1966 2825 2116 2861 acciden-

1245 2874 1349 2907 tium.
1379 2873 1509 2907 Graecus
1537 2872 1655 2907 Gelafii
1680 2882 1788 2907 textus
1811 2874 1906 2917 periit
1931 2885 1989 2909 aut
2014 2876 2116 2918 latet,

1246 2923 1479 2958 Theodoretus
1500 2934 1608 2957 autem
1628 2923 1732 2957 utitur
1753 2934 1822 2957 non
1842 2934 1923 2958 voce
1934 2923 2090 2968 Hypostafis
2102 2949 2116 2966 ,

1247 2974 1297 3008 sed
1310 2985 1391 3007 voce
1401 2971 1463 3014 Usta
1474 2997 1481 3004 .
1508 2973 1553 3008 Et
1562 2971 1628 3007 haec
1639 2973 1802 3017 utriusque
1812 2973 1902 3008 istius
1913 2974 1961 3008 rei
1977 2975 2117 3011 :flentis

1246 3024 1290 3060 est
1314 3023 1517 3059 communis.

1520 3122 1525 3164 l

1444 3171 1519 3243 ᾗ
1847 3174 1930 3245 iffi}

322 3274 486 3314 lebramus,
510 3275 544 3307 (εἰ
559 3272 726 3316 sumimus:
753 3275 791 3304 Ut
809 3269 883 3311 ficut
904 3276 936 3302 in
961 3270 1056 3310 hanc,
1077 3267 1186 3311 scilicet
1226 3280 1230 3285 ¹
1278 3305 1280 3313 ‚

322 3330 355 3357 in
377 3327 523 3355 Diuinam
540 3321 693 3365 transeunt
707 3345 718 3361 ,
743 3320 849 3354 sanna
871 3323 983 3362 spiriru
1000 3319 1165 3362 perficiente
1176 3342 1186 3358 ‚

301 2483 404 2516 alium
417 2480 585 2512 Graecum.
612 2474 838 2522 Qisquisfit,
865 2472 911 2506 est
935 2472 1077 2515 Scriptor
1098 2471 1180 2504 anti-

304 2541 386 2577 quus
411 2525 678 2564 &orthodoxum
708 2523 983 2558 profiteturenim
1005 2523 1037 2556 se
1048 2521 1181 2555 scribere

319 3371 535 3420 substantiam,
556 3380 747 3414 permanente
767 3378 870 3407 tamen
890 3376 922 3405 in
938 2458 1209 3455 suappraei

1902 3421 2075 3459 CAPUT
