2352 3756
336 115 443 163 414

278 183 474 224 Maledifflo
489 180 696 226 Episcopalis
711 178 862 215 vistorias
874 178 1030 224 impedit.
1058 180 1174 229 258-1·
1222 192 1224 195 ·

276 233 468 274 Maledissio
483 232 699 267 Sacer-dotalis
714 230 814 281 longe
825 232 1171 284 antiquiffimasz542.

949 96 1459 143 INDEX.

1282 183 1445 217 mittenda
1457 194 1536 239 pace
1547 186 1748 221 excesserunt
1764 197 1859 239 '²70‘
1874 201 1896 223 ι.
1913 194 1985 241 276
2004 202 2037 227 2,
2059 192 2121 228 fi-

1279 232 1440 272 bellorum
1450 234 1556 270 millia
1568 233 1609 267 ab
1620 236 1692 279 iplis
1704 236 1779 272 data
1793 263 1801 271 .
2002 251 2080 291 ²77·
2095 258 2117 278 ι.

323 285 406 327 Ejus
449 283 573 326 species
597 282 643 316 est
666 282 971 321 excommunicatio
989 306 1001 321 ,.
1029 291 1109 327 255.
1141 293 1172 323 ι.
1226 282 1394 328 ,Martyres
1412 284 1606 324 ‘Sacerdotes
1626 284 1748 323 dedisse
1768 288 1863 332 lapfis
1887 287 2118 330 Absolutiona's

323 333 437 368 Potest
458 344 569 368 tamen
588 331 935 376 ,effemaledietiofine
946 331 1171 367 excommuni-

270 434 524 477 Maledidiiones
540 432 676 471 ,diversae
695 432 906 465 Sanctorum.
933 430 1011 465 ibid.
1031 393 1101 466 21ξὲ
1108 393 1169 465 ιῖ-

321 385 456 418 catione
467 410 474 417 .

316 495 416 540 ¹tegre
439 496 530 519 anno
553 482 736 517 saltandum
761 491 816 523 per
838 481 992 537 ‘Sanctum
1011 480 1167 518 Heriber-

317 546 392 622 {ut}
414 534 652 623 Cloloniensem
686 530 990 586 Archiepiscopum
1012 531 1163 575 sublata,

343 595 361 632 ς
390 610 397 617 .
449 611 457 619 .

264 635 462 679 ,Malediffio
486 644 541 675 per
562 632 720 667 Parentes
742 632 861 666 inflicta
879 631 956 669 filiis
982 630 1082 673 habet
1105 642 1164 666 tre·
1208 626 1210 628 ¹

316 684 455 722 mendos
467 680 597 718 effestus
610 707 619 716 .
634 693 713 731 259.
726 694 755 720 2.
778 682 889 726 Hujus
899 684 943 717 rei
956 683 1163 723 variaexem·

315 736 367 779 pla
383 758 390 765 .
683 738 685 740 ’
968 732 1085 772 ibid&
1098 734 1159 776 seq.

264 783 458 820 Maledictio
480 794 535 827 per
554 783 763 827 Superiorem
777 784 901 822 inflista
914 784 1082 828 aequivalet
1096 795 1161 818 ma·

312 834 481 870 ledistioui
497 845 687 877 parentum.
1018 835 1098 871 261·
1133 846 1162 878 1,-

262 884 458 927 Malediffio
481 885 589 919 saneti
611 884 777 926 francisci
792 883 829 928 in
844 884 1020 929 quemdam
1037 883 1162 918 Aristo-

311 934 418 970 telicis
429 934 566 979 argutiis
586 934 759 979 deditum.
1015 934 1095 982 261.
1125 947 1158 972 2.

260 985 458 1028 Maledistio
476 984 572 1028 Laici
592 983 730 1027 subinde
742 994 878 1027 ¹vocatur
891 987 1161 1021 excommunica-

311 1035 376 1070 tio·
389 1034 468 1072 261.
482 1047 512 1072 2.
542 1034 624 1070 Non
636 1045 722 1071 caret
733 1036 834 1070 etiam
850 1038 910 1071 suo
921 1037 1037 1073 effestu
1054 1061 1061 1068 -
1078 1035 1155 1078 ibid.

256 1085 475 1127 maledictio,
500 1096 565 1129 qua
588 1084 754 1131 jurgantes
770 1086 828 1121 fibi
841 1087 986 1121 invicem
1005 1085 1162 1122 malaim-

311 1145 511 1179 precantur,
537 1135 722 1172 horrendos
741 1136 940 1182 quandoque
957 1138 1079 1182 peperit
1089 1138 1163 1172 effe·

307 1188 397 1229 Cius..
498 1185 501 1188 ’
749 1189 753 1193 “
955 1188 958 1191 ’
997 1185 1001 1190 ’
1034 1188 1157 1234 2631.

251 1234 455 1278 Maledistio
474 1236 620 1275 mulieris
644 1237 801 1273 mendicae
813 1237 940 1280 effecit,
966 1247 1002 1279 ut
1018 1237 1157 1279 Mathil·

305 1287 359 1322 dis
371 1287 621 1333 Hollandorum
636 1289 812 1331 Comitiffa
837 1299 888 1324 tot
898 1300 969 1330 uno
983 1300 1074 1337 partu
1087 1300 1159 1333 pro-

305 1338 354 1372 les
374 1338 483 1373 ederet
497 1363 508 1379 ,
533 1350 615 1383 quot
642 1341 716 1374 sunt
738 1339 809 1374 dies
831 1340 865 1378 in
888 1351 998 1374 anno.
1027 1342 1106 1385 262,
1126 1352 1154 1375 1⁴

254 1386 452 1425 Maledistio
466 1389 612 1433 tollenda
626 1390 668 1425 ab
679 1389 800 1430 eodem
813 1391 870 1434 qui
884 1390 1000 1431 intulit
1014 1415 1022 1423 .
1075 1389 1154 1431 ibid.

253 1438 598 1483 Manipulusquando
623 1440 810 1482 successerit
833 1440 987 1483 Fanoni.
1022 1443 1098 1480 106.
1130 1451 1156 1476 1.

305 1488 455 1536 Qando
467 1489 578 1533 Laicis
590 1489 772 1533 Monachis
784 1490 975 1531 interdictus
990 1492 1003 1526 ?
1032 1490 1110 1527 106.
1125 1503 1155 1532 2,-

304 1539 486 1583 Manipulo
499 1540 548 1583 uti
561 1541 693 1584 poss‘unt
706 1540 828 1576 Clerici
851 1541 1076 1585 mendicantes
1087 1554 1155 1576 non

308 1589 511 1628 subdiaconi
535 1602 705 1633 cantantes
718 1591 902 1635 Epistolam
914 1618 922 1624 .
1078 1591 1156 1634 ibid,

254 1637 382 1682 Manus
405 1641 572 1686 impofitio
591 1641 626 1684 in
652 1643 886 1687 poenitentiam
907 1654 976 1683 non
990 1640 1037 1680 est
1049 1643 1158 1686 Sacra-

305 1692 462 1727 mentalis
472 1691 639 1730 absolutio
651 1691 663 1735 ’,
675 1692 729 1728 sed
744 1704 862 1732 manus
873 1705 944 1738 quae
956 1706 998 1728 ex
1012 1693 1159 1732 Audien-

304 1741 352 1776 tia
372 1742 565 1786 transmittit
587 1743 622 1782 in
638 1743 897 1785 substrationem
924 1742 1156 1779 difficillimam

307 1792 509 1835 poenitentiae
532 1793 679 1830 classem.
1011 1799 1093 1833 309.
1127 1804 1157 1828 2.

257 1841 426 1883 Mannum
450 1840 708 1884 sacerdotalium
741 1839 909 1883 impositio
945 1840 989 1874 est
1011 1838 1158 1881 quaedam

306 1891 516 1926 benedictio.
1025 1902 1104 1939 239.
1137 1906 1159 1930 2

258 1942 477 1984 Marcellinus
490 1940 725 1975 Anconitanus
739 1940 922 1985 Episcopus
935 1939 1103 1984 publicum
1116 1943 1159 1976 ci-

307 1993 420 2027 vitatis
455 1991 649 2036 incendium
677 1991 771 2035 signo
806 1991 925 2026 Crucis
957 1991 1158 2038 exstinguit,

362 2054 391 2079 1·
421 2054 449 2078 1·

257 2053 448 2135 Ma3rt3:ellini
487 2089 663 2124 Pontificis
698 2090 805 2131 lapsus
830 2090 1075 2129 calumniosum
1096 2093 1158 2125 effe

313 2140 564 2177 Donatistarum
586 2140 798 2187 figmentum,
825 2139 924 2174 docet
935 2139 1158 2187 AugustinuS.

312 2202 386 2239 109.
399 2205 421 2224 ι.
447 2190 558 2234 Origo
571 2190 743 2229 calumniae
754 2214 762 2222 .
995 2200 1068 2232 110.
1082 2203 1111 2235 1.
1127 2203 1158 2228 2.

259 2241 452 2283 Marcellini
477 2240 652 2281 Pontificis
665 2239 769 2283 lapsus
782 2239 901 2274 Graecis
921 2239 1077 2285 ignotus,
1102 2242 1158 2288 qui

310 2292 421 2333 Isidori
434 2291 564 2332 Merces
576 2302 643 2327 non
656 2290 826 2330 viderunt,
1033 2303 1046 2327 ι
1057 2302 1110 2328 ιο.
1125 2305 1158 2329 2.

261 2346 401 2380 Marcus
413 2340 606 2383 patriarcha
629 2340 1023 2386 Constantinopolitanus
1034 2345 1158 2383 accusa-

313 2406 366 2429 tur
389 2392 568 2433 Simoniae,
596 2390 649 2425 sed
670 2390 806 2434 injuste.
860 2388 862 2391 ’
1071 2404 1101 2439 5.
1126 2405 1157 2435 2.

264 2446 375 2488 Maria
386 2444 495 2487 Virgo
505 2444 649 2485 Deipara
661 2440 797 2485 quando
809 2442 941 2484 coeperit
954 2442 1159 2487 singulariter

313 2495 331 2530 a
348 2493 502 2529 fidelibus
514 2493 607 2527 coli?
634 2489 691 2529 81-
705 2503 731 2527 1.
756 2492 905 2539 Qando
929 2493 962 2526 in
976 2493 1042 2535 eius
1055 2493 1160 2527 hono-

313 2556 384 2581 rem
415 2543 564 2579 officium
592 2542 801 2578 Sabbatinale
825 2566 837 2583 ,
861 2543 896 2577 ὅ(
920 2541 1022 2578 Horae
1051 2545 1160 2578 miuo-

318 2608 368 2631 res
383 2620 394 2637 ,
419 2596 500 2638 ficut
524 2594 558 2628 &
581 2592 733 2633 Praefatio
751 2593 880 2645 propria
892 2591 960 2635 dici
978 2595 1160 2639 coeperint?

318 2645 399 2687 ibidP
1029 2642 1034 2646 ’

267 2697 434 2739 Martinus
445 2696 611 2734 Navarrus
621 2694 860 2741 nonagenarius
869 2695 1037 2739 profitetur
1049 2695 1080 2730 se
1090 2695 1164 2734 nul,

322 2749 386 2783 lam
399 2747 440 2787 de
451 2746 575 2791 jejunio
599 2746 724 2785 sensisse
744 2745 973 2785 difficultatem
992 2768 1000 2778 .
1049 2747 1104 2792 84.
1134 2755 1161 2783 ι,

269 2797 434 2841 Martyres
461 2796 529 2839 falfi
553 2820 564 2838 ,
591 2795 649 2839 ‚qui
679 2795 722 2835 ad
745 2796 936 2836 evitandam
960 2796 1161 2834 solutionem

318 2847 508 2889 debitorum
530 2871 541 2888 ,
569 2847 619 2882 vel
641 2846 845 2890 implendam
874 2857 1065 2886 crumenam
1086 2858 1163 2880 con-

319 2897 477 2941 jiciebant
487 2899 518 2933 se
530 2898 565 2934 in
577 2907 731 2938 carceres.
763 2900 843 2944 264.
856 2909 887 2939 2.
908 2897 1081 2945 cypriano
1093 2896 1162 2935 nul-

320 2948 384 2983 lius
394 2948 469 2982 sunt
481 2947 652 2991 ponderis.
675 2946 754 2994 265.
768 2959 798 2984 2.
826 2948 993 2992 Martyres
1005 2947 1102 2981 falsos
1114 2957 1163 2981 ca-

320 2997 501 3033 lumniatur
510 2997 738 3038 Tertullianus
750 3009 838 3031 veras
852 2997 960 3042 largiri
982 2997 1163 3042 'indulgen-

322 3050 404 3085 tias.
432 3048 512 3094 264.
536 3059 558 3090 i.
579 3047 689 3098 &stq-
717 3047 869 3088 Falsum,
897 3046 988 3092 quod
1010 3047 1164 3091 conjicie-

320 3099 402 3134 bant
422 3099 455 3134 se
476 3099 509 3132 in
538 3108 698 3144 carcerem
718 3097 758 3137 ‚ad
782 3095 904 3137 dandas
926 3097 1020 3139 Pacis
1032 3097 1162 3137 litteras,

322 3149 403 3186 266.
421 3158 495 3191 1-3.
523 3148 612 3182 Cum
641 3146 787 3190 Moechis
814 3148 847 3181 in
871 3158 993 3182 carcere
1019 3150 1162 3195 peccafle

323 3200 407 3237 male
417 3199 514 3233 docet
538 3198 767 3239 Tertullianus
779 3223 786 3229 .
1038 3197 1116 3240 266.
1129 3207 1160 3237 2.

273 3247 439 3292 Martyres
462 3248 529 3283 veri
551 3259 620 3282 uon
645 3258 792 3294 quaerunt
816 3246 849 3281 in
871 3259 995 3282 carcere
1007 3248 1161 3282 delicias.

326 3300 406 3342 2⁶65·
425 3308 452 3332 1.
479 3298 650 3341 Prodeant
674 3298 715 3339 ad
734 3298 932 3343 supplicium
954 3296 1163 3340 ,cornacufhla

327 3348 416 3381 avida
436 3357 498 3383 cute
508 3349 639 3383 loricati.
799 3346 800 3349 ’
1039 3352 1117 3394 265-
1131 3358 1161 3382 2.

278 3395 444 3448 Martyres
463 3399 615 3434 nonnulli
633 3398 668 3435 in
690 3398 906 3445 petitionibus
926 3398 1013 3442 suis,
1037 3399 1070 3434 δε
1090 3409 1161 3443 pro-

1276 329 1478 419 ,bg'ueficium
1497 361 1508 377 ,
1529 346 1603 376 non
1634 335 1721 378 bene
1751 338 1853 376 docet
1874 339 2096 388 Albaspinaeus
2107 368 2117 377 .

1278 393 1301 417 2
1326 393 1357 418 0.
1386 394 1418 418 2.-
2044 410 2048 414 ·

1225 432 1434 475 ,Μειηγτίὸυε
1445 433 1479 468 in
1489 447 1615 474 carcere
1624 438 1712 477 ,olim
1722 438 1842 477 collata
1850 439 2042 478 a-fidelibus
2054 454 2120 477 cer-

1275 484 1370 518 tatim
1382 496 1514 526 munera
1525 510 1532 518 .
1990 493 2070 540 263.
2087 503 2114 537 ι,

1224 533 1443 575 Matrimonia
1461 537 1527 572 fine
1545 540 1708 576 consensu
1729 539 1910 581 Parentum
1931 542 2116 588 aliquando

1275 586 1406 620 fuerunt
1418 586 1505 627 irrita
1518 613 1526 621 .
1998 606 2065 640 1¹4·
2094 605 2115 626 ι.

1224 634 1479 678 Matrimonium
1489 637 1729 675 clandestinum
1741 650 1888 686 ternpore
1911 643 2114 682 Tertulliani

1271 685 1364 728 juxta
1378 686 1553 723 moechiam
1564 713 1576 730 ,
1597 689 1635 731 ⁴&
1646 692 1902 730 fornicationem
1911 693 2051 742 judicari
2065 706 2115 738 pe-

1272 735 1491 772 riclitabatur.
1982 743 2065 792 263.
2081 754 2112 778 2.

1224 785 1416 827 Mechliniae
1437 788 1586 830 ,solemne
1597 789 1766 834 jubil-aeum
1777 793 1795 828 a
1803 792 1950 833 Nicolao
1964 793 2007 828 V.
2022 795 2115 831 insti-

1273 846 1400 879 tut-uma.
1592 840 1594 842 ’
1977 847 2060 895 306.
2078 853 2111 877 2.

1225 885 1478 930 Mediolanensi}
1492 890 1751 936 Episcopusnon
1764 894 1809 935 est
1826 894 1951 930 Primas
1968 897 2112 939 respectu

1273 937 1492 981 Aquileiensis
1505 962 1512 970 .
1612 941 1614 943 '
1987 955 2011 998 3
2022 947 2111 981 804.

1222 986 1389 1029 Melchior
1413 987 1527 1027 Caum
1537 1014 1548 1031 ‚
1574 990 1609 1024 &
1621 992 1786 1029 Henricus
1800 995 2041 1033 Salmaticensis
2050 994 2112 1039 pri·

1204 1077 1205 1081 Ἰ
1271 1037 1320 1080 mi
1341 1037 1525 1073 docuerunt
1548 1039 1767 1076 Attritionem
1791 1055 1833 1078 ex
1857 1047 1931 1084 solo
1951 1046 2115 1091 gehennae

1275 1098 1367 1123 metu
1389 1089 1533 1124 sufficere
1551 1101 1628 1124 cum
1651 1093 1861 1127 Sacramento
1876 1119 1883 1126 .
1986 1105 2066 1141 2¹5·
2082 1105 2108 1129 ι.

1223 1137 1455 1181 Mendicantes
1469 1141 1580 1175 fratres
1590 1142 1751 1185 poffintne
1762 1142 1893 1184 Altaria
1910 1144 1944 1184 ἀ
1957 1145 2114 1178 Decimas

1274 1189 1460 1233 PQffideoe?
1588 1190 1591 1192 ’
1995 1207 2051 1243 495.
2079 1204 2111 1234 2·

1221 1237 1354 1280 Menum
1373 1240 1576 1276 consecratio
1601 1240 1642 1275 ab
1654 1242 1808 1288 Agapeto
1820 1242 1918 1278 Pont.
1930 1247 2115 1279 conformis

1272 1288 1488 1337 Guionibus,
1515 1292 1707 1344 &aquinta
1731 1294 1870 1343 Synodo
1881 1297 2116 1341 comprobata.

1274 1342 1351 1388 367·
1378 1355 1411 1386 ι·
1958 1341 1961 1345 ’

1223 1389 1442 1435 Metropolita
1451 1391 1565 1432 alienae
1577 1392 1760 1435 Provinciae
1781 1395 1992 1441 Episcopales
2005 1398 2116 1431 confe-

1274 1443 1438 1477 crationes
1448 1443 1562 1489 nequit
1575 1443 1739 1481 invadere.
1811 1440 1815 1445 ’
1903 1441 1906 1445 “
1984 1448 2053 1496 36ι.
2084 1457 2112 1482 1.

1222 1490 1372 1533 Michael
1391 1491 1504 1534 ,Ducas
1528 1495 1708 1539 ¹Imperator
1735 1495 1839 1531 dietus
1862 1495 2108 1543 Parapinacius.

1277 1550 1353 1591 133.
1382 1553 1410 1578 1.
1438 1544 1520 1588 Ejus
1546 1546 1674 1587 vitia&
1692 1543 1847 1585 virtutes.
1875 1546 1959 1587 lbid,
1971 1549 2115 1592 Imperio

1273 1594 1426 1634 exuitur,
1452 1596 1487 1637 ὅς
1508 1594 1650 1636 detonsis
1670 1597 1799 1640 capillis
1820 1597 1855 1632 in
1870 1597 2115 1637 Monasterium

1271 1643 1466 1698 conjicitur,-
1493 1645 1575 1687 lbid.
1608 1646 1736 1687 Utrum
1749 1649 1782 1682 iu
1805 1647 2013 1687 Monasterio
2023 1649 2115 1683 obie-

1272 1703 1333 1735 rit,
1359 1695 1543 1736 incertum.
1569 1705 1636 1741 ¹34
1665 1705 1703 1736 2„
1728 1696 1963 1735 orthodoxus.
1989 1708 2060 1742 144.
2081 1706 2112 1732 2.

1273 1741 1436 1787 Gregorio
1449 1743 1524 1782 Vll.
1539 1747 1735 1788 gratulatur.
1766 1756 1841 1790 145.
1872 1756 1898 1780 1.
1926 1746 1981 1780 Sui
1994 1758 2116 1790 repara·

1272 1791 1401 1825 tionem
1412 1794 1429 1825 a
1445 1793 1610 1838 Gregorio
1622 1793 1697 1835 Vll.
1722 1794 1784 1829 &a
1801 1793 1950 1835 Roberto
1963 1797 2116 1836 Guiscar-

1273 1837 1317 1873 do
1331 1841 1473 1884 postulat
1489 1867 1497 1875 .
1514 1842 1516 1844 ’
1975 1849 2052 1894 146-
2086 1860 2114 1885 1.

1225 1890 1329 1925 Miflae
1349 1890 1518 1928 audiendae
1547 1905 1602 1937 per
1624 1895 1766 1939 singulas
1790 1895 1987 1932 Dominicas
2006 1909 2116 1941 praece-

1273 1950 1364 1984 ptum
1393 1943 1439 1974 est
1459 1943 1743 1985 antiquiffimurm
1775 1954 1849 1990 195-
1874 1956 1906 1984 a..
1934 1947 2035 1983 Ritus
2068 1950 2114 1984 est

1274 1990 1513 2031 antiquiffimus
1534 1990 1603 2038 178.
1625 2004 1645 2025 ι.
1674 1993 1804 2031 Falsum
1823 2017 1833 2031 ,
1860 1995 1953 2041 quod
1973 1995 2116 2039 Aposto-

1274 2040 1298 2074 li
1321 2040 1356 2080 ,in
1377 2041 1598 2074 consecrando
1623 2040 1835 2076 adhibuerint
1845 2043 1948 2078 solam
1961 2045 2116 2082 Domini-

1272 2101 1345 2127 cam
1377 2090 1582 2124 orationem.
1611 2088 1686 2136 178.
1712 2103 1743 2128 2.
1770 2091 1869 2126 Miffa
1888 2093 1974 2136 apud
1998 2096 2116 2132 Gallos

1275 2140 1401 2180 videtur
1427 2141 1580 2182 conclusa
1607 2153 1663 2192 per
1683 2143 1867 2183 orationem
1894 2144 2115 2183 dominicam.

1274 2193 1355 2236 246.
1387 2200 1414 2231 ι.

1223 2241 1329 2283 Missae
1351 2242 1385 2275 in
1409 2239 1619 2281 Monasleriis
1639 2241 1936 2285 Monachorumab
1949 2245 2114 2291 Episcopo

1273 2291 1425 2326 celebrari
1455 2304 1523 2326 non
1550 2293 1682 2335 possunt
1709 2295 1775 2327 sine
1792 2305 1906 2328 eorum
1933 2298 2111 2333 consensu.

1273 2351 1328 2385 29.
1350 2354 1370 2375 ι.
1402 2342 1506 2381 Aliud
1540 2342 1586 2380 est
1607 2343 1648 2380 de
1671 2343 1883 2382 Monasteriis
1904 2345 2112 2383 Clericorum

1273 2390 1504 2438 Regularium‚
1998 2405 2050 2440 30-
2074 2409 2105 2436 1-

1223 2440 1498 2481 Missaeinchoatae
1511 2442 1713 2486 perficiendae
1723 2443 1816 2481 sunt,
1970 2456 2050 2493 324.
2077 2459 2111 2483 2.

1223 2492 1463 2537 Moguntinum
1477 2492 1759 2531 Conciliabulum.
1775 2504 1840 2538 3¹2·
1856 2507 1876 2532 ι.
1888 2504 1996 2540 341-2·
2010 2506 2112 2543 393-1·

1272 2543 1421 2589 Quinam
1435 2543 1590 2586 Episcopi
1604 2543 1836 2581 interfuerint?
1855 2554 1934 2590 340.
1943 2558 1975 2586 2.
1989 2544 2128 2582 Catho-'

1272 2593 1328 2628 lici
1341 2592 1495 2637 Episcopi
1509 2593 1543 2628 in
1566 2603 1608 2628 eo
1618 2593 1786 2633 damnati,
1989 2604 2067 2642 341.
2085 2608 2111 2631 1.

1223 2642 1403 2685 Monacbis
1416 2654 1484 2682 non
1508 2643 1585 2678 licet
1608 2645 1739 2688 vagari.
1763 2653 1802 2686 ¹2
1821 2656 1852 2685 2.
1882 2645 2034 2683 Solitaria
2045 2647 2113 2679 vita

1274 2694 1446 2733 necessaria
1459 2718 1467 2731 ‚
1496 2703 1516 2740 3
1521 2704 1550 2739 5.
1561 2702 1592 2734 2.
1607 2693 1743 2728 Affliuae
1755 2694 1904 2734 Ecclesia:
1915 2696 2112 2733 consuetum

1274 2746 1396 2788 semper
1406 2743 1537 2781 fuerunt
1550 2744 1668 2782 azilum
1679 2769 1687 2776 .
1995 2755 2069 2792 145.
2079 2755 2112 2780 2.

1225 2792 1389 2836 Monachi
1403 2805 1471 2829 non
1485 2794 1617 2837 subjecti
1630 2795 1799 2834 ordinario
1809 2820 1820 2840 ‚
1849 2795 1996 2840 aquibus
2008 2794 2112 2839 potest

1275 2845 1354 2889 eligi
1373 2844 1573 2889 quicumque
1601 2845 1797 2888 Episcopus.
1826 2855 1894 2893 131.
1911 2858 1939 2882 1·
1963 2843 2112 2893 Qando

1276 2895 1441 2939 Episcopo
1453 2893 1606 2937 subjeui?
1632 2905 1733 2942 ¹32³·
1763 2895 1883 2934 Canon
1908 2904 2019 2929 vetans
2037 2894 2114 2927 illos

1275 2946 1342 2979 fine
1360 2943 1516 2988 Episcopi
1539 2944 1700 2978 consensu
1722 2946 1762 2979 ad
1773 2944 1860 2979 aliud
1872 2943 2113 2981 Monasterium

1276 2994 1407 3033 transire
1430 3005 1600 3043 nunquam
1625 2995 1660 3030 in
1681 2995 1862 3036 Occidente
1885 2995 1947 3031 fuit
1959 2995 2017 3029 usu
2029 3005 2113 3028 rece·

1275 3057 1349 3091 ptus
1362 3069 1369 3077 ,
2033 3044 2112 3078 lbld·

1225 3094 1390 3136 Monachi
1402 3119 1413 3136 ,
1434 3095 1596 3139 poffintne
1608 3094 1648 3131 ad
1659 3094 1748 3129 aliud
1763 3093 2003 3130 Monasterium
2014 3117 2025 3133 ,
2046 3096 2114 3128 fine

1275 3145 1416 3186 Abbatis
1449 3146 1608 3184 consensu
1633 3169 1644 3190 ,
1671 3145 1839 3193 Episcopo
1864 3145 2114 3184 consentiente,

1274 3196 1404 3232 tranfire
1421 3196 1437 3234 ,ἓ
1706 3192 1709 3194 ’
1988 3205 2063 3242 132.
2081 3203 2112 3229 2·

1223 3246 1409 3287 Monachi,
1436 3255 1472 3280 ut
1499 3245 1705 3289 publicarent
1726 3246 1882 3291 Gregorii
1904 3246 1980 3281 V11.
1992 3247 2113 3279 Decre-

1272 3309 1344 3332 tum
1369 3306 1484 3331 contra
1506 3295 1716 3339 presbyteros
1750 3296 1942 3331 fornicarios
1963 3322 1974 3338 ,
2000 3293 2109 3330 electi.

1273 3357 1328 3394 41.
1353 3359 1373 3380 ι.
1401 3347 1530 3385 Dicunt
1556 3346 1671 3380 Miss'as
1692 3347 1840 3390 populo,
1868 3348 1890 3380 fi
1911 3359 1980 3381 non
2001 3344 2110 3377 fintin

1274 3406 1428 3447 promptu
1439 3395 1621 3439 Presbyteri
1634 3421 1646 3439 ,
1672 3396 1730 3431 nili
1742 3396 1911 3432 fornicarii
1926 3419 1934 3429 .
1983 3404 2056 3478 Νἶμ
2076 3401 2109 3428 2-

2027 3455 2062 3478 0-
