2372 3756
78 724 130 761 Ep.
148 732 159 752 ι
163 731 194 759 9·

73 1262 124 1298 Ep.
144 1264 193 1295 78.

67 2187 97 2216 1.-
114 2193 143 2222 3·
162 2187 225 2215 εκε-

67 2534 227 2564 [qud-122-

68 3060 102 3088 A.
117 3063 196 3096 1098.

652 181 919 225 Qumruivr
957 166 1264 214 Romanum
1301 169 1701 215 CONCILIUM.‘

256 263 460 297 nequaquam
475 251 514 286 de
528 251 597 286 solo
612 252 758 286 strit‘iiori
770 262 825 285 aut
838 261 926 293 aeque
938 250 1047 284 stristo
1058 275 1070 291 ,
1089 251 1140 284 sed

254 304 354 338 etiam
376 302 416 336 de
441 303 583 342 laxiori,
612 303 721 346 qualia
745 313 826 336 tunc
850 312 906 344 per
921 300 1140 335 Occidentem

254 364 347 388 erant
370 352 440 387 fore
459 353 594 392 omnia,
621 351 764 386 omnino
787 349 951 384 intellexit
978 375 985 382 .
1014 351 1056 383 Et
1081 359 1140 393 pro

258 409 449 450 nescioquo
470 403 683 437 Carnutensis
705 401 852 436 Ecciefiae
861 399 1140 443 RegulariCano-

255 460 356 498 nico,
380 455 480 499 quise
493 454 551 487 suo
581 463 674 495 motu
695 461 861 494 tamquam
885 451 926 483 ad
950 449 1138 483 sanctiorem
1160 467 1162 470 v

257 509 374 541 statum
398 504 559 538 transferri
590 503 677 547 posse
702 497 919 544 praetendebat
938 523 949 539 ‚
977 497 1017 532 ad
1044 500 1136 533 suum

257 555 458 592 Coeoobium
472 551 692 588 transferendo
713 550 903 583 facultatem
929 548 970 582 ab
982 548 1050 591 ejus
1062 549 1138 592 Epi-

256 610 357 650 scopo
378 606 495 640 sancto
518 605 620 637 lvone
640 599 783 634 omnino
813 601 907 642 petiit
935 599 1142 633 Guilielmus.

255 658 371 691 Abbas
392 653 611 690 Fiscanenlis,
636 651 669 684 &
692 650 847 684 laudatus
865 649 925 682 lvo
946 649 1136 691 respondit:

255 708 417 751 ,Quidquid
430 704 485 747 fibi
504 704 589 737 licere
610 702 689 734 dicat
712 725 723 740 ,
741 699 805 742 fine
832 700 894 732 ulla
918 700 1079 731 conditione
1102 700 1139 732 Θ

248 758 416 798 stabilitate
434 756 486 787 loct
509 750 683 794 &societati
701 751 840 792 fratrum
853 746 1138 791 Canonicaeprqfefi'

246 807 336 849 fiunis
350 805 479 838 vinculi:
502 801 657 841 adstratus
675 801 731 840 est.
757 799 917 834 Noranda
928 799 1002 831 sunt
1014 797 1109 832 verba
1125 822 1140 837 ,

250 863 321 890 sine
339 855 402 888 ulla
412 855 598 888 conditione:
628 850 682 885 Ad
694 850 885 884 strietiorem
908 848 1025 881 statum
1038 850 1136 882 trans-

250 905 351 939 eundi
378 906 546 939 licentiam
567 903 703 937 edicunt
724 911 797 934 non.
814 899 878 934 esse
890 896 1044 933 clericali
1066 909 1139 941 pro·

250 955 379 990 feffioni
405 955 610 989 intrinsecam
633 950 862 986 conditionem
885 972 897 989 ,
923 948 1072 992 adeoque
1093 948 1134 982 ab

250 1008 416 1049 Episcopo
450 1014 508 1038 aut
543 1001 673 1037 Abbate
711 999 853 1035 omnino
889 999 1064 1042 petendam
1100 999 1136 1033 ἃ.

251 1056 393 1089 dandam
412 1081 420 1088 .
447 1054 638 1088 Secundum
658 1050 779 1095 quippe
799 1049 995 1094 conjugium
1017 1060 1073 1081 aut
1088 1050 1130 1082 se·

249 1107 355 1140 cunda
379 1105 513 1139 servitus
535 1104 615 1137 iniri
639 1114 704 1136 non
728 1101 860 1144 possunt
884 1124 899 1140 ,
936 1100 994 1131 nisi
1020 1098 1130 1132 solutis

248 1156 429 1200 prioribus.
445 1153 544 1189 Bonae
554 1151 645 1186 vallis
657 1150 897 1184 Monasterium
910 1148 971 1182 isto
983 1159 1129 1192 tempore

248 1207 365 1241 incidit
378 1205 413 1239 in
424 1205 534 1239 nescio
547 1214 645 1247 quarn
660 1201 879 1235 scandalosam
891 1199 1110 1233 calamitatem
1121 1223 1131 1239 ‚

248 1258 291 1291 de
303 1267 367 1300 qua
378 1255 526 1289 laudatus
539 1254 596 1287 lvo
611 1264 618 1284 :
635 1255 759 1292 Propter
768 1255 970 1284 reverentiam
984 1249 1131 1289 Monastici
1154 1261 1157 1263 “

249 1308 373 1340 Ordinis
387 1306 493 1339 melius.
506 1303 543 1343 est
548 1303 630 1344 filare
643 1325 653 1340 ,
670 1303 760 1343 queim
771 1300 902 1333 revelare
915 1323 923 1330 .
951 1299 1047 1332 Fadia
1060 1299 1130 1332 istic

248 1358 311 1390 fuit
336 1366 427 1390 tanta
455 1352 654 1396 perturbatio
668 1376 679 1391 ,
706 1360 746 1385 ut:
763 1351 828 1393 ipse
842 1348 960 1382 Abbas.
975 1347 1015 1382 ad
1028 1349 1131 1391 maius

248 1407 311 1439 sua:
332 1405 536 1449 professionis
560 1400 802 1435 Monasterium
831 1399 863 1431 se
885 1398 1038 1440 receperit
1064 1423 1076 1439 ,
1099 1399 1131 1431 ὅ(

247 1455 420 1490 Bernerius
432 1452 625 1488 Monachus
633 1450 747 1484 abierit
758 1449 798 1482 ad
810 1448 1048 1482 monasterium
1063 1449 1130 1481 Do-

247 1506 332 1538 lense
348 1529 356 1536 .
381 1505 451 1551 Qi
467 1502 577 1547 postea
587 1502 709 1535 electus
726 1498 799 1532 istic
811 1498 878 1533 suit
897 1497 933 1531 in
945 1496 1131 1532 Abbatem.

243 1554 398 1589 Omnino
426 1553 611 1587 transiverat
637 1548 678 1584 ad
701 1547 941 1582 monasterium
969 1548 1107 1581 strictius
1120 1572 1131 1588 ,

243 1608 276 1640 ἃ
288 1616 396 1639 tamen
410 1604 514 1648 pergit
528 1604 586 1636 tvo
600 1614 610 1632 .-
635 1602 731 1632 Bonae
744 1599 841 1632 Vallis
859 1597 956 1630 abbas
979 1599 1014 1631 <5
1027 1601 1131 1630 Mona.-

242 1656 465 1697 chiobjecerunt
478 1677 491 1693 ,
513 1652 594 1696 quod
603 1650 667 1691 fine
689 1651 810 1683 licentia
825 1646 965 1688 fratrum
988 1649 1129 1680 &Mona-

237 1707 325 1748 sterio
346 1704 501 1749 difteffirit
516 1728 523 1735 .
556 1701 629 1735 Nec
651 1699 740 1734 aliud
763 1699 803 1732 ad
827 1698 1032 1743 purgandum
1058 1697 1130 1731 Ber-

245 1758 369 1790 nerium
381 1755 539 1788 adducere
562 1751 671 1796 potuit
686 1774 697 1790 ‚
725 1750 782 1782 nisi
805 1750 895 1792 quod
909 1748 994 1781 dista
1010 1747 1131 1781 Mona-

242 1807 331 1841 sserii
343 1804 529 1840 turbatio&
545 1801 684 1837 Abbatis
695 1801 772 1845 fuga
787 1799 892 1844 ipsum
905 1799 923 1833 a
937 1796 1130 1841 postulanda

242 1857 397 1892 facultate
408 1854 609 1889 excusassem
621 1875 630 1884 .

293 1907 344 1939 Ex
365 1915 433 1948 quo
458 1913 545 1947 patet
567 1899 776 1936 Monachum
803 1925 814 1940 ,
840 1899 918 1933 licet
940 1898 974 1931 in
999 1898 1137 1932 alterius.

241 1956 437 1990 Monasterii
459 1955 600 1999 eligatur
613 1952 778 1986 Abbatem
792 1974 809 1990 ,
829 1951 897 1983 fine
921 1950 966 1982 sui
989 1948 1135 1983 Abbatis

240 2007 401 2041 consensu
416 2016 483 2040 non
500 2003 587 2048 posse
599 2004 740 2046 migrare
752 2026 760 2033 .
783 2000 928 2033 Neceffe
947 1999 992 2032 est
1006 2011 1042 2032 ut
1072 2011 1129 2042 per-

246 2057 337 2091 hunc
359 2054 583 2098 emancipatus
609 2051 845 2086 istiCoenobio
868 2051 1027 2083 donetur.
1054 2049 1130 2082 insi-

246 2118 312 2151 gne
332 2104 394 2139 hac
416 2104 457 2138 de
480 2114 513 2137 re
537 2101 763 2136 testimonium
786 2099 992 2134 habemusin
1005 2099 1129 2132 Mauri·

246 2155 428 2201 gniacenfis
449 2152 608 2188 Canuobii
637 2150 811 2185 Chronico
838 2173 846 2180 .
873 2148 1126 2181 cluniacensem

246 2204 453 2239 Monachum
466 2201 775 2246 Maurigniacenses
788 2199 824 2232 in
839 2198 1003 2231 Abbatem
1024 2199 1125 2242 elege-

245 2268 275 2290 ra
283 2266 317 2288 nt
331 2279 343 2294 ‚
363 2250 590 2292 habebantque
602 2250 726 2283 litteras
736 2247 1007 2290 emancipatorias
1022 2261 1034 2280 .-
1060 2248 1125 2282 Ve-

245 2307 317 2340 rum
327 2305 409 2347 ipsas
420 2314 487 2336 non
500 2302 577 2334 satis
589 2300 713 2342 amplas
725 2298 854 2332 asi'eruit
864 2322 875 2336 ,
903 2297 1045 2340 ideoque
1057 2309 1122 2331 non

245 2355 302 2388 nisi
313 2351 528 2396 amplioribus
538 2375 549 2390 ‚
560 2352 594 2385 ἀ
604 2349 643 2384 ad
655 2360 789 2383 omnem
803 2347 968 2381 consuetis
979 2348 1124 2390 quando.-

245 2416 310 2448 que
321 2403 409 2437 nasci
418 2400 646 2443 quaestiouibus
670 2410 795 2442 portam
807 2397 1023 2431 claudendam
1046 2398 1124 2432 vali-

245 2453 395 2489 dioribus
417 2451 617 2495 impetratis,
643 2450 790 2483 Elesium
812 2447 1004 2481 benedicere
1015 2447 1120 2482 voluit

247 2502 461 2546 Metropolita
483 2501 693 2535 Senonensis.
722 2499 787 2532 Pro
809 2497 965 2531 tradenda
987 2499 1118 2540 persona

245 2553 369 2597 aliquid
380 2552 470 2597 exigi
483 2560 588 2588 vetat,
612 2561 649 2583 ac
661 2550 702 2582 de
715 2548 851 2582 simonia
871 2547 1005 2581 damnat
1021 2547 1118 2582 Boni-

245 2606 349 2639 sacius
371 2611 504 2645 quattus
525 2602 559 2633 in
583 2598 698 2633 litteris
708 2598 747 2632 ad
767 2597 1118 2632 Coenobitasrsscciefiae
1138 2608 1140 2610 ·

245 2655 427 2689 Claritanae
441 2675 450 2683 .
479 2650 592 2684 Exstat
622 2648 768 2692 Epistola
797 2647 881 2690 apud
904 2646 1098 2682 Gratianum
1110 2673 1117 2680 .

242 2703 343 2752 Qod
355 2700 574 2737 datam-semei
586 2697 882 2755 emancipationem
894 2696 1003 2754 Abbas
1013 2699 1116 2756 exsuf-

243 2756 319 2788 flare
332 2764 400 2787 non
412 2751 507 2795 possit
520 2775 531 2790 ,
556 2750 701 2783 ostendit
710 2746 858 2781 laudatus
871 2747 928 2780 lvo
949 2759 982 2780 in
1001 2747 1117 2783 litteris

238 2806 276 2836 ad
301 2800 507 2837 Bernardum-
539 2799 703 2834 Abbatem
732 2797 870 2840 Maioris
897 2797 1140 2832 Monasserii.2

240 2853 421 2888 Novellum
433 2852 641 2886 cistertiense
653 2849 893 2882 Monasterium
902 2847 975 2891 quis
984 2848 1112 2892 ignoret

239 2903 438 2938 Moiesnenfi
461 2901 554 2936 fuisse
576 2900 676 2943 longe
688 2899 845 2935 sanctius,
866 2908 903 2931 ac
925 2909 980 2940 per
998 2899 1111 2932 omnia

238 2952 375 2998 rigidius
386 2953 408 2984 ἓ
427 2952 473 2986 Et
483 2962 592 2985 tamen
614 2950 655 2984 de
669 2950 750 2983 fasta
776 2948 918 2991 ipsorum
933 2958 986 2990 per
999 2947 1111 2983 Urba·

240 3014 320 3038 num
339 3001 516 3036 secundum
539 3012 619 3044 pace
639 2999 750 3033 scribit
764 2997 949 3042 Sigebertus
960 2996 1110 3033 Gembla-

240 3053 358 3088 censis:
384 3055 445 3083 Hoc
451 3048 525 3093 [ane
533 3056 609 3084 inter
631 3059 788 3091 uitamque
798 3046 961 3089 Ecclesiam«
971 3045 1111 3090 sequestro
1132 3081 1135 3082 γ

233 3110 320 3147 pacis
325 3102 431 3146 gratia
442 3108 580 3140 retento,
604 3102 638 3133 ὦ*
652 3100 809 3141 Apostolica
830 3098 1001 3131 auc‘i'oritate
1011 3099 1110 3141 confir·

238 3165 318 3187 mato
326 3179 336 3194 ,
365 3159 399 3184 ut
421 3161 459 3182 ex
469 3151 575 3191 eo-jam
587 3158 714 3191 tempore
724 3157 830 3181 neutra
840 3150 1113 3184 eorumutriuslibet·

235 3201 415 3237 Monachum
428 3200 471 3232 ad
479 3198 683 3232 habitandum·
691 3197 755 3241 fine
766 3200 1020 3232 commendatione
1026 3210 1106 3244 regu-

233 3256 292 3287 lari
301 3251 501 3297 fhfhipnent.
529 3248 574 3282 Et
594 3249 632 3282 in
643 3247 920 3282 Laurishamensis
942 3249 1108 3284 Monaste.

232 3305 270 3338 tii
284 3302 457 3350 privilegio
467 3296 768 3343 posuitAlexander
779 3299 907 3331 tertius:
918 3297 1107 3334 Prohibemue

234 3364 267 3387 ut
297 3354 372 3387 nulli
387 3351 532 3393 fratrum·
555 3348 714 3389 vestrorum
735 3371 745 3388 ,
768 3347 827 3389 post
847 3347 969 3389 saliam
993 3353 1026 3380 in
1049 3353 1112 3384 lom

233 3402 326 3442 vestro
344 3400 541 3446 profefflonem
563 3424 574 3440 ,
593 3397 651 3440 fas
670 3396 713 3440 fit
729 3398 767 3430 de
792 3399 890 3431 eodem
916 3399 973 3431 Ioco
997 3396 1103 3442 absque

232 3454 350 3487 licentia
366 3452 492 3485 abbam
500 3448 569 3493 fiai,
599 3455 650 3482 nir
671 3447 1100 3494 obtensuareitorisRehgtonn

1925 190 2018 227 129

1205 246 1348 291 discedere
1360 274 1370 290 ,
1397 248 1593 293 discedentem
1604 251 1742 291 verbfine
1759 260 1953 290 communium
1964 260 2081 293 littera-

1204 310 1270 332 rum
1283 299 1449 339 vestrarum
1459 306 1591 334 cautione
1602 302 1701 333 nullus
1712 305 1824 336 audeat
1836 313 1958 340 retinere
1966 331 1973 339 .
2001 309 2085 349 Sine,

1205 349 1349 384 Abbatis.
1382 351 1476 385 venia
1505 350 1665 394 permittit·
1696 350 1854 390 ejusmodi
1889 357 2080 396 transitum,

1203 399 1291 433 illius
1312 410 1424 434 tamen
1448 401 1580 445 requirit
1600 401 1744 441 litteras,
1770 402 1889 445 quibus
1912 408 2082 445 transeun-⁸

1201 461 1265 484 tem
1276 451 1462 494 emancipet
1477 475 1491 490 ‚,
1513 451 1745 490 commendet,
1771 451 1876 485 tradat
1897 452 1932 486 in
1943 456 2076 491 alterius

1203 498 1340 534 Abbatis
1353 501 1565 543 potestatem,
1592 502 1624 535 ὅ(
1638 501 1680 535 de
1692 501 1758 544 ejus
1776 501 1900 536 actibus
1921 505 2076 545 sponde-at

1199 551 1298 593 usque
1322 551 1361 584 ad
1376 561 1495 584 novam
1518 551 1746 594 profeffionem
1759 577 1772 586 .,
1795 554 1841 586 lta
1853 551 1937 586 istud
1950 577 1961 592 ,
1987 556 2080 598 quo&
2094 560 2151 593 Lib.
2162 571 2188 598 3.
2207 562 2253 591 tit.

1197 602 1231 634 ὅ(
1244 599 1335 643 plura
1347 600 1555 643 postmodum
1577 599 1761 636 habuerunt
1773 602 1970 637 Monasteria
1982 627 1992 642 ,
2018 605 2078 647 pri.-
2094 613 2108 640 3
2118 611 2175 633 ΗΕ·
2188 605 2231 632 ¹8·

1199 651 1355 694 vilegium
1369 651 1598 694 interpretatur
1617 651 1702 693 apud
1714 652 1914 696 Gregorium
1927 665 2052 688 nonum
2065 680 2076 695 ,

1197 712 1237 733 ac
1255 701 1344 735 varia
1365 700 1564 744 circaipsum
1587 700 1686 734 dubia
1707 701 1849 737 elucidat
1862 702 2077 739 Innocentius

1198 750 1310 784 tertius
1331 750 1365 783 in
1378 751 1502 786 litteris„
1520 751 1562 786 ad
1577 750 1723 784 Priorem
1742 752 1775 785 ἀ
1788 751 2003 788 Conventum
2017 756 2077 790 Di-

1199 799 1410 835 moliensem.
1440 802 1529 837 Etin
1543 802 1597 836 sua
1611 801 1669 835 sub
1682 800 1835 846 Gregorii
1857 802 1978 836 decimi
1989 804 2077 839 Pon-

1198 849 1324 883 tificatu
1362 851 1523 886 celebrata
1557 851 1697 894 synodo
1732 851 1848 886 statuit
1884 853 2074 889 Fredericus

1199 898 1481 944 Archiepiscopus.
1500 900 1746 947 Salisburgensis
1764 914 1772 934 :
1804 905 1938 937 Licitum
1963 915 2020 938 non
2035 903 2076 946 fit

1195 948 1360 982 abbatibus
1382 972 1393 989 ,
1420 962 1485 983 cum
1506 963 1557 985 nec
1575 963 1717 994 umquam
1739 952 1854 987 licuerit
1876 977 1888 994 ,
1915 953 2077 988 Monacbos

1196 1000 1241 1031 ad
1258 1001 1402 1032 ordinem
1417 1000 1598 1038 firmiorem
1619 1001 1806 1044 transeuntes
1831 1006 1955 1038 minime?
1983 1003 2075 1048 abel·

1195 1059 1265 1082 vere
1289 1049 1330 1082 ab
1355 1049 1524 1084 obedientia.
1547 1075 1558 1090 ,
1583 1063 1652 1094 quae
1674 1052 1885 1087 monachorum
1909 1054 2003 1094 offibus
2029 1060 2076 1088 in·

1190 1098 1402 1142 separabiliter
1434 1100 1472 1139 est
1506 1102 1598 1141 affixa
1618 1126 1626 1134 .
1668 1102 1795 1137 Lucide
1827 1104 1966 1138 affirmat
1997 1105 2077 1138 Μο-

1196 1148 1318 1184 nachos
1337 1150 1404 1183 fine
1416 1150 1551 1184 obtenta
1573 1149 1764 1185 obedienti-a
1782 1163 1857 1187 non»
1875 1156 1962 1197 posse
1974 1155 2075 1189 trans-

1197 1212 1263 1241 ire,
1290 1199 1489 1243 mandatque
1510 1200 1696 1234 Abbatibus
1725 1202 2076 1244 neejusmodiobedien·

1193 1258 1269 1282 tiam
1289 1250 1422 1284 audeant
1445 1251 1591 1293 denegare,
1608 1275 1615 1281 .
1645 1250 1804 1286 Eundem,
1821 1253 1854 1286 in
1876 1255 2004 1288 sensum
2028 1255 2075 1288 lo-

1196 1302 1304 1342 quitur
1328 1299 1418 1344 apud>
1438 1300 1544 1338 ‚sancii
1571 1300 1685 1334 lvonis
1716 1302 1892 1337 Decretum
1919 1304 2075 1347 Synodus

1203 1350 1434 1384 Triburrensis:
1461 1354 1596 1393 Virgines
1614 1349 1734 1394 sacrae,
1753 1348 1793 1392 ff
1795 1360 1853 1394 pro
1864 1356 1942 1387 lucro
1963 1360 2082 1388 animae>
2095 1365 2168 1395 Part·
2178 1375 2206 1401 7.
2227 1375 2258 1397 c.

1191 1398 1254 1442 suae
1273 1409 1395 1442 propter
1415 1400 1619 1440 distridlmem
1639 1407 1741 1434 vitam
1765 1404 1814 1434 ad
1828 1403 1914 1437 aliud
1932 1404 2076 1445 Monaste-
2096 1415 2142 1434 22·

1194 1457 1270 1482 rium
1293 1456 1337 1483 ire
1361 1449 1582 1493 disposuerint&
1608 1450 1704 1492 ibique
1723 1462 1844 1486 manere
1865 1455 2054 1489 decreverim
2064 1479 2083 1495 ,‚

1194 1501 1316 1537 synodus
1339 1503 1469 1533 concedit
1494 1526 1500 1533 .
1531 1503 1562 1533 51'
1583 1503 1656 1535 verb
1679 1500 1762 1544 fuga
1795 1501 1961 1545 diftiplinae
1981 1507 2076 1539 alium

1191 1551 1283 1583 locum
1297 1549 1463 1592 quaest‘erint
1474 1575 1484 1590 ‚
1494 1553 1591 1584 redire
1602 1560 1743 1595 cogantur
1755 1576 1763 1582 .
1791 1552 1964 1596 Ejusmodi
1976 1555 2077 1589 licen-

1195 1601 1273 1633 tiam
1286 1600 1417 1634 mandat
1429 1600 1478 1634 ab*
1494 1601 1671 1635 Abbatiffis
1693 1611 1761 1635 uon
1786 1601 1958 1649 denegari.
1986 1606 2076 1652 Qa-

1194 1650 1400 1693 lemcumque
1421 1650 1687 1685 sineobedientia
1714 1652 1885 1686 transitum
1896 1654 2078 1691 Monachis

1194 1699 1378 1743 permittere
1388 1701 1432 1734 est
1446 1701 1647 1735 Monasieria
1668 1700 1773 1735 turbis
1792 1702 2079 1739 actebellionibus

1192 1749 1357 1793 complere
1372 1775 1381 1782 .
1408 1750 1451 1784 Et
1474 1750 1579 1796 longo
1600 1761 1638 1784 ac
1658 1762 1790 1786 maturo
1813 1751 1854 1786 ad
1868 1763 2015 1796 tantam,
2042 1755 2079 1788 in

1192 1811 1254 1843 qua
1276 1800 1523 1845 transfiguratus
1545 1803 1579 1835 in
1605 1801 1687 1835 lucis
1712 1801 1883 1846 Angelum
1911 1804 2079 1839 Diabolus

1194 1850 1276 1884 solet
1297 1851 1482 1894 frequenter
1506 1851 1617 1885 ludere
1641 1876 1651 1891 ‚
1678 1853 1900 1889 mutationem
1921 1865 2004 1899 opus
2030 1856 2078 1889 est

1192 1901 1328 1935 consilio
1344 1925 1352 1933 .
1370 1901 1536 1935 Omnium
1552 1901 1761 1936 sanctiffimus
1784 1916 1821 1938 ac
1836 1906 2079 1949 perse-{tissimus

1191 1951 1290 1985 status
1313 1950 1358 1985 est
1384 1951 1585 1996 Episcopalis
1607 1965 1615 1985 ι
1643 1952 1686 1986 Et
1708 1963 1816 1988 tamen
1840 1966 1902 1990 nec
1922 1956 1963 1991 ad
1987 1955 2078 1990 hunc

1191 2001 1257 2035 sine
1269 2000 1410 2036 Abbatis
1432 2003 1590 2036 consensu
1603 2002 1731 2037 transire
1753 2005 1848 2047 poffit
1860 2005 2051 2041 Monachus
2062 2032 2084 2047 ,,

1191 2051 1273 2084 adeo
1294 2062 1330 2085 ut
1363 2054 1462 2086 etiam
1485 2053 1610 2087 Fratres
1633 2053 1866 2090 Mendicantes
1886 2081 1898 2096 ,
1924 2057 1979 2101 qui
2006 2058 2074 2091 sine

1191 2100 1378 2134 Praelatisui
1399 2103 1522 2136 affensu
1535 2103 1569 2136 in
1591 2103 1706 2137 fastam
1720 2103 1762 2137 de
1783 2107 1815 2139 se
1840 2107 2078 2149 Episcopalem-

1189 2150 1383 2185 electionem
1396 2153 1617 2186 consenserint
1629 2176 1640 2192 ,
1665 2154 1756 2186 omni
1770 2155 1901 2196 quaesito
1925 2156 1992 2200 jure
2004 2158 2070 2201 pri·

1190 2211 1240 2233 vet
1254 2199 1444 2235 Bonifacius
1465 2204 1624 2237 octavus..

1236 2248 1347 2284 Prima
1368 2250 1425 2286 hic
1443 2254 1585 2287 occurrit
1607 2256 1764 2298 quaestio.
1791 2256 1848 2291 An
1876 2260 2074 2295 transeundi*

1189 2298 1359 2334 licentiam
1375 2302 1451 2336 dare
1461 2303 1554 2346 possit
1579 2305 1666 2340 solus
1679 2304 1791 2340 Abbas
1807 2331 1819 2347 ‚
1845 2318 1906 2343 nec
1935 2321 2016 2353 opus
2026 2310 2066 2345 sit

1188 2348 1343 2395 suffragio
1361 2351 1584 2391 Conmentus?
1610 2356 1803 2400 Utrumque
1824 2359 1945 2401 requiri
1966 2361 2064 2396 docet
2081 2374 2134 2415 Ep,
2155 2386 2201 2414 19·

1186 2400 1355 2434 innueris
1369 2403 1409 2436 ad
1423 2403 1641 2440 Guinermum
1654 2407 1855 2442 Fiscauensis
1864 2408 2062 2448 Monasterii

1185 2449 1350 2485 Abiiatem
1379 2452 1513 2488 Sanstus
1539 2455 1599 2490 ivo
1625 2456 1833 2491 Carnutenfis
1858 2458 2054 2504 Episcopus:

1183 2504 1209 2532 A
1218 2500 1431 2542 Conflatribur
1441 2505 1504 2543 ejus
1517 2503 1784 2549 hancsolutionem
1793 2514 1920 2551 quaerite
1930 2536 1938 2543 .
1965 2512 2010 2545 Et
2022 2512 2058 2550 in

1183 2550 1301 2584 litteris
1322 2550 1362 2584 ad
1375 2553 1932 2594 Doienfis‚coenobii1M0nachos.-
1957 2561 2058 2597 Abba:

1183 2601 1217 2633 6·
1227 2601 1365 2634 Monaecbz·
1376 2602 1540 2643 objecerunt
1551 2628 1571 2644 ,‚
1583 2608 1666 2647 quod
1674 2609 1843 2642 Bernerius
1852 2609 1915 2650 fine
1936 2612 2058 2647 licentia

1173 2648 1310 2691 fratrum
1329 2653 1351 2684 ᾶ
1371 2653 1717 2700 Monasterioedifteffirit
1737 2682 1745 2689 .
1773 2659 1815 2692 Et
1837 2658 1924 2695 favet
1948 2663 2051 2698 ratio.

1181 2701 1313 2734 Etenim
1340 2704 1430 2745 pasta
1467 2704 1501 2737 δε
1520 2708 1706 2740 contractus
1723 2707 1769 2742 eis
1795 2708 1867 2752 ipsis
1886 2734 1900 2752 ,
1934 2712 2055 2756 quibus

1179 2751 1368 2792 nascuntur,
1381 2753 1480 2787 causis
1487 2754 1589 2789 etiam
1598 2756 1770 2791 solvuntur
1779 2783 1788 2790 .
1815 2759 1864 2794 At
1874 2760 1954 2795 vero
1964 2763 2054 2798 solus

1178 2800 1290 2835 Abbas
1314 2814 1382 2836 non
1415 2804 1518 2847 potest
1539 2805 1580 2839 ad
1603 2807 1831 2850 profeffionem
1854 2808 2045 2853 admittere,

1173 2851 1206 2884 &
1219 2852 1415 2887 Conventus
1434 2853 1540 2888 filium
1568 2856 1670 2891 facere
1682 2870 1694 2891 .·
1720 2858 1816 2903 Ergo
1831 2871 1942 2904 neque
1962 2863 2051 2897 solus

1174 2903 1277 2943 potest
1310 2902 1351 2937 ad
1371 2905 1603 2939 transeundum
1634 2908 1839 2952 emancipare
1858 2934 1867 2943 .
1893 2912 2047 2954 Ejusdem

1172 2953 1336 2986 sententiae
1353 2954 1417 2987 fuit
1437 2954 1612 3000 Philippus
1631 2957 2046 2995 Abba-praemonstraten-

1171 3002 1210 3035 fis
1233 3027 1245 3042 ‚
1270 3003 1312 3037 ad
1337 3015 1436 3047 quem
1462 3017 1529 3049 prov
1546 3005 1623 3049 ejus.
1637 3031 1652 3048 ,
1685 3009 1750 3052 qui÷
1767 3009 1818 3044 adi
1835 3009 2047 3046 cistertiense

1170 3054 1330 3087 transierat
1351 3052 1591 3091 Mouaflerium
1612 3081 1631 3098 ,.
1650 3058 1829 3093 Canonico
1849 3060 2051 3095 Fromondo·

1170 3103 1290 3146 scripsit
1311 3103 1665 3141 Sanctus.Bermrdus:
1683 3112 1770 3153 Jam
1790 3110 1830 3141 de
1841 3108 1946 3150 fratre
1966 3115 2043 3145 Fro-

1168 3155 1275 3186 mondo
1297 3166 1354 3186 non
1363 3153 1401 3194 est
1421 3158 1562 3198 quodnos
1586 3158 1750 3200 Iac-effatis,
1773 3169 1839 3192 cum
1848 3171 2039 3203 nequaquam
2055 3143 2105 3182 Ep'
2117 3153 2184 3182 ²5²⁶

1167 3214 1232 3236 eum
1249 3203 1313 3245 sine
1336 3206 1510 3239 voluntaria
1540 3207 1665 3241 abbatis
1683 3206 1733 3250 sui
1751 3210 1919 3249 conceffione
1928 3220 2038 3254 recepe-

1164 3259 1222 3285 rim
1240 3279 1248 3285 .
1275 3256 1508 3297 ,Quod‘quidem
1527 3268 1580 3290 nec
1604 3269 1660 3291 'vos
1686 3259 1801 3301 Iatwffi·
1820 3283 1832 3299 ,
1857 3272 1965 3293 amara
1982 3262 2037 3294 illae

1166 3303 1300 3344 Epistola
1319 3305 1498 3344 demonstrat
1517 3331 1529 3347 ,
1552 3313 1586 3340 in
1607 3319 1668 3348 qua
1691 3307 1775 3340 nobis
1799 3309 1838 3342 de
1854 3308 1921 3353 Jolae
1939 3316 2036 3354 Capi·

1163 3354 1221 3386 tusi
1240 3366 1299 3387 non
1329 3354 1500 3397 exspeffc‘rta
1531 3362 1729 3390 comilvenn'crv
1749 3359 1932 3394 calumniam
1943 3361 2034 3401 strui-

1164 3414 1204 3435 ω
1227 3428 1233 3434 ,

1159 3453 1458 3500 prohibitumfiterit,
1465 3457 1516 3491 vel
1525 3462 1721 3501 emancipatio
1723 3460 1788 3503 filii
1794 3462 1838 3494 ad
1846 3462 2041 3502 Capitulum,

1259 3403 1357 3447 ,Quafi
1372 3407 1450 3438 verri-
1467 3407 1517 3440 vel
1539 3417 1642 3440 mutua
1669 3407 1765 3448 nstra
1788 3416 1978 3445 conventione
1997 3412 2036 3443 id

1883 3513 1917 3546 δ’
1927 3520 1985 3544 non
