2352 3756
99 563 175 602 «Cap.
196 574 238 596 ιο.

51 1997 61 2005 -
83 1983 156 2022 Cap.
181 1991 208 2013 r-

345 116 442 167 264

273 190 371 225 talem
381 186 722 230 Reconciliationem,
747 189 914 225 sedetiam
938 190 980 225 ad
1001 189 1142 224 ambien-

273 240 455 282 clamatque
466 238 649 281 sperandam
670 239 822 283 impofirae
845 240 1046 284 poenitentiae
1063 239 1140 274 rela-

274 290 443 325 xationem
454 299 491 322 ac
502 288 757 334 indulgentiam.
783 288 918 324 Etenim
937 289 1050 324 addit:
1077 292 1141 322 1²oe-

274 337 547 380 „mnuafunfflm
576 339 619 374 Et
630 340 762 383 quidem
775 339 960 383 longisfima
969 348 1067 382 atque
1088 337 1141 371 du·

275 387 394 422 riffima
416 388 457 423 ad
478 388 600 424 multos
618 399 740 424 annos.
768 389 811 422 Et
832 388 1032 431 poenitentiae
1049 387 1141 422 astio-

275 449 351 474 nem
363 439 426 472 esse
435 445 503 473 nou
515 439 618 473 rasum
631 463 642 479 ,
667 449 736 472 non
755 438 912 480 scalptum
924 461 935 477 ,
961 448 1029 471 non
1055 436 1141 470 adul·

275 496 379 524 terum
401 496 590 529 nummum,
607 500 684 532 ,quo
710 487 985 521 reconciliationis
1003 487 1141 531 gratiam

275 537 449 573 debeamus
459 549 564 573 emere
575 539 593 571 a
608 530 732 570 Divina
745 536 931 580 MaJestate,
962 535 1070 570 scribit
1091 537 1142 569 Se-

275 588 408 630 ptimius
421 589 454 622 in
468 588 550 621 libro
562 587 602 619 de
613 586 819 620 Poenitentia.
847 587 940 620 Hinc
950 586 1061 629 paffim
1073 597 1132 629 age

274 637 551 672 baturameissam
561 637 720 679 gratiam,
748 637 802 671 De
824 635 1017 679 quibusdam
1037 646 1142 678 pccca-

272 689 333 723 tis.
359 685 735 732 Qihancdisciplinam
747 686 838 720 fuisse
858 687 940 720 olim
967 687 1006 720 ad
1030 686 1142 718 omnia

272 747 401 782 peccata
427 736 592 770 extensam
618 736 804 769 existimant
825 761 835 775 ‚
862 736 1005 770 omnino
1022 734 1140 768 >fallun-

270 796 338 820 rur.
366 786 501 820 Interim
514 785 713 829 ubicumque
730 786 775 820 est
789 785 976 819 obtinendae
987 786 1076 828 pacis
1088 786 1141 819 seu

272 836 487 870 absolutionis
496 837 565 879 spes
575 861 584 876 ‚
605 835 650 869 est
663 836 697 869 ὃ(
708 838 776 878 spes
788 835 974 881 mitigandae
988 835 1141 878 poeniten-

270 886 341 927 tiae,
370 888 423 920 seu
433 885 617 919 obtinenda:
628 884 862 929 Indulgentiae.
891 886 984 919 Hinc
995 885 1074 930 ergo
1087 885 1144 918 Ze·

269 934 403 980 phyrini
418 937 571 969 Edictum
582 933 718 968 moechis
737 934 771 968 &
795 935 1044 970 fornicatoribus
1065 936 1142 969 fecit

268 987 398 1020 animos
410 984 585 1020 accedendi
609 984 773 1028 Martyres
795 985 829 1019 &
856 996 1032 1020 carceratos
1053 985 1143 1019 Con-

270 1037 399 1070 fess'ores
411 1060 421 1076 ,
447 1037 481 1070 δε
493 1034 533 1068 ab
548 1033 619 1076 ipsis
632 1035 833 1079 supplicandi
844 1035 964 1069 litteras
975 1046 1142 1070 commen—

267 1086 399 1119 datitias
409 1085 448 1118 ad
464 1086 536 1119 suos
556 1083 752 1128 Episcopos,
779 1097 847 1127 quae
868 1086 934 1119 illis
958 1085 1141 1128 impositam

266 1136 492 1180 poenitentiam
515 1134 657 1175 remitti,
684 1135 1012 1175 autcertecontrahi,
1037 1134 1143 1169 &sta-

266 1188 327 1222 tim
347 1184 578 1219 dariautcertc
600 1183 768 1219 accelerari
790 1185 1007 1220 absolutionis
1030 1196 1139 1228 pacem

265 1236 524 1280 expostularent.
546 1235 658 1269 Hodie
669 1236 840 1269 Romanus
852 1235 1007 1270 Pontifex
1020 1235 1054 1268 in
1066 1235 1140 1268 San-

265 1288 387 1321 &orum
415 1285 705 1320 festivitatibusdat
718 1285 959 1330 Indulgentias:
982 1285 1033 1319 ‘Ek
1058 1286 1141 1318 inter

265 1335 475 1371 conditiones
497 1335 589 1379 ponit
617 1359 627 1376 ,
653 1345 690 1368 ut
711 1335 902 1370 accedamus
924 1335 1014 1369 istius
1034 1334 1139 1370 Sancti

264 1386 459 1426 Basilicam,
485 1386 699 1428 nosmetipsos
719 1386 987 1420 commendemus
1012 1384 1082 1422 illi,
1106 1385 1138 1418 r&

263 1432 331 1480 ejus
355 1436 565 1479 imploremus
588 1445 714 1477 preces,
740 1446 808 1476 quae
833 1445 893 1467 nos
915 1434 1047 1468 Divinae
1071 1434 1140 1468 Ma·

261 1487 366 1531 jestati
388 1487 524 1520 offerant
538 1509 548 1524 ,
574 1485 608 1518 &
630 1485 743 1518 factam
755 1482 1044 1519 nobiseRomano
1055 1482 1138 1518 Pon-

261 1537 351 1571 tifice
371 1535 509 1580 gratiam
529 1533 703 1577 impetrent
714 1533 756 1568 ab
768 1534 824 1568 illa
834 1533 1017 1568 confirmari
1034 1559 1041 1567 .
1067 1535 1139 1568 Nos

261 1587 446 1621 accedimus
466 1586 599 1620 Sanstos
619 1578 787 1618 defunCtos
810 1608 821 1624 ,
849 1584 1001 1627 primitivi
1030 1584 1140 1619 fideles

260 1637 458 1671 accedtbant
480 1634 587 1669 adhuc
607 1634 700 1668 vivos
722 1659 733 1675 ‚
758 1635 793 1668 &
814 1645 869 1678 per
890 1634 977 1677 ipsos
1003 1634 1138 1677 postula.

259 1687 338 1722 bant
358 1698 425 1720 non
447 1685 578 1719 tantum
602 1684 753 1718 Domino
774 1683 870 1725 Deo,
899 1684 952 1718 sed
973 1685 1137 1718 suoetiam

258 1737 424 1779 Episcopo
451 1747 487 1768 ac
522 1734 672 1768 Ecclefiae
705 1733 852 1767 clavibus
881 1734 1133 1768 commendari.

258 1786 352 1820 Hinc
378 1785 564 1830 designatos
591 1783 754 1826 Martyres
782 1783 814 1816 in
843 1784 962 1826 scripto
987 1783 1028 1817 ad
1053 1784 1138 1827 ipsos

257 1836 346 1871 libro
369 1861 379 1877 ,
404 1847 440 1870 ut
462 1836 496 1868 in
519 1844 646 1868 carcere
666 1834 839 1867 fraternam
853 1834 1066 1868 concordiam
1080 1834 1139 1868 ser-

258 1897 355 1926 vent,
391 1883 472 1919 serio
495 1883 641 1918 hortatur
663 1881 856 1917 Catholicus
878 1881 986 1917 adhuc
1008 1883 1139 1919 Tertul-

258 1938 384 1975 iianus,
411 1936 445 1969 &
469 1934 781 1978 adjungitcausam:
810 1936 1049 1977 Quampacem,
1075 1939 1138 1977 qui-

257 1989 331 2021 dam
352 1993 384 2019 in
406 1983 531 2026 Ecclesia
553 1995 610 2016 non
621 1983 762 2018 habentes
774 2007 786 2024 ,
811 1984 831 2015 a
844 1983 1022 2023 Martyribus
1035 1988 1067 2016 in
1076 1995 1140 2017 car-

259 2049 321 2071 cere
343 2045 466 2070 exorare
490 2032 722 2077 consueverunt.
751 2034 852 2067 Hanc
877 2033 1078 2075 postulandae
1103 2045 1140 2068 ac

260 2086 471 2131 impetrandae
493 2084 578 2128 pacis
599 2084 755 2117 fiduciam
768 2084 868 2117 faetus
879 2082 1140 2117 Montanistain-

261 2139 418 2182 dignatur
437 2132 674 2168 communicari
712 2130 850 2166 moechis
877 2132 911 2165 δε
937 2133 1139 2167 fornicatori·

261 2188 343 2226 bus,
369 2184 507 2228 ideoque
532 2181 642 2216 scribit
666 2182 701 2215 in
721 2181 786 2223 jam
797 2181 936 2216 addursto
948 2182 1076 2227 capite:
1104 2187 1141 2215 At

263 2249 297 2272 ru
312 2240 382 2279 jam
411 2238 445 2269 ὼ·
465 2239 498 2267 in
525 2237 669 2271 Martyres
693 2231 822 2272 effundis
849 2231 925 2265 hanc
948 2231 1139 2275 potestatem.

264 2289 364 2321 Hanc
388 2282 522 2319 moechis
543 2284 577 2317 δε
598 2281 850 2316 fornicatoribus
860 2282 974 2316 factam
987 2282 1140 2317 fiduciam

264 2339 402 2373 affirmat
430 2336 492 2369 esse
512 2333 679 2375 peffimum
706 2333 792 2366 circa
817 2331 1042 2377 Indulgentias
1067 2332 1141 2366 abu·

265 2390 355 2423 sum.
382 2383 537 2420 Processit
562 2383 674 2416 iisdem
696 2381 833 2425 paffibus
851 2407 861 2423 ,
891 2382 1008 2424 quibus
1033 2382 1143 2427 elapso

266 2437 383 2473 saeculo
407 2433 555 2480 proceffit
577 2433 611 2466 δε
634 2431 798 2465 Martinus
820 2431 1001 2466 Lutherus.
1030 2431 1143 2466 prim&

267 2489 353 2523 solos
374 2485 541 2531 praetensos
562 2482 678 2518 abusus
699 2481 924 2525 impugnavit,
952 2481 986 2516 δε
1010 2482 1141 2516 tandem

269 2537 407 2583 profecit
439 2536 480 2569 ad
507 2533 606 2578 ipsam
640 2533 739 2566 etiam
767 2531 1047 2575 indulgentiarum
1074 2532 1146 2566 sub-

270 2588 422 2622 stantiam
445 2587 478 2620 &
502 2584 643 2618 clavium
667 2581 860 2626 potestatem
871 2580 1076 2616 hostiliffime
1099 2582 1145 2616 in·

269 2638 464 2672 vadendam-

320 2686 527 2722 catholicam
551 2683 728 2719 Ecclesiam
745 2683 830 2717 circa
851 2681 1076 2726 Indulgentias
1100 2694 1144 2717 ar·

274 2739 345 2786 guit
369 2739 403 2771 &
423 2738 555 2770 damnat
576 2735 617 2768 de
633 2734 748 2767 variis.
775 2732 923 2768 Primum
946 2732 1144 2777 caputestin

277 2789 328 2822 his
350 2786 472 2820 verbis:
501 2790 538 2818 Ut
557 2782 676 2826 quisque
686 2795 723 2816 cx
737 2781 908 2826 consenfione
918 2784 1039 2817 vincula
1050 2785 1148 2816 induit

278 2836 375 2870 adhuc
396 2838 515 2876 mollia,
542 2841 574 2867 in
588 2845 661 2867 novo
672 2833 804 2873 custodiae
814 2838 950 2873 nomine,
969 2833 1075 2873 statim
1087 2846 1146 2866 am·

279 2889 363 2921 bium
385 2884 487 2918 moecln'
499 2909 509 2925 ,
530 2884 633 2924 statim
656 2885 766 2916 adeunt
777 2882 976 2925 fornicatores
996 2908 1004 2916 .
1034 2883 1146 2927 Aliqui

281 2935 456 2982 legendum
482 2943 595 2977 putant
619 2946 626 2964 :
654 2936 707 2965 Ex
733 2933 895 2974 confeffione
919 2959 927 2966 .
952 2934 995 2967 Et
1017 2932 1148 2967 Gabriel

281 2987 506 3029 Albaspinaeus
528 2982 636 3017 scribit
660 2996 670 3015 :
708 2985 738 3014 si
759 2992 874 3015 mutare
894 2984 1014 3026 aliquid
1033 2985 1150 3023 liceret,

281 3041 404 3082 legerem
419 3060 428 3076 ,
455 3038 508 3067 Ex
533 3033 715 3072 concuffione.
747 3036 804 3063 Hoc
824 3038 900 3064 enim
911 3033 984 3066 lucri
991 3045 1087 3077 genus
1100 3039 1150 3066 mi-

281 3089 347 3120 lites
371 3083 540 3122 habebant,
565 3084 628 3115 ατὰ
649 3081 825 3121 Christianis
838 3107 848 3122 ‚
875 3094 908 3115 ne
921 3082 1148 3126 Praetorirefer·

283 3145 350 3170 rent
364 3162 373 3177 ‚
399 3146 449 3168 aut
462 3147 492 3168 in
501 3143 641 3166 carcerem
653 3143 698 3164 eos
710 3133 902 3172 conjicerent,
925 3139 1086 3175 pecuniam
1103 3144 1151 3167 ex-

284 3194 452 3227 torquerent
466 3211 473 3217 .
500 3189 593 3228 Igitur
600 3180 629 3224 fi
638 3194 674 3215 ex
687 3182 850 3221 concussione
860 3183 892 3215 (5
899 3180 953 3225 spe
968 3185 1085 3224 praedae
1101 3184 1151 3216 ali·

289 3242 354 3277 quis
367 3234 598 3274 Christianorum
609 3239 787 3273 interceptus
798 3232 881 3273 effer,
908 3234 1014 3266 &cum
1027 3234 1152 3266 nondum

287 3285 352 3328 effer
360 3285 496 3324 conjellus
510 3291 540 3316 in
551 3294 692 3316 carcerem
705 3306 715 3321 ,
740 3292 805 3314 cum
816 3294 883 3314 mox
883 3281 1082 3321 fornicatores
1094 3283 1155 3315 adi·

287 3345 319 3368 re
330 3357 341 3373 ,
368 3342 447 3365 orare
455 3333 589 3373 precibus
603 3357 612 3372 ,
637 3331 832 3370 &lachrymis
843 3331 932 3374 finem
945 3345 1000 3366 non
1013 3334 1155 3374 priurfa·

289 3395 367 3422 cere,
391 3384 482 3426 quam
495 3381 645 3424 delrllisui
653 3391 774 3424 poenam
785 3381 822 3417 ab
845 3382 970 3424 Ecclefia
989 3384 1155 3426 deprecare-

694 103 1109 151 Drssaarauo
1142 120 1214 151 DE
1247 120 1647 155 Paccarortum

1202 198 1270 223 tur.
1298 190 1441 224 Matrem
1455 191 1631 226 Ecclesiam
1648 216 1660 233 ,
1684 193 1775 238 quod
1787 205 1934 234 verorum
1946 199 2080 245 Many-⁶

1202 249 1273 271 rum
1285 238 1516 274 authoritatem
1528 243 1783 278 communicaret
1804 256 1842 279 ac
1864 249 2071 290 profunderet

1201 289 1300 322 etiam
1322 288 1358 323 in
1380 290 1477 324 falsos
1499 291 1685 335 Martyres,
1710 294 1885 337 Septimius
1904 294 2085 336 manifeste*

1202 338 1308 381 arguit
1320 363 1328 371 .
1358 339 1462 373 Porro
1475 340 1561 376 solos
1572 344 1725 377 veraciter
1743 354 1922 380 carceratos
1944 358 2001 390 pro
2019 361 2073 385 ve·

1202 388 1314 421 raciter
1326 388 1499 433 designatis
1510 391 1712 435 Martyribus
1721 394 1844 438 semper
1851 394 1965 430 habuit
1977 395 2073 434 Chri-

1203 437 1363 472 stianitas.
1392 441 1435 473 Et
1448 453 1515 475 non
1526 441 1601 476 solis
1613 442 1662 476 his
1672 468 1683 484 ‚
1708 443 1761 478 sed
1771 444 1869 479 etiam
1882 445 1901 479 a
1912 446 2072 483 Romano

1202 487 1324 522 Officio
1335 489 1505 525 dumtaxat
1518 492 1677 526 concussis
1689 493 1723 526 &
1742 494 1964 538 apprehensis,
1988 498 2072 540 quin
2093 529 2096 533 .

1201 537 1234 571 ὅ(
1246 547 1403 572 carcerem
1426 542 1563 582 pecunia
1583 541 1819 579 redimentibus
1839 544 2073 582 authoritatem

1201 587 1301 621 dandi
1323 589 1576 633 indulgentiales
1595 592 1714 627 litteras
1731 593 1906 631 Catholica
1929 596 2072 632 Ecclesia

1203 646 1281 671 tunc
1289 638 1395 672 forsan
1412 641 1635 682 permittebat.
1663 644 1707 677 Et
1721 643 1810 679 hunc
1822 656 1946 679 novum
1964 648 2074 682 exces-

1202 687 1270 742 sum
1281 688 1299 722 a
1310 688 1521 725 Tertulliano
1533 693 1625 736 argui
1637 695 1745 728 censet
1755 693 1978 739 Albaspinaeus
1989 721 1997 729 .
2023 695 2074 732 At

1202 739 1305 780 ipsum
1323 737 1386 772 labi
1398 740 1532 781 sequens
1552 754 1726 778 contextus
1745 744 1852 779 lucide
1874 745 2087 781 demonstra--

1204 786 1270 822 bit.
1287 789 1436 824 Omnino
1446 791 1623 836 legendum
1633 794 1699 827 est:
1726 797 1779 827 Ex
1790 793 1979 838 consenfione.
2006 796 2076 830 Ex·

1203 838 1296 879 ponit
1328 838 1364 873 in
1386 840 1653 886 Carthaginenfis
1674 844 1865 881 collationis
1894 845 2072 882 Breviculo

1202 886 1331 922 Sanetus
1343 890 1546 934 Augustinus
1559 914 1567 924 .
1593 892 1745 937 Epistola:
1757 919 1767 935 ,
1796 905 1893 938 quam
1913 897 2093 941 grassante*

1203 938 1402 980 Imperatoris
1413 941 1617 975 Diocletiani
1638 944 1862 986 persecutione
1882 946 2071 980 Mensurius

1202 987 1467 1031 Carthaginensis
1493 987 1764 1037 ⁴Archiepiscopus
1785 995 1947 1038 scripserat
1966 995 2007 1030 ad
2026 997 2072 1030 se-

1201 1037 1346 1071 cundum
1369 1037 1593 1082 Tigisitanum
1624 1041 1821 1086 Episcopum
1843 1055 1881 1078 ac
1907 1044 2072 1080 Numidiae

1202 1098 1279 1121 tunc
1291 1087 1468 1122 Primatem
1479 1112 1490 1128 ‚
1516 1090 1602 1123 varia
1613 1091 1717 1134 capita
1726 1095 1864 1135 exponit
1876 1118 1888 1135 ,
1914 1095 1949 1129 ἀ
1959 1094 2074 1138 adjun-

1201 1138 1270 1181 git:
1298 1136 1448 1178 Inir'sdem
1458 1140 1568 1172 litteris
1579 1143 1672 1173 etia'm
1691 1141 1796 1175 leBum
1817 1143 1874 1184 est,
1899 1155 1945 1177 eos
1964 1151 2015 1186 qui
2035 1144 2071 1188 se
2089 1162 2138 1194 Hb

1201 1187 1336 1228 offorrent
1344 1187 1576 1231 persecutoribus
1589 1201 1645 1223 non
1655 1191 1867 1234 comprehenfi,
1893 1194 1928 1227 ό*
1937 1195 2015 1227 ultro
2025 1195 2071 1237 dif
2085 1185 2149 1242 cap:
2172 1173 2223 1242 3³3.

1201 1245 1296 1270 cerent
1302 1236 1451 1281 sehaberc
1460 1241 1630 1281 scripturas
1640 1265 1652 1282 ,
1677 1253 1754 1284 quas
1766 1254 1824 1275 non
1845 1244 2000 1277 traderent
2012 1268 2022 1286 ‚
2048 1245 2070 1277 ἃ

1201 1286 1305 1329 quibus
1316 1286 1366 1319 hoc
1378 1298 1461 1321 nemo
1469 1288 1619 1330 quaefierat
1627 1313 1638 1329 ,
1661 1289 1829 1334 displicuiffe
1840 1290 1989 1335 Mensurio
1999 1316 2011 1332 ,
2034 1295 2069 1328 δ’

1201 1336 1290 1369 abeis
1300 1335 1478 1370 honorandis
1489 1348 1556 1372 eum
1571 1339 1743 1382 probibuiffir
1765 1341 1965 1382 Christianos.
1992 1345 2072 1386 ,Qui-

1201 1388 1274 1418 dam
1287 1392 1378 1419 etiam
1389 1393 1422 1420 in
1430 1388 1534 1421 eadem
1550 1388 1683 1430 Epistola
1705 1391 1903 1433 arguebantur
1914 1390 2074 1434 facinorofi
2082 1412 2086 1419 »
2226 1419 2228 1422 v

1201 1438 1234 1470 ὠ*
1240 1435 1306 1479 fisci
1315 1436 1456 1470 debitores
1468 1461 1479 1477 ,
1507 1443 1558 1479 qui
1569 1436 1704 1480 occafione
1710 1439 1918 1483 persecutioni!
1930 1442 1983 1475 ml
1993 1452 2072 1477 we·
2086 1478 2089 1481 ,
2220 1436 2228 1461 ¹

1201 1498 1230 1519 re
1241 1488 1351 1520 vellent
1363 1486 1479 1530 onerosa
1497 1490 1600 1523 multis
1621 1489 1732 1523 debitis
1756 1497 1824 1524 vita
1836 1514 1848 1531 ,
1873 1492 1925 1524 vel
1937 1499 2071 1536 purgare

1195 1534 1402 1579 separarent,
1429 1538 1558 1579 &quast
1564 1538 1680 1573 abluere
1682 1539 1821 1581 facinora
1837 1538 1918 1582 sua,
1945 1542 1998 1575 vel
2012 1552 2072 1575 cer-

1201 1588 1566 1630 te‘acqulrerepecuniam,
1589 1590 1623 1622 ὃ·
1642 1595 1676 1623 in
1694 1589 1820 1629 custodia
1837 1591 1949 1624 delicus
1966 1590 2070 1633 perfui

1200 1638 1237 1670 de
1258 1636 1388 1680 obsequio
1406 1636 1656 1677 chrsstanorum.
1684 1639 1851 1682 Ejusmodi
1865 1639 1929 1674 fuit
1939 1639 1996 1675 ille
2017 1651 2070 1684 pe·

1200 1687 1344 1731 regrinus
1355 1710 1366 1726 ,
1377 1697 1474 1730 quem
1486 1687 1603 1723 Protea
1612 1685 1776 1723 Lucianus
1783 1690 1943 1733 appellat:
1969 1690 2083 1733 spon-v

1200 1736 1231 1770 te
1250 1736 1383 1770 intravit
1403 1747 1583 1779 carcerem,
1609 1749 1754 1773 ventrem
1770 1740 1804 1773 δε
1824 1738 1949 1773 bursam
1960 1738 2076 1781 opime

1199 1785 1270 1819 istic
1291 1786 1511 1829 impinguavit
1533 1811 1545 1827 ,
1578 1798 1673 1830 atque
1694 1789 1738 1822 ita
1759 1787 1778 1821 ὲ
1798 1788 1952 1823 mendico
1977 1786 2069 1823 dives
2224 1811 2233 1835 ι

1199 1835 1294 1869 rediit
1313 1836 1347 1869 in
1376 1837 1512 1878 patriam
1525 1860 1533 1868 .
1562 1836 1605 1870 Et
1623 1836 1783 1879 ejusmodi
1799 1837 1980 1873 nebulones
1991 1847 2074 1874 tunc

1196 1886 1291 1920 -fuiss‘e
1313 1884 1417 1928 plures
1442 1887 1540 1920 etiam
1566 1887 1600 1920 in
1623 1886 1735 1922 Africa
1757 1910 1768 1928 ,
1805 1888 1941 1923 testatur
1970 1887 2072 1930 Septi·

1199 1935 1282 1970 mius
1302 1934 1336 1969 in
1356 1933 1439 1968 libro
1460 1936 1501 1970 de
1513 1935 1648 1979 Jejuniis
1660 1960 1667 1968 .
1695 1935 1850 1972 Affirmat
1861 1947 1972 1971 verum
1983 1938 2071 1971 Mar-

1202 1995 1307 2029 tyrem
1330 1985 1375 2019 ita
1397 1984 1511 2020 debere
1530 1985 1614 2020 intra
1636 1997 1797 2022 carcerem
1819 1986 1942 2026 vivere,
1966 1997 2004 2022 ut
2021 1988 2074 2022 so-

1202 2036 1230 2069 la
1252 2033 1339 2069 arida
1360 2044 1434 2069 cute
1450 2035 1602 2069 loricatus
1626 2059 1638 2076 ,
1672 2036 1707 2070 δε
1726 2047 1840 2071 contra
1860 2036 2001 2081 ungulas
2020 2046 2071 2071 to·

1201 2095 1252 2119 tus
1273 2095 1411 2118 corneus
1432 2084 1583 2127 procedat
1606 2085 1648 2119 ad
1665 2090 1829 2120 certamen
1853 2110 1864 2126 ,
1890 2095 1990 2129 atque
2014 2085 2071 2120 ad·

1201 2135 1308 2179 jungit
1334 2147 1344 2167 .·
1379 2134 1476 2167 Plane
1494 2134 1622 2174 vestrum
1644 2134 1682 2174 est
1700 2140 1733 2168 in
1753 2136 1919 2169 carceribus
1940 2141 2071 2182 popina(
2088 2158 2153 2199 Cap
2177 2160 2227 2191 n·-

1202 2184 1336 2218 exbibere
1349 2183 1526 2223 Martyribus
1538 2190 1674 2227 incertis,
1701 2197 1737 2219 ne
1748 2184 1984 2229 consuetudinem
1993 2197 2078 2229 qua·
2152 2178 2162 2189 ’

1202 2243 1295 2275 rant,
1322 2245 1357 2267 ne
1372 2235 1483 2267 taedeat
1502 2239 1597 2275 vim,
1623 2246 1660 2268 ne
1682 2246 1762 2268 nova
1782 2234 1966 2275 abstinentiae
1987 2235 2074 2277 dili-i-

1198 2285 1286 2327 plina
1302 2282 1543 2327 scandalizentur
1553 2308 1560 2317 .
1587 2286 1690 2327 ,Quam
1701 2295 1750 2318 nec
1760 2286 1809 2318 ille
1821 2284 1965 2324 Pristinus
1979 2283 2072 2324 vester

1203 2345 1259 2367 non
1283 2333 1469 2374 Christianus
1492 2337 1604 2371 Μανίαν
1622 2339 1780 2379 attigerat,
1805 2344 1889 2376 quem
1900 2333 2073 2375 &faculta-

1204 2394 1232 2417 te
1252 2383 1383 2425 custodiae
1403 2384 1503 2417 liberae
1522 2383 1707 2425 aliquamdiu
1722 2383 1846 2425 fartum
1866 2382 1997 2418 omnibus
2007 2384 2073 2419 bai·

1205 2440 1268 2468 nels
1287 2457 1298 2473 ,
1336 2432 1420 2475 quast
1438 2432 1627 2477 Baptismate
1645 2433 1808 2467 melioribus
1834 2458 1846 2474 ,
1883 2435 1918 2468 (τ’
1938 2433 2074 2469 omnibu

1204 2486 1329 2518 luxuria
1345 2481 1489 2527 seceffibus
1511 2507 1522 2522 ‚
1548 2482 1633 2525 quast
1644 2482 1776 2524 Eccltfiae
1788 2482 1988 2526 secretioribus
2002 2507 2015 2524 ,
2037 2485 2075 2519 θ

1206 2533 1341 2567 omnibus
1361 2539 1435 2566 vitae
1459 2532 1538 2573 istius
1560 2532 1720 2573 illecebris,
1745 2533 1953 2575 quafiaeternae
1963 2534 2077 2578 dignio-

1205 2584 1285 2616 ribur
1297 2607 1306 2622 ,
1332 2581 1383 2616 hoc
1397 2591 1471 2624 puto
1497 2583 1654 2626 obIIgatum
1664 2607 1675 2623 ‚
1702 2594 1737 2615 ne
1746 2589 1819 2616 mort
1830 2586 1919 2618 vellet
1930 2607 1941 2623 ,
1965 2583 2076 2624 postre-

1205 2636 1250 2667 mo
1272 2631 1332 2676 ipso
1351 2632 1522 2666 Tribunalis
1542 2634 1591 2671 dee,
1608 2633 1667 2666 luce
1679 2631 1797 2676 summa
1808 2658 1819 2674 ‚
1844 2633 1956 2667 condito
1974 2643 2073 2673 mero,

1206 2694 1359 2725 tamquam
1378 2685 1513 2716 antidoto
1524 2706 1535 2722 ,
1555 2684 1802 2724 praemedicatum
1821 2688 1866 2716 ita
1887 2681 2049 2721 enervastis
2062 2704 2075 2722 ,

1207 2744 1239 2767 ut
1249 2739 1352 2775 paucis
1363 2734 1479 2776 ungulis
1490 2732 1652 2771 titillatus,
1676 2731 1813 2766 bocenim
1822 2732 1948 2766 ebrietas
1966 2730 2078 2775 J‘entie·

1208 2784 1260 2816 bat
1273 2808 1282 2823 ‚
1294 2795 1378 2825 quem
1391 2786 1547 2815 Dominum
1556 2782 1739 2825 confiteretur
1749 2807 1760 2823 ‚
1785 2787 1981 2825 interroganti
1992 2784 2077 2815 Prae·

1202 2833 1258 2876 fidi
1278 2832 1450 2876 respondere
1472 2843 1528 2865 non
1544 2837 1674 2874 potuerit
1694 2833 1841 2873 amplius,
1865 2843 1956 2874 atque
1969 2836 2015 2864 ita
2039 2830 2078 2864 de

1209 2883 1258 2916 hoc
1262 2887 1331 2925 jam
1342 2890 1473 2916 extortus
1486 2908 1496 2923 ,
1521 2880 1730 2925 cicmfingultus
1745 2881 1887 2916 &ruffus
1894 2880 1968 2924 solu
1990 2879 2080 2914 babe—
2113 2881 2116 2885 ’

1210 2944 1254 2966 rct
1278 2958 1288 2974 ,
1314 2939 1346 2966 in
1364 2930 1430 2975 ipsa
1449 2937 1599 2976 negatione
1620 2932 1725 2975 digcffit
1744 2954 1753 2963 .
1791 2931 1976 2965 Conditum
1996 2929 2080 2964 illud

1215 2995 1336 3017 merum
1349 3007 1360 3023 ,
1387 2983 1475 3024 quod
1488 2983 1587 3025 usque
1596 2981 1636 3015 ad
1647 2981 1790 3025 alogiam
1800 2980 1931 3024 sumpsit
1943 2979 2083 3014 Pseudo-

1213 3034 1360 3077 Martyr,
1386 3042 1452 3067 erat
1473 3030 1672 3074 myrrhatum
1696 3033 1809 3064 vinum
1825 3055 1835 3070 ‚
1861 3030 1951 3074 quod
1972 3029 2032 3065 fibi
2046 3030 2084 3063 in

1213 3094 1307 3118 cruce
1330 3083 1480 3117 oblatum
1501 3080 1609 3115 bibere
1621 3081 1747 3121 noluit,
1777 3091 1872 3123 atque
1885 3080 1929 3114 ita
1940 3080 2085 3122 ejusdem

1215 3133 1413 3168 abstinentiae
1438 3130 1625 3174 exemplum
1662 3132 1725 3165 suis
1758 3131 1965 3174 Martyribus
1995 3127 2085 3164 dedit

1216 3183 1363 3218 Christus
1379 3182 1571 3216 Dominus!
1591 3180 1642 3214 Eo
1664 3179 1783 3225 largius
1807 3179 1923 3215 hausto
1934 3178 2086 3223 capitales

1218 3235 1258 3267 rei
1281 3233 1320 3268 ad
1339 3233 1515 3266 faciliorem
1527 3241 1765 3265 tormentorum
1778 3231 1812 3264 &
1824 3231 1939 3264 mortis
1948 3229 2087 3263 toleran-

1218 3283 1294 3316 tiam
1309 3282 1516 3327 parabantur.
1544 3282 1658 3324 Itaque
1670 3279 1876 3315 catholicam
1891 3278 2065 3313 Ecclesiam
2076 3300 2088 3317 ,

1218 3334 1307 3376 quod
1334 3345 1402 3366 non
1429 3332 1516 3366 solos
1542 3342 1635 3364 veros
1656 3355 1667 3371 ,
1703 3331 1757 3365 sed
1783 3330 1881 3364 etiam
1908 3325 2090 3362 istiusmodi

1220 3382 1524 3425 Pseudo-Martyres
1546 3380 1741 3421 honoraret,
1767 3379 1801 3412 &
1820 3379 1903 3414 circa
1916 3376 2094 3433 Indulgen-

1987 3436 2046 3460 tias
