<?xml version="1.0" encoding="UTF-8"?>
<!DOCTYPE html PUBLIC "-//W3C//DTD XHTML 1.0 Transitional//EN"
    "http://www.w3.org/TR/xhtml1/DTD/xhtml1-transitional.dtd">
<html xmlns="http://www.w3.org/1999/xhtml" xml:lang="en" lang="en">
 <head>
  <title>
</title>
<meta http-equiv="Content-Type" content="text/html;charset=utf-8" />
  <meta name='ocr-system' content='tesseract 3.04.00' />
  <meta name='ocr-capabilities' content='ocr_page ocr_carea ocr_par ocr_line ocrx_word'/>
</head>
<body>
  <div class='ocr_page' id='page_1' title='image "./operaomniastudio06lupuuoft/operaomniastudio06lupuuoft_0225.png"; bbox 0 0 2372 3756; ppageno 0'>
   <div class='ocr_carea' id='block_1_1' title="bbox 650 133 2011 196">
    <p class='ocr_par' dir='ltr' id='par_1_1' title="bbox 650 133 2011 196">
     <span class='ocr_line' id='line_1_1' title="bbox 650 133 2011 196; baseline -0.001 -11"><span class='ocrx_word' id='word_1_1' title='bbox 650 153 947 188; x_wconf 75' lang='grc' dir='ltr'>ςεΡτιΜυΜ</span> <span class='ocrx_word' id='word_1_2' title='bbox 981 137 1297 194; x_wconf 36' lang='grc' dir='ltr'>ΚοςΜΑΝυΜ</span> <span class='ocrx_word' id='word_1_3' title='bbox 1332 135 1717 187; x_wconf 73' lang='grc' dir='ltr'>(ΞοΝειιιιιΜ.</span> <span class='ocrx_word' id='word_1_4' title='bbox 1916 133 2011 196; x_wconf 75' lang='lat'>215</span> 
     </span>
    </p>
   </div>
   <div class='ocr_carea' id='block_1_2' title="bbox 818 266 1526 322">
    <p class='ocr_par' dir='ltr' id='par_1_2' title="bbox 818 266 1526 322">
     <span class='ocr_line' id='line_1_2' title="bbox 818 266 1526 322; baseline -0.01 0"><span class='ocrx_word' id='word_1_5' title='bbox 818 266 1526 322; x_wconf 86' lang='lat' dir='ltr'>CANONlV.</span> 
     </span>
    </p>
   </div>
   <div class='ocr_carea' id='block_1_3' title="bbox 230 384 2107 2352">
    <p class='ocr_par' dir='ltr' id='par_1_3' title="bbox 361 384 2087 456">
     <span class='ocr_line' id='line_1_3' title="bbox 361 384 2087 456; baseline 0.001 -16"><span class='ocrx_word' id='word_1_6' title='bbox 361 395 557 443; x_wconf 86' lang='lat' dir='ltr'>Raeterea</span> <span class='ocrx_word' id='word_1_7' title='bbox 592 390 874 442; x_wconf 85' lang='lat' dir='ltr'>admonemus</span> <span class='ocrx_word' id='word_1_8' title='bbox 908 403 1062 440; x_wconf 89' lang='lat' dir='ltr'>omnes</span> <span class='ocrx_word' id='word_1_9' title='bbox 1095 425 1109 450; x_wconf 87' lang='lat'>,</span> <span class='ocrx_word' id='word_1_10' title='bbox 1155 389 1234 456; x_wconf 89' lang='lat' dir='ltr'>qui</span> <span class='ocrx_word' id='word_1_11' title='bbox 1269 401 1437 436; x_wconf 84' lang='lat' dir='ltr'>aeternae</span> <span class='ocrx_word' id='word_1_12' title='bbox 1471 384 1766 436; x_wconf 82' lang='lat' dir='ltr'>damnationis</span> <span class='ocrx_word' id='word_1_13' title='bbox 1800 405 1950 455; x_wconf 88' lang='lat' dir='ltr'>poenas</span> <span class='ocrx_word' id='word_1_14' title='bbox 1985 409 2087 442; x_wconf 88' lang='lat' dir='ltr'>eva-</span> 
     </span>
    </p>

    <p class='ocr_par' dir='ltr' id='par_1_4' title="bbox 230 455 2107 2352">
     <span class='ocr_line' id='line_1_4' title="bbox 394 455 2088 525; baseline -0.001 -14"><span class='ocrx_word' id='word_1_15' title='bbox 394 460 495 511; x_wconf 91' lang='lat' dir='ltr'>dere</span> <span class='ocrx_word' id='word_1_16' title='bbox 528 500 542 524; x_wconf 85' lang='lat'>,</span> <span class='ocrx_word' id='word_1_17' title='bbox 579 466 623 512; x_wconf 86' lang='lat'>&amp;</span> <span class='ocrx_word' id='word_1_18' title='bbox 658 479 770 513; x_wconf 87' lang='lat' dir='ltr'>verae</span> <span class='ocrx_word' id='word_1_19' title='bbox 805 459 1092 511; x_wconf 83' lang='lat' dir='ltr'>beatitudinis</span> <span class='ocrx_word' id='word_1_20' title='bbox 1126 460 1314 523; x_wconf 83' lang='lat' dir='ltr'>gloriam</span> <span class='ocrx_word' id='word_1_21' title='bbox 1348 455 1533 525; x_wconf 87' lang='lat' dir='ltr'>cupiunt</span> <span class='ocrx_word' id='word_1_22' title='bbox 1568 459 1729 507; x_wconf 86' lang='lat' dir='ltr'>intrare</span> <span class='ocrx_word' id='word_1_23' title='bbox 1762 492 1777 518; x_wconf 90' lang='lat'><strong>,</strong></span> <span class='ocrx_word' id='word_1_24' title='bbox 1829 472 1880 507; x_wconf 90' lang='lat' dir='ltr'>ut</span> <span class='ocrx_word' id='word_1_25' title='bbox 1913 457 1941 507; x_wconf 70' lang='lat' dir='ltr'>a</span> <span class='ocrx_word' id='word_1_26' title='bbox 1976 459 2088 510; x_wconf 80' lang='lat' dir='ltr'>falfis</span> 
     </span>
     <span class='ocr_line' id='line_1_5' title="bbox 256 526 2090 601; baseline -0.002 -18"><span class='ocrx_word' id='word_1_27' title='bbox 256 534 336 583; x_wconf 87' lang='lat' dir='ltr'>fibi</span> <span class='ocrx_word' id='word_1_28' title='bbox 371 549 556 583; x_wconf 86' lang='lat' dir='ltr'>caveant</span> <span class='ocrx_word' id='word_1_29' title='bbox 591 534 862 601; x_wconf 79' lang='lat' dir='ltr'>poenitentiis</span> <span class='ocrx_word' id='word_1_30' title='bbox 897 568 911 580; x_wconf 92' lang='lat'><strong>.</strong></span> <span class='ocrx_word' id='word_1_31' title='bbox 957 534 1076 581; x_wconf 89' lang='lat' dir='ltr'>Sicut</span> <span class='ocrx_word' id='word_1_32' title='bbox 1112 531 1232 579; x_wconf 91' lang='lat' dir='ltr'>enim</span> <span class='ocrx_word' id='word_1_33' title='bbox 1268 526 1419 579; x_wconf 83' lang='lat' dir='ltr'>falsum</span> <span class='ocrx_word' id='word_1_34' title='bbox 1455 526 1678 596; x_wconf 86' lang='lat' dir='ltr'>Baptisma</span> <span class='ocrx_word' id='word_1_35' title='bbox 1711 545 1803 578; x_wconf 89' lang='lat' dir='ltr'>non</span> <span class='ocrx_word' id='word_1_36' title='bbox 1849 528 1968 578; x_wconf 88' lang='lat' dir='ltr'>lavat</span> <span class='ocrx_word' id='word_1_37' title='bbox 2003 534 2090 579; x_wconf 86' lang='lat' dir='ltr'>ori-</span> 
     </span>
     <span class='ocr_line' id='line_1_6' title="bbox 250 597 2092 672; baseline -0.001 -21"><span class='ocrx_word' id='word_1_38' title='bbox 250 599 403 667; x_wconf 80' lang='lat' dir='ltr'>ginale</span> <span class='ocrx_word' id='word_1_39' title='bbox 438 619 667 672; x_wconf 90' lang='lat' dir='ltr'>peccatum</span> <span class='ocrx_word' id='word_1_40' title='bbox 702 612 716 665; x_wconf 80' lang='grc'>,’</span> <span class='ocrx_word' id='word_1_41' title='bbox 752 601 946 671; x_wconf 88' lang='lat' dir='ltr'>itapost</span> <span class='ocrx_word' id='word_1_42' title='bbox 980 600 1250 668; x_wconf 90' lang='lat' dir='ltr'>Baptismum</span> <span class='ocrx_word' id='word_1_43' title='bbox 1287 597 1390 650; x_wconf 83' lang='lat' dir='ltr'>falsa</span> <span class='ocrx_word' id='word_1_44' title='bbox 1424 600 1687 669; x_wconf 84' lang='lat' dir='ltr'>poenitentia</span> <span class='ocrx_word' id='word_1_45' title='bbox 1720 616 1812 649; x_wconf 90' lang='lat' dir='ltr'>non</span> <span class='ocrx_word' id='word_1_46' title='bbox 1858 597 1980 649; x_wconf 75' lang='lat' dir='ltr'>delet</span> <span class='ocrx_word' id='word_1_47' title='bbox 2016 617 2092 649; x_wconf 92' lang='lat' dir='ltr'>ne-</span> 
     </span>
     <span class='ocr_line' id='line_1_7' title="bbox 256 668 2093 741; baseline -0.002 -18"><span class='ocrx_word' id='word_1_48' title='bbox 256 674 323 725; x_wconf 85' lang='lat' dir='ltr'>fas</span> <span class='ocrx_word' id='word_1_49' title='bbox 373 672 642 735; x_wconf 82' lang='lat' dir='ltr'>commiffum</span> <span class='ocrx_word' id='word_1_50' title='bbox 675 709 689 721; x_wconf 91' lang='lat'><em>.</em></span> <span class='ocrx_word' id='word_1_51' title='bbox 740 673 936 741; x_wconf 80' lang='lat' dir='ltr'>Ideoque</span> <span class='ocrx_word' id='word_1_52' title='bbox 989 670 1120 722; x_wconf 90' lang='lat' dir='ltr'>valde</span> <span class='ocrx_word' id='word_1_53' title='bbox 1155 668 1432 722; x_wconf 83' lang='lat' dir='ltr'>neceffarium</span> <span class='ocrx_word' id='word_1_54' title='bbox 1467 669 1530 720; x_wconf 92' lang='lat' dir='ltr'>est</span> <span class='ocrx_word' id='word_1_55' title='bbox 1563 706 1576 730; x_wconf 91' lang='lat'><strong>,</strong></span> <span class='ocrx_word' id='word_1_56' title='bbox 1628 684 1680 719; x_wconf 92' lang='lat' dir='ltr'>ut</span> <span class='ocrx_word' id='word_1_57' title='bbox 1713 671 1792 737; x_wconf 91' lang='lat' dir='ltr'>qui</span> <span class='ocrx_word' id='word_1_58' title='bbox 1829 668 1871 720; x_wconf 92' lang='lat' dir='ltr'>se</span> <span class='ocrx_word' id='word_1_59' title='bbox 1906 668 2093 738; x_wconf 89' lang='lat' dir='ltr'>aliquod</span> 
     </span>
     <span class='ocr_line' id='line_1_8' title="bbox 255 738 2094 808; baseline -0.002 -14"><span class='ocrx_word' id='word_1_60' title='bbox 255 759 401 808; x_wconf 73' lang='lat' dir='ltr'>grave&#39;</span> <span class='ocrx_word' id='word_1_61' title='bbox 426 747 594 794; x_wconf 89' lang='lat' dir='ltr'>crimen</span> <span class='ocrx_word' id='word_1_62' title='bbox 629 742 886 794; x_wconf 81' lang='lat' dir='ltr'>commififfe</span> <span class='ocrx_word' id='word_1_63' title='bbox 918 739 1143 806; x_wconf 87' lang='lat' dir='ltr'>cognoscit</span> <span class='ocrx_word' id='word_1_64' title='bbox 1177 778 1190 803; x_wconf 86' lang='lat'>‚</span> <span class='ocrx_word' id='word_1_65' title='bbox 1226 744 1418 791; x_wconf 88' lang='lat' dir='ltr'>animam</span> <span class='ocrx_word' id='word_1_66' title='bbox 1452 739 1569 791; x_wconf 89' lang='lat' dir='ltr'>suam</span> <span class='ocrx_word' id='word_1_67' title='bbox 1604 738 1892 808; x_wconf 90' lang='lat' dir='ltr'>prudentibus</span> <span class='ocrx_word' id='word_1_68' title='bbox 1927 745 1971 790; x_wconf 75' lang='grc' dir='ltr'>ὅτ,</span> <span class='ocrx_word' id='word_1_69' title='bbox 1998 744 2094 791; x_wconf 85' lang='lat' dir='ltr'>Re-</span> 
     </span>
     <span class='ocr_line' id='line_1_9' title="bbox 252 808 2091 881; baseline -0.002 -16"><span class='ocrx_word' id='word_1_70' title='bbox 252 814 420 878; x_wconf 82' lang='lat' dir='ltr'>ligiofis</span> <span class='ocrx_word' id='word_1_71' title='bbox 454 817 559 863; x_wconf 88' lang='lat' dir='ltr'>viris</span> <span class='ocrx_word' id='word_1_72' title='bbox 595 816 851 866; x_wconf 84' lang='lat' dir='ltr'>committat</span> <span class='ocrx_word' id='word_1_73' title='bbox 885 851 898 875; x_wconf 87' lang='lat'>,</span> <span class='ocrx_word' id='word_1_74' title='bbox 944 828 995 861; x_wconf 89' lang='lat' dir='ltr'>ut</span> <span class='ocrx_word' id='word_1_75' title='bbox 1029 830 1106 881; x_wconf 91' lang='lat' dir='ltr'>per</span> <span class='ocrx_word' id='word_1_76' title='bbox 1141 829 1287 863; x_wconf 90' lang='lat' dir='ltr'>veram</span> <span class='ocrx_word' id='word_1_77' title='bbox 1322 813 1632 880; x_wconf 86' lang='lat' dir='ltr'>poenitentiam</span> <span class='ocrx_word' id='word_1_78' title='bbox 1678 826 1961 879; x_wconf 89' lang='lat' dir='ltr'>peccatorum</span> <span class='ocrx_word' id='word_1_79' title='bbox 1995 808 2091 861; x_wconf 91' lang='lat' dir='ltr'>suo-</span> 
     </span>
     <span class='ocr_line' id='line_1_10' title="bbox 256 882 2095 951; baseline -0.002 -16"><span class='ocrx_word' id='word_1_80' title='bbox 256 903 354 935; x_wconf 87' lang='lat' dir='ltr'>rum</span> <span class='ocrx_word' id='word_1_81' title='bbox 388 900 553 935; x_wconf 89' lang='lat' dir='ltr'>certam</span> <span class='ocrx_word' id='word_1_82' title='bbox 588 883 878 951; x_wconf 88' lang='lat' dir='ltr'>consequatur</span> <span class='ocrx_word' id='word_1_83' title='bbox 910 885 1081 933; x_wconf 87' lang='lat' dir='ltr'>veniam</span> <span class='ocrx_word' id='word_1_84' title='bbox 1116 919 1131 931; x_wconf 86' lang='lat'><strong>.</strong></span> <span class='ocrx_word' id='word_1_85' title='bbox 1177 886 1285 932; x_wconf 88' lang='lat' dir='ltr'>Haec</span> <span class='ocrx_word' id='word_1_86' title='bbox 1318 882 1380 932; x_wconf 91' lang='lat' dir='ltr'>est</span> <span class='ocrx_word' id='word_1_87' title='bbox 1412 885 1530 934; x_wconf 89' lang='lat' dir='ltr'>enim</span> <span class='ocrx_word' id='word_1_88' title='bbox 1566 898 1666 933; x_wconf 86' lang='lat' dir='ltr'>vera</span> <span class='ocrx_word' id='word_1_89' title='bbox 1701 884 1962 950; x_wconf 86' lang='lat' dir='ltr'>poenitentia</span> <span class='ocrx_word' id='word_1_90' title='bbox 1995 916 2010 942; x_wconf 86' lang='lat'>‚</span> <span class='ocrx_word' id='word_1_91' title='bbox 2044 895 2095 931; x_wconf 91' lang='lat' dir='ltr'>ut</span> 
     </span>
     <span class='ocr_line' id='line_1_11' title="bbox 254 951 2096 1024; baseline -0.003 -19"><span class='ocrx_word' id='word_1_92' title='bbox 254 956 355 1024; x_wconf 82' lang='lat' dir='ltr'>post</span> <span class='ocrx_word' id='word_1_93' title='bbox 388 953 658 1007; x_wconf 85' lang='lat' dir='ltr'>commiffum</span> <span class='ocrx_word' id='word_1_94' title='bbox 694 956 877 1021; x_wconf 83' lang='lat' dir='ltr'>alicujus</span> <span class='ocrx_word' id='word_1_95' title='bbox 913 956 1122 1020; x_wconf 85' lang='lat' dir='ltr'>gravioris</span> <span class='ocrx_word' id='word_1_96' title='bbox 1156 955 1352 1002; x_wconf 90' lang='lat' dir='ltr'>criminis</span> <span class='ocrx_word' id='word_1_97' title='bbox 1386 988 1400 1014; x_wconf 84' lang='lat'>‚</span> <span class='ocrx_word' id='word_1_98' title='bbox 1448 953 1605 1022; x_wconf 72' lang='lat' dir='ltr'>utpote</span> <span class='ocrx_word' id='word_1_99' title='bbox 1654 951 1859 1003; x_wconf 87' lang='lat' dir='ltr'>meditati</span> <span class='ocrx_word' id='word_1_100' title='bbox 1907 953 2096 1002; x_wconf 90' lang='lat' dir='ltr'>homici-</span> 
     </span>
     <span class='ocr_line' id='line_1_12' title="bbox 256 1023 2098 1094; baseline -0.001 -19"><span class='ocrx_word' id='word_1_101' title='bbox 256 1026 322 1075; x_wconf 91' lang='lat' dir='ltr'>dii</span> <span class='ocrx_word' id='word_1_102' title='bbox 356 1062 370 1086; x_wconf 88' lang='lat'><strong>,</strong></span> <span class='ocrx_word' id='word_1_103' title='bbox 406 1030 450 1075; x_wconf 88' lang='lat'>&amp;</span> <span class='ocrx_word' id='word_1_104' title='bbox 485 1025 637 1093; x_wconf 76' lang='lat' dir='ltr'>sponte</span> <span class='ocrx_word' id='word_1_105' title='bbox 675 1025 886 1076; x_wconf 80' lang='lat' dir='ltr'>commisti</span> <span class='ocrx_word' id='word_1_106' title='bbox 921 1062 934 1086; x_wconf 87' lang='lat'>‚</span> <span class='ocrx_word' id='word_1_107' title='bbox 969 1023 1038 1075; x_wconf 91' lang='lat' dir='ltr'>seu</span> <span class='ocrx_word' id='word_1_108' title='bbox 1073 1026 1249 1092; x_wconf 88' lang='lat' dir='ltr'>perjurii</span> <span class='ocrx_word' id='word_1_109' title='bbox 1285 1041 1367 1094; x_wconf 91' lang='lat' dir='ltr'>pro</span> <span class='ocrx_word' id='word_1_110' title='bbox 1400 1024 1646 1094; x_wconf 89' lang='lat' dir='ltr'>cupiditate</span> <span class='ocrx_word' id='word_1_111' title='bbox 1680 1024 1857 1074; x_wconf 90' lang='lat' dir='ltr'>honoris</span> <span class='ocrx_word' id='word_1_112' title='bbox 1909 1038 1985 1075; x_wconf 87' lang='lat' dir='ltr'>aut</span> <span class='ocrx_word' id='word_1_113' title='bbox 2022 1040 2098 1090; x_wconf 86' lang='lat' dir='ltr'>pe-</span> 
     </span>
     <span class='ocr_line' id='line_1_13' title="bbox 257 1088 2100 1162; baseline -0.003 -16"><span class='ocrx_word' id='word_1_114' title='bbox 257 1088 398 1146; x_wconf 77' lang='lat' dir='ltr'>cuniae</span> <span class='ocrx_word' id='word_1_115' title='bbox 419 1096 536 1145; x_wconf 62' lang='lat' dir='ltr'>faciti</span> <span class='ocrx_word' id='word_1_116' title='bbox 571 1133 584 1157; x_wconf 88' lang='lat'>,</span> <span class='ocrx_word' id='word_1_117' title='bbox 620 1098 689 1146; x_wconf 92' lang='lat' dir='ltr'>vel</span> <span class='ocrx_word' id='word_1_118' title='bbox 725 1098 908 1146; x_wconf 89' lang='lat' dir='ltr'>aliorum</span> <span class='ocrx_word' id='word_1_119' title='bbox 945 1096 1012 1144; x_wconf 92' lang='lat' dir='ltr'>his</span> <span class='ocrx_word' id='word_1_120' title='bbox 1047 1095 1250 1144; x_wconf 90' lang='lat' dir='ltr'>fimilium</span> <span class='ocrx_word' id='word_1_121' title='bbox 1285 1131 1298 1156; x_wconf 84' lang='grc'>,</span> <span class='ocrx_word' id='word_1_122' title='bbox 1335 1096 1400 1143; x_wconf 89' lang='lat' dir='ltr'>ita</span> <span class='ocrx_word' id='word_1_123' title='bbox 1434 1093 1476 1143; x_wconf 91' lang='lat' dir='ltr'>se</span> <span class='ocrx_word' id='word_1_124' title='bbox 1510 1093 1807 1162; x_wconf 90' lang='lat' dir='ltr'>unusquisque</span> <span class='ocrx_word' id='word_1_125' title='bbox 1844 1093 1901 1143; x_wconf 88' lang='lat' dir='ltr'>ad</span> <span class='ocrx_word' id='word_1_126' title='bbox 1936 1095 2100 1142; x_wconf 86' lang='lat' dir='ltr'>Domi-</span> 
     </span>
     <span class='ocr_line' id='line_1_14' title="bbox 251 1163 2101 1233; baseline -0.002 -17"><span class='ocrx_word' id='word_1_127' title='bbox 251 1184 362 1216; x_wconf 84' lang='lat' dir='ltr'>num</span> <span class='ocrx_word' id='word_1_128' title='bbox 399 1182 631 1218; x_wconf 88' lang='lat' dir='ltr'>convertat</span> <span class='ocrx_word' id='word_1_129' title='bbox 665 1203 679 1227; x_wconf 85' lang='lat'>‚</span> <span class='ocrx_word' id='word_1_130' title='bbox 714 1182 764 1216; x_wconf 91' lang='lat' dir='ltr'>ut</span> <span class='ocrx_word' id='word_1_131' title='bbox 799 1167 956 1216; x_wconf 69' lang='lat' dir='ltr'>reliffls</span> <span class='ocrx_word' id='word_1_132' title='bbox 990 1165 1193 1215; x_wconf 91' lang='lat' dir='ltr'>omnibus</span> <span class='ocrx_word' id='word_1_133' title='bbox 1227 1163 1539 1233; x_wconf 90' lang='lat' dir='ltr'>iniquitatibus</span> <span class='ocrx_word' id='word_1_134' title='bbox 1573 1163 1658 1213; x_wconf 90' lang='lat' dir='ltr'>suis</span> <span class='ocrx_word' id='word_1_135' title='bbox 1682 1200 1696 1225; x_wconf 84' lang='lat'>,</span> <span class='ocrx_word' id='word_1_136' title='bbox 1731 1164 1889 1215; x_wconf 76' lang='lat' dir='ltr'>deinde</span> <span class='ocrx_word' id='word_1_137' title='bbox 1927 1167 1974 1213; x_wconf 92' lang='lat' dir='ltr'>in</span> <span class='ocrx_word' id='word_1_138' title='bbox 2010 1163 2101 1215; x_wconf 86' lang='lat' dir='ltr'>fru-</span> 
     </span>
     <span class='ocr_line' id='line_1_15' title="bbox 230 1234 2103 1305; baseline -0.001 -20"><span class='ocrx_word' id='word_1_139' title='bbox 230 1234 397 1286; x_wconf 55' lang='lat' dir='ltr'>‘eribus</span> <span class='ocrx_word' id='word_1_140' title='bbox 432 1237 558 1286; x_wconf 85' lang='lat' dir='ltr'>bonae</span> <span class='ocrx_word' id='word_1_141' title='bbox 601 1239 873 1305; x_wconf 88' lang='lat' dir='ltr'>operationis</span> <span class='ocrx_word' id='word_1_142' title='bbox 907 1251 1161 1305; x_wconf 86' lang='lat' dir='ltr'>permaneat</span> <span class='ocrx_word' id='word_1_143' title='bbox 1196 1272 1209 1285; x_wconf 93' lang='lat'><em>.</em></span> <span class='ocrx_word' id='word_1_144' title='bbox 1259 1237 1334 1286; x_wconf 90' lang='lat' dir='ltr'>Sic</span> <span class='ocrx_word' id='word_1_145' title='bbox 1369 1237 1488 1286; x_wconf 88' lang='lat' dir='ltr'>enim</span> <span class='ocrx_word' id='word_1_146' title='bbox 1523 1237 1746 1285; x_wconf 81' lang='lat' dir='ltr'>Dominus</span> <span class='ocrx_word' id='word_1_147' title='bbox 1796 1254 1870 1303; x_wconf 90' lang='lat' dir='ltr'>per</span> <span class='ocrx_word' id='word_1_148' title='bbox 1905 1234 2103 1302; x_wconf 87' lang='lat' dir='ltr'>Prophe-</span> 
     </span>
     <span class='ocr_line' id='line_1_16' title="bbox 256 1303 2104 1375; baseline -0.003 -19"><span class='ocrx_word' id='word_1_149' title='bbox 256 1321 352 1356; x_wconf 79' lang='lat' dir='ltr'>tarn</span> <span class='ocrx_word' id='word_1_150' title='bbox 387 1306 522 1357; x_wconf 83' lang='lat' dir='ltr'>docet</span> <span class='ocrx_word' id='word_1_151' title='bbox 559 1328 571 1356; x_wconf 79' lang='lat' dir='ltr'><strong><em>z</em></strong></span> <span class='ocrx_word' id='word_1_152' title='bbox 619 1313 665 1354; x_wconf 80' lang='lat' dir='ltr'>Sl&#39;</span> <span class='ocrx_word' id='word_1_153' title='bbox 699 1306 893 1374; x_wconf 63' lang='lat' dir='ltr'>conversus</span> <span class='ocrx_word' id='word_1_154' title='bbox 936 1307 1055 1371; x_wconf 59' lang='lat' dir='ltr'>fuerit</span> <span class='ocrx_word' id='word_1_155' title='bbox 1089 1309 1225 1375; x_wconf 80' lang='lat' dir='ltr'>impius</span> <span class='ocrx_word' id='word_1_156' title='bbox 1270 1307 1323 1356; x_wconf 79' lang='lat' dir='ltr'>ab</span> <span class='ocrx_word' id='word_1_157' title='bbox 1357 1308 1521 1355; x_wconf 79' lang='lat' dir='ltr'>omnibus</span> <span class='ocrx_word' id='word_1_158' title='bbox 1571 1307 1832 1373; x_wconf 75' lang='lat' dir='ltr'>iniquitatibus</span> <span class='ocrx_word' id='word_1_159' title='bbox 1861 1303 1948 1371; x_wconf 63' lang='lat' dir='ltr'>fisis</span> <span class='ocrx_word' id='word_1_160' title='bbox 1981 1342 1996 1366; x_wconf 82' lang='grc'>,</span> <span class='ocrx_word' id='word_1_161' title='bbox 2044 1309 2104 1350; x_wconf 68' lang='grc'>(9·</span> 
     </span>
     <span class='ocr_line' id='line_1_17' title="bbox 257 1375 2107 1443; baseline -0.001 -19"><span class='ocrx_word' id='word_1_162' title='bbox 257 1377 466 1441; x_wconf 71' lang='lat' dir='ltr'>ctfiodierit</span> <span class='ocrx_word' id='word_1_163' title='bbox 501 1375 680 1443; x_wconf 64' lang='lat' dir='ltr'>universa</span> <span class='ocrx_word' id='word_1_164' title='bbox 715 1377 902 1426; x_wconf 76' lang='lat' dir='ltr'>mandata</span> <span class='ocrx_word' id='word_1_165' title='bbox 936 1396 1019 1425; x_wconf 81' lang='lat' dir='ltr'>mea</span> <span class='ocrx_word' id='word_1_166' title='bbox 1053 1413 1066 1437; x_wconf 83' lang='lat'>‚</span> <span class='ocrx_word' id='word_1_167' title='bbox 1101 1382 1192 1424; x_wconf 82' lang='lat' dir='ltr'>vita</span> <span class='ocrx_word' id='word_1_168' title='bbox 1226 1380 1342 1424; x_wconf 76' lang='lat' dir='ltr'>vivet</span> <span class='ocrx_word' id='word_1_169' title='bbox 1376 1413 1391 1438; x_wconf 87' lang='lat'>‚</span> <span class='ocrx_word' id='word_1_170' title='bbox 1443 1381 1504 1423; x_wconf 72' lang='lat'>(9⁴</span> <span class='ocrx_word' id='word_1_171' title='bbox 1537 1396 1606 1424; x_wconf 83' lang='lat' dir='ltr'>non</span> <span class='ocrx_word' id='word_1_172' title='bbox 1642 1381 1818 1424; x_wconf 78' lang='lat' dir='ltr'>morietur</span> <span class='ocrx_word' id='word_1_173' title='bbox 1853 1411 1866 1424; x_wconf 83' lang='lat'><strong>.</strong></span> <span class='ocrx_word' id='word_1_174' title='bbox 1918 1379 1970 1424; x_wconf 90' lang='lat' dir='ltr'>In</span> <span class='ocrx_word' id='word_1_175' title='bbox 2004 1375 2107 1441; x_wconf 86' lang='lat' dir='ltr'>qui-</span> 
     </span>
     <span class='ocr_line' id='line_1_18' title="bbox 259 1443 2104 1513; baseline -0.003 -16"><span class='ocrx_word' id='word_1_176' title='bbox 259 1445 340 1497; x_wconf 91' lang='lat' dir='ltr'>bus</span> <span class='ocrx_word' id='word_1_177' title='bbox 374 1446 518 1499; x_wconf 84' lang='lat' dir='ltr'>verbis</span> <span class='ocrx_word' id='word_1_178' title='bbox 552 1446 776 1496; x_wconf 74' lang='lat' dir='ltr'>manifeste</span> <span class='ocrx_word' id='word_1_179' title='bbox 813 1446 941 1496; x_wconf 89' lang='lat' dir='ltr'>datur</span> <span class='ocrx_word' id='word_1_180' title='bbox 976 1447 1166 1510; x_wconf 85' lang='lat' dir='ltr'>intelligi</span> <span class='ocrx_word' id='word_1_181' title='bbox 1202 1483 1215 1506; x_wconf 89' lang='lat'>,</span> <span class='ocrx_word' id='word_1_182' title='bbox 1267 1448 1479 1513; x_wconf 88' lang='lat' dir='ltr'>quoniam</span> <span class='ocrx_word' id='word_1_183' title='bbox 1527 1448 1605 1512; x_wconf 91' lang='lat' dir='ltr'>qui</span> <span class='ocrx_word' id='word_1_184' title='bbox 1642 1448 1784 1495; x_wconf 89' lang='lat' dir='ltr'>aliena</span> <span class='ocrx_word' id='word_1_185' title='bbox 1833 1445 1950 1494; x_wconf 90' lang='lat' dir='ltr'>bona</span> <span class='ocrx_word' id='word_1_186' title='bbox 1997 1443 2104 1492; x_wconf 88' lang='lat' dir='ltr'>diri-</span> 
     </span>
     <span class='ocr_line' id='line_1_19' title="bbox 255 1515 2104 1586; baseline -0.002 -21"><span class='ocrx_word' id='word_1_187' title='bbox 255 1519 358 1586; x_wconf 80' lang='lat' dir='ltr'>puit</span> <span class='ocrx_word' id='word_1_188' title='bbox 391 1553 405 1578; x_wconf 85' lang='lat'>‚</span> <span class='ocrx_word' id='word_1_189' title='bbox 440 1522 484 1566; x_wconf 89' lang='lat'>&amp;</span> <span class='ocrx_word' id='word_1_190' title='bbox 520 1533 573 1566; x_wconf 87' lang='lat' dir='ltr'>ea</span> <span class='ocrx_word' id='word_1_191' title='bbox 608 1517 710 1568; x_wconf 74' lang='lat' dir='ltr'>cum</span> <span class='ocrx_word' id='word_1_192' title='bbox 746 1517 877 1586; x_wconf 84' lang='lat' dir='ltr'>possit</span> <span class='ocrx_word' id='word_1_193' title='bbox 912 1515 1090 1568; x_wconf 89' lang='lat' dir='ltr'>reddere</span> <span class='ocrx_word' id='word_1_194' title='bbox 1123 1518 1192 1566; x_wconf 90' lang='lat' dir='ltr'>vel</span> <span class='ocrx_word' id='word_1_195' title='bbox 1228 1515 1457 1567; x_wconf 88' lang='lat' dir='ltr'>emendare</span> <span class='ocrx_word' id='word_1_196' title='bbox 1492 1517 1682 1567; x_wconf 91' lang='lat' dir='ltr'>noluerit</span> <span class='ocrx_word' id='word_1_197' title='bbox 1708 1553 1722 1578; x_wconf 86' lang='lat'>‚</span> <span class='ocrx_word' id='word_1_198' title='bbox 1757 1516 1830 1567; x_wconf 87' lang='lat' dir='ltr'>vel</span> <span class='ocrx_word' id='word_1_199' title='bbox 1867 1517 1946 1583; x_wconf 90' lang='lat' dir='ltr'>qui</span> <span class='ocrx_word' id='word_1_200' title='bbox 1982 1531 2104 1563; x_wconf 89' lang='lat' dir='ltr'>arma</span> 
     </span>
     <span class='ocr_line' id='line_1_20' title="bbox 257 1585 2104 1656; baseline -0.001 -21"><span class='ocrx_word' id='word_1_201' title='bbox 257 1591 413 1636; x_wconf 86' lang='lat' dir='ltr'>contra</span> <span class='ocrx_word' id='word_1_202' title='bbox 446 1587 654 1654; x_wconf 86' lang='lat' dir='ltr'>justitiam</span> <span class='ocrx_word' id='word_1_203' title='bbox 689 1589 932 1656; x_wconf 85' lang='lat' dir='ltr'>portaverit</span> <span class='ocrx_word' id='word_1_204' title='bbox 958 1625 972 1650; x_wconf 86' lang='lat'>‚</span> <span class='ocrx_word' id='word_1_205' title='bbox 1008 1603 1084 1637; x_wconf 91' lang='lat' dir='ltr'>aut</span> <span class='ocrx_word' id='word_1_206' title='bbox 1120 1586 1273 1637; x_wconf 89' lang='lat' dir='ltr'>odium</span> <span class='ocrx_word' id='word_1_207' title='bbox 1310 1590 1356 1636; x_wconf 90' lang='lat' dir='ltr'>in</span> <span class='ocrx_word' id='word_1_208' title='bbox 1392 1585 1525 1637; x_wconf 90' lang='lat' dir='ltr'>corde</span> <span class='ocrx_word' id='word_1_209' title='bbox 1559 1589 1725 1638; x_wconf 89' lang='lat' dir='ltr'>retinet</span> <span class='ocrx_word' id='word_1_210' title='bbox 1751 1623 1765 1648; x_wconf 84' lang='lat'>‚</span> <span class='ocrx_word' id='word_1_211' title='bbox 1801 1586 1872 1635; x_wconf 92' lang='lat' dir='ltr'>vel</span> <span class='ocrx_word' id='word_1_212' title='bbox 1909 1588 1988 1653; x_wconf 93' lang='lat' dir='ltr'>qui</span> <span class='ocrx_word' id='word_1_213' title='bbox 2025 1585 2104 1633; x_wconf 82' lang='lat' dir='ltr'>hu-</span> 
     </span>
     <span class='ocr_line' id='line_1_21' title="bbox 256 1655 2104 1725; baseline -0.002 -18"><span class='ocrx_word' id='word_1_214' title='bbox 256 1655 444 1708; x_wconf 90' lang='lat' dir='ltr'>iusmodi</span> <span class='ocrx_word' id='word_1_215' title='bbox 479 1658 854 1722; x_wconf 87' lang='lat' dir='ltr'>negotiationibus</span> <span class='ocrx_word' id='word_1_216' title='bbox 902 1674 979 1708; x_wconf 91' lang='lat' dir='ltr'>aut</span> <span class='ocrx_word' id='word_1_217' title='bbox 1013 1657 1169 1707; x_wconf 89' lang='lat' dir='ltr'>officiis</span> <span class='ocrx_word' id='word_1_218' title='bbox 1205 1659 1458 1725; x_wconf 86' lang='lat' dir='ltr'>implicatus</span> <span class='ocrx_word' id='word_1_219' title='bbox 1493 1657 1622 1707; x_wconf 90' lang='lat' dir='ltr'>fuerit</span> <span class='ocrx_word' id='word_1_220' title='bbox 1656 1694 1670 1718; x_wconf 94' lang='lat'>‚</span> <span class='ocrx_word' id='word_1_221' title='bbox 1731 1674 1829 1723; x_wconf 87' lang='lat' dir='ltr'>quae</span> <span class='ocrx_word' id='word_1_222' title='bbox 1864 1655 1951 1705; x_wconf 89' lang='lat' dir='ltr'>fine</span> <span class='ocrx_word' id='word_1_223' title='bbox 1988 1655 2104 1705; x_wconf 88' lang='lat' dir='ltr'>frau-</span> 
     </span>
     <span class='ocr_line' id='line_1_22' title="bbox 257 1726 2105 1796; baseline -0.001 -20"><span class='ocrx_word' id='word_1_224' title='bbox 257 1727 315 1776; x_wconf 91' lang='lat' dir='ltr'>de</span> <span class='ocrx_word' id='word_1_225' title='bbox 350 1766 364 1790; x_wconf 84' lang='lat'>,</span> <span class='ocrx_word' id='word_1_226' title='bbox 413 1727 499 1778; x_wconf 89' lang='lat' dir='ltr'>fine</span> <span class='ocrx_word' id='word_1_227' title='bbox 535 1727 721 1779; x_wconf 86' lang='lat' dir='ltr'>falfitate</span> <span class='ocrx_word' id='word_1_228' title='bbox 755 1766 768 1791; x_wconf 86' lang='lat'>,</span> <span class='ocrx_word' id='word_1_229' title='bbox 818 1728 904 1780; x_wconf 90' lang='lat' dir='ltr'>fine</span> <span class='ocrx_word' id='word_1_230' title='bbox 940 1728 1107 1778; x_wconf 89' lang='lat' dir='ltr'>invidia</span> <span class='ocrx_word' id='word_1_231' title='bbox 1140 1765 1154 1788; x_wconf 85' lang='lat'>‚</span> <span class='ocrx_word' id='word_1_232' title='bbox 1201 1727 1288 1777; x_wconf 86' lang='lat' dir='ltr'>fine</span> <span class='ocrx_word' id='word_1_233' title='bbox 1324 1726 1587 1796; x_wconf 87' lang='lat' dir='ltr'>deceptione</span> <span class='ocrx_word' id='word_1_234' title='bbox 1646 1727 1827 1776; x_wconf 88' lang='lat' dir='ltr'>fratrum</span> <span class='ocrx_word' id='word_1_235' title='bbox 1864 1743 2105 1781; x_wconf 56' lang='lat' dir='ltr'>exercere..</span> 
     </span>
     <span class='ocr_line' id='line_1_23' title="bbox 258 1796 2104 1867; baseline -0.001 -19"><span class='ocrx_word' id='word_1_236' title='bbox 258 1816 350 1848; x_wconf 92' lang='lat' dir='ltr'>non</span> <span class='ocrx_word' id='word_1_237' title='bbox 386 1798 512 1866; x_wconf 73' lang='lat' dir='ltr'>poffit</span> <span class='ocrx_word' id='word_1_238' title='bbox 548 1835 562 1862; x_wconf 81' lang='lat'>‚</span> <span class='ocrx_word' id='word_1_239' title='bbox 615 1817 695 1850; x_wconf 90' lang='lat' dir='ltr'>nec</span> <span class='ocrx_word' id='word_1_240' title='bbox 731 1798 788 1850; x_wconf 89' lang='lat' dir='ltr'>ad</span> <span class='ocrx_word' id='word_1_241' title='bbox 824 1802 1066 1849; x_wconf 87' lang='lat' dir='ltr'>Dominum</span> <span class='ocrx_word' id='word_1_242' title='bbox 1103 1797 1332 1849; x_wconf 90' lang='lat' dir='ltr'>conversus</span> <span class='ocrx_word' id='word_1_243' title='bbox 1366 1811 1384 1859; x_wconf 71' lang='lat'>‘‚</span> <span class='ocrx_word' id='word_1_244' title='bbox 1430 1816 1512 1848; x_wconf 88' lang='lat' dir='ltr'>nec</span> <span class='ocrx_word' id='word_1_245' title='bbox 1547 1798 1602 1848; x_wconf 92' lang='lat' dir='ltr'>de</span> <span class='ocrx_word' id='word_1_246' title='bbox 1637 1799 1901 1867; x_wconf 89' lang='lat' dir='ltr'>perpetratis</span> <span class='ocrx_word' id='word_1_247' title='bbox 1938 1796 2104 1847; x_wconf 82' lang='lat' dir='ltr'>facino-</span> 
     </span>
     <span class='ocr_line' id='line_1_24' title="bbox 259 1867 2105 1938; baseline 0.001 -21"><span class='ocrx_word' id='word_1_248' title='bbox 259 1869 378 1918; x_wconf 87' lang='lat' dir='ltr'>ribus</span> <span class='ocrx_word' id='word_1_249' title='bbox 413 1887 558 1918; x_wconf 80' lang='lat' dir='ltr'>veram</span> <span class='ocrx_word' id='word_1_250' title='bbox 605 1872 914 1938; x_wconf 89' lang='lat' dir='ltr'>poenitentiam</span> <span class='ocrx_word' id='word_1_251' title='bbox 964 1870 1109 1919; x_wconf 88' lang='lat' dir='ltr'>facere</span> <span class='ocrx_word' id='word_1_252' title='bbox 1143 1867 1381 1919; x_wconf 89' lang='lat' dir='ltr'>credendus</span> <span class='ocrx_word' id='word_1_253' title='bbox 1418 1869 1480 1918; x_wconf 87' lang='lat' dir='ltr'>est</span> <span class='ocrx_word' id='word_1_254' title='bbox 1514 1905 1527 1917; x_wconf 91' lang='lat'><strong>.</strong></span> <span class='ocrx_word' id='word_1_255' title='bbox 1592 1868 1726 1919; x_wconf 71' lang='lat' dir='ltr'>Unde</span> <span class='ocrx_word' id='word_1_256' title='bbox 1765 1872 1880 1919; x_wconf 89' lang='lat' dir='ltr'>inter</span> <span class='ocrx_word' id='word_1_257' title='bbox 1915 1872 2105 1919; x_wconf 84' lang='lat' dir='ltr'>omnia...</span> 
     </span>
     <span class='ocr_line' id='line_1_25' title="bbox 230 1938 2104 2008; baseline 0.001 -21"><span class='ocrx_word' id='word_1_258' title='bbox 230 1957 339 1988; x_wconf 87' lang='lat' dir='ltr'>-vos</span> <span class='ocrx_word' id='word_1_259' title='bbox 375 1939 598 1989; x_wconf 89' lang='lat' dir='ltr'>hortamur</span> <span class='ocrx_word' id='word_1_260' title='bbox 635 1956 770 2008; x_wconf 89' lang='lat' dir='ltr'>atque</span> <span class='ocrx_word' id='word_1_261' title='bbox 807 1958 1039 1992; x_wconf 89' lang='lat' dir='ltr'>monemus</span> <span class='ocrx_word' id='word_1_262' title='bbox 1073 1978 1087 2002; x_wconf 90' lang='lat'>‚</span> <span class='ocrx_word' id='word_1_263' title='bbox 1140 1955 1188 1989; x_wconf 93' lang='lat' dir='ltr'>ut</span> <span class='ocrx_word' id='word_1_264' title='bbox 1225 1941 1271 1988; x_wconf 93' lang='lat' dir='ltr'>in</span> <span class='ocrx_word' id='word_1_265' title='bbox 1308 1938 1574 2007; x_wconf 85' lang='lat' dir='ltr'>accipiendis</span> <span class='ocrx_word' id='word_1_266' title='bbox 1611 1942 1885 2008; x_wconf 87' lang='lat' dir='ltr'>poenitentiis</span> <span class='ocrx_word' id='word_1_267' title='bbox 1922 1958 2010 1990; x_wconf 91' lang='lat' dir='ltr'>non</span> <span class='ocrx_word' id='word_1_268' title='bbox 2047 1938 2104 1989; x_wconf 92' lang='lat' dir='ltr'>ad</span> 
     </span>
     <span class='ocr_line' id='line_1_26' title="bbox 260 2008 2104 2078; baseline 0 -18"><span class='ocrx_word' id='word_1_269' title='bbox 260 2010 363 2060; x_wconf 87' lang='lat' dir='ltr'>illos</span> <span class='ocrx_word' id='word_1_270' title='bbox 397 2013 579 2060; x_wconf 87' lang='lat' dir='ltr'>curratis</span> <span class='ocrx_word' id='word_1_271' title='bbox 614 2047 629 2072; x_wconf 83' lang='lat'>‚</span> <span class='ocrx_word' id='word_1_272' title='bbox 664 2014 712 2060; x_wconf 91' lang='lat' dir='ltr'>in</span> <span class='ocrx_word' id='word_1_273' title='bbox 746 2011 906 2078; x_wconf 90' lang='lat' dir='ltr'>quibus</span> <span class='ocrx_word' id='word_1_274' title='bbox 942 2029 1021 2060; x_wconf 90' lang='lat' dir='ltr'>nec</span> <span class='ocrx_word' id='word_1_275' title='bbox 1056 2008 1254 2073; x_wconf 86' lang='lat' dir='ltr'>religiosa</span> <span class='ocrx_word' id='word_1_276' title='bbox 1290 2013 1385 2060; x_wconf 86' lang='lat' dir='ltr'>vita</span> <span class='ocrx_word' id='word_1_277' title='bbox 1419 2046 1433 2070; x_wconf 89' lang='lat'>,</span> <span class='ocrx_word' id='word_1_278' title='bbox 1468 2028 1550 2060; x_wconf 88' lang='lat' dir='ltr'>nec</span> <span class='ocrx_word' id='word_1_279' title='bbox 1585 2010 1647 2060; x_wconf 92' lang='lat' dir='ltr'>est</span> <span class='ocrx_word' id='word_1_280' title='bbox 1681 2009 1933 2060; x_wconf 88' lang='lat' dir='ltr'>consulendi</span> <span class='ocrx_word' id='word_1_281' title='bbox 1969 2009 2104 2060; x_wconf 85' lang='lat' dir='ltr'>scien-</span> 
     </span>
     <span class='ocr_line' id='line_1_27' title="bbox 262 2078 2106 2147; baseline 0.001 -19"><span class='ocrx_word' id='word_1_282' title='bbox 262 2082 327 2129; x_wconf 89' lang='lat' dir='ltr'>tia</span> <span class='ocrx_word' id='word_1_283' title='bbox 362 2117 376 2140; x_wconf 86' lang='lat'>‚</span> <span class='ocrx_word' id='word_1_284' title='bbox 411 2083 489 2147; x_wconf 88' lang='lat' dir='ltr'>qui</span> <span class='ocrx_word' id='word_1_285' title='bbox 524 2084 692 2130; x_wconf 91' lang='lat' dir='ltr'>animas</span> <span class='ocrx_word' id='word_1_286' title='bbox 729 2082 955 2130; x_wconf 92' lang='lat' dir='ltr'>hominum</span> <span class='ocrx_word' id='word_1_287' title='bbox 1009 2085 1150 2144; x_wconf 88' lang='lat' dir='ltr'>magis</span> <span class='ocrx_word' id='word_1_288' title='bbox 1186 2079 1244 2129; x_wconf 89' lang='lat' dir='ltr'>ad</span> <span class='ocrx_word' id='word_1_289' title='bbox 1278 2082 1505 2131; x_wconf 89' lang='lat' dir='ltr'>interitum</span> <span class='ocrx_word' id='word_1_290' title='bbox 1538 2116 1552 2140; x_wconf 87' lang='lat'>,</span> <span class='ocrx_word' id='word_1_291' title='bbox 1605 2078 1741 2147; x_wconf 72' lang='lat' dir='ltr'>quam</span> <span class='ocrx_word' id='word_1_292' title='bbox 1789 2080 1848 2131; x_wconf 86' lang='lat' dir='ltr'>ad</span> <span class='ocrx_word' id='word_1_293' title='bbox 1879 2081 2106 2131; x_wconf 73' lang='lat' dir='ltr'>salutem...</span> 
     </span>
     <span class='ocr_line' id='line_1_28' title="bbox 261 2149 2104 2218; baseline 0.001 -20"><span class='ocrx_word' id='word_1_294' title='bbox 261 2149 428 2199; x_wconf 90' lang='lat' dir='ltr'>ducunt</span> <span class='ocrx_word' id='word_1_295' title='bbox 462 2188 475 2212; x_wconf 84' lang='lat'>‚</span> <span class='ocrx_word' id='word_1_296' title='bbox 524 2151 632 2201; x_wconf 83' lang='lat' dir='ltr'>teste</span> <span class='ocrx_word' id='word_1_297' title='bbox 677 2153 866 2202; x_wconf 85' lang='lat' dir='ltr'>veritate</span> <span class='ocrx_word' id='word_1_298' title='bbox 901 2188 914 2212; x_wconf 87' lang='lat'>‚</span> <span class='ocrx_word' id='word_1_299' title='bbox 963 2169 1060 2218; x_wconf 83' lang='lat' dir='ltr'>quae</span> <span class='ocrx_word' id='word_1_300' title='bbox 1111 2153 1176 2200; x_wconf 87' lang='lat' dir='ltr'>ait</span> <span class='ocrx_word' id='word_1_301' title='bbox 1212 2171 1224 2200; x_wconf 71' lang='grc' dir='ltr'><em>τ</em></span> <span class='ocrx_word' id='word_1_302' title='bbox 1282 2154 1328 2198; x_wconf 81' lang='lat' dir='ltr'>Si</span> <span class='ocrx_word' id='word_1_303' title='bbox 1361 2171 1477 2198; x_wconf 79' lang='lat' dir='ltr'>coecus</span> <span class='ocrx_word' id='word_1_304' title='bbox 1533 2169 1670 2197; x_wconf 80' lang='lat' dir='ltr'>caecum</span> <span class='ocrx_word' id='word_1_305' title='bbox 1705 2150 1822 2197; x_wconf 75' lang='lat' dir='ltr'>ducat</span> <span class='ocrx_word' id='word_1_306' title='bbox 1854 2186 1868 2210; x_wconf 85' lang='lat'>,</span> <span class='ocrx_word' id='word_1_307' title='bbox 1920 2153 2031 2199; x_wconf 80' lang='lat' dir='ltr'>ambo</span> <span class='ocrx_word' id='word_1_308' title='bbox 2065 2157 2104 2199; x_wconf 81' lang='lat' dir='ltr'>in</span> 
     </span>
     <span class='ocr_line' id='line_1_29' title="bbox 254 2218 2104 2289; baseline 0.002 -22"><span class='ocrx_word' id='word_1_309' title='bbox 254 2221 421 2286; x_wconf 70' lang='lat' dir='ltr'>joveam</span> <span class='ocrx_word' id='word_1_310' title='bbox 475 2220 615 2268; x_wconf 77' lang='lat' dir='ltr'>cadunt</span> <span class='ocrx_word' id='word_1_311' title='bbox 648 2257 662 2270; x_wconf 89' lang='lat'><strong>.</strong></span> <span class='ocrx_word' id='word_1_312' title='bbox 712 2220 794 2270; x_wconf 90' lang='lat' dir='ltr'>Sed</span> <span class='ocrx_word' id='word_1_313' title='bbox 841 2219 897 2269; x_wconf 86' lang='lat' dir='ltr'>ad</span> <span class='ocrx_word' id='word_1_314' title='bbox 933 2238 1007 2271; x_wconf 92' lang='lat' dir='ltr'>eos</span> <span class='ocrx_word' id='word_1_315' title='bbox 1043 2223 1122 2288; x_wconf 90' lang='lat' dir='ltr'>qui</span> <span class='ocrx_word' id='word_1_316' title='bbox 1157 2221 1367 2284; x_wconf 85' lang='lat' dir='ltr'>religione</span> <span class='ocrx_word' id='word_1_317' title='bbox 1424 2224 1468 2287; x_wconf 84' lang='lat'>&amp;</span> <span class='ocrx_word' id='word_1_318' title='bbox 1504 2221 1820 2289; x_wconf 89' lang='lat' dir='ltr'>Scripturarum</span> <span class='ocrx_word' id='word_1_319' title='bbox 1869 2218 2104 2270; x_wconf 61' lang='lat' dir='ltr'>doetrina..</span> 
     </span>
     <span class='ocr_line' id='line_1_30' title="bbox 262 2289 1820 2352; baseline 0.001 -13"><span class='ocrx_word' id='word_1_320' title='bbox 262 2289 462 2340; x_wconf 63' lang='lat' dir='ltr'>instrusti&#39;</span> <span class='ocrx_word' id='word_1_321' title='bbox 487 2327 502 2352; x_wconf 84' lang='lat'>‚</span> <span class='ocrx_word' id='word_1_322' title='bbox 535 2293 656 2341; x_wconf 87' lang='lat' dir='ltr'>viam</span> <span class='ocrx_word' id='word_1_323' title='bbox 689 2293 889 2342; x_wconf 89' lang='lat' dir='ltr'>veritatis</span> <span class='ocrx_word' id='word_1_324' title='bbox 925 2296 969 2341; x_wconf 73' lang='grc' dir='ltr'>δε</span> <span class='ocrx_word' id='word_1_325' title='bbox 1003 2289 1151 2341; x_wconf 89' lang='lat' dir='ltr'>salutis</span> <span class='ocrx_word' id='word_1_326' title='bbox 1187 2291 1315 2342; x_wconf 87' lang='lat' dir='ltr'>vobis</span> <span class='ocrx_word' id='word_1_327' title='bbox 1348 2289 1574 2342; x_wconf 91' lang='lat' dir='ltr'>ostendere</span> <span class='ocrx_word' id='word_1_328' title='bbox 1608 2292 1785 2342; x_wconf 87' lang='lat' dir='ltr'>valeant</span> <span class='ocrx_word' id='word_1_329' title='bbox 1807 2327 1820 2340; x_wconf 91' lang='lat'><em>.</em></span> 
     </span>
    </p>
   </div>
   <div class='ocr_carea' id='block_1_4' title="bbox 133 2418 2207 3503">
    <p class='ocr_par' dir='ltr' id='par_1_5' title="bbox 470 2418 2102 2568">
     <span class='ocr_line' id='line_1_31' title="bbox 470 2418 2100 2469; baseline 0.001 -16"><span class='ocrx_word' id='word_1_330' title='bbox 470 2419 497 2466; x_wconf 82' lang='lat' dir='ltr'>S</span> <span class='ocrx_word' id='word_1_331' title='bbox 533 2437 562 2467; x_wconf 78' lang='lat' dir='ltr'><strong>c</strong></span> <span class='ocrx_word' id='word_1_332' title='bbox 598 2437 628 2467; x_wconf 74' lang='lat' dir='ltr'>H</span> <span class='ocrx_word' id='word_1_333' title='bbox 663 2437 696 2468; x_wconf 88' lang='lat'><em>0</em></span> <span class='ocrx_word' id='word_1_334' title='bbox 730 2438 753 2468; x_wconf 72' lang='lat' dir='ltr'>L</span> <span class='ocrx_word' id='word_1_335' title='bbox 787 2438 806 2469; x_wconf 78' lang='lat'>1</span> <span class='ocrx_word' id='word_1_336' title='bbox 841 2436 874 2468; x_wconf 90' lang='lat'>0</span> <span class='ocrx_word' id='word_1_337' title='bbox 909 2437 940 2469; x_wconf 66' lang='lat' dir='ltr'>N</span> <span class='ocrx_word' id='word_1_338' title='bbox 958 2455 972 2468; x_wconf 44' lang='lat'>⁸</span> <span class='ocrx_word' id='word_1_339' title='bbox 1154 2430 1156 2432; x_wconf 90' lang='lat'>·</span> <span class='ocrx_word' id='word_1_340' title='bbox 1178 2427 1180 2429; x_wconf 80' lang='grc'><em>·</em></span> <span class='ocrx_word' id='word_1_341' title='bbox 1218 2419 1351 2461; x_wconf 85' lang='lat' dir='ltr'>Deum,</span> <span class='ocrx_word' id='word_1_342' title='bbox 1376 2430 1448 2464; x_wconf 85' lang='lat' dir='ltr'>quae</span> <span class='ocrx_word' id='word_1_343' title='bbox 1465 2430 1582 2454; x_wconf 86' lang='lat' dir='ltr'>omnes</span> <span class='ocrx_word' id='word_1_344' title='bbox 1601 2418 1793 2464; x_wconf 79' lang='lat' dir='ltr'>iniquitates</span> <span class='ocrx_word' id='word_1_345' title='bbox 1811 2419 1992 2466; x_wconf 82' lang='lat' dir='ltr'>relinquat,</span> <span class='ocrx_word' id='word_1_346' title='bbox 2018 2421 2053 2456; x_wconf 78' lang='grc' dir='ltr'>δε</span> <span class='ocrx_word' id='word_1_347' title='bbox 2065 2421 2100 2455; x_wconf 88' lang='lat' dir='ltr'>in</span> 
     </span>
     <span class='ocr_line' id='line_1_32' title="bbox 1217 2469 2102 2515; baseline 0.001 -11"><span class='ocrx_word' id='word_1_348' title='bbox 1217 2469 1309 2504; x_wconf 84' lang='lat' dir='ltr'>bonae</span> <span class='ocrx_word' id='word_1_349' title='bbox 1331 2471 1534 2513; x_wconf 86' lang='lat' dir='ltr'>operationis</span> <span class='ocrx_word' id='word_1_350' title='bbox 1553 2469 1709 2505; x_wconf 66' lang='lat' dir='ltr'>fructibus</span> <span class='ocrx_word' id='word_1_351' title='bbox 1731 2480 1916 2514; x_wconf 82' lang='lat' dir='ltr'>permaneat</span> <span class='ocrx_word' id='word_1_352' title='bbox 1930 2496 1940 2512; x_wconf 97' lang='lat'>,</span> <span class='ocrx_word' id='word_1_353' title='bbox 1967 2472 2021 2505; x_wconf 92' lang='lat' dir='ltr'>seu</span> <span class='ocrx_word' id='word_1_354' title='bbox 2032 2482 2102 2515; x_wconf 88' lang='lat' dir='ltr'>per-</span> 
     </span>
     <span class='ocr_line' id='line_1_33' title="bbox 1216 2519 2102 2568; baseline 0.003 -15"><span class='ocrx_word' id='word_1_355' title='bbox 1216 2531 1346 2555; x_wconf 85' lang='lat' dir='ltr'>manere</span> <span class='ocrx_word' id='word_1_356' title='bbox 1357 2520 1483 2555; x_wconf 82' lang='lat' dir='ltr'>studeat</span> <span class='ocrx_word' id='word_1_357' title='bbox 1497 2545 1504 2553; x_wconf 89' lang='lat'><strong><em>.</em></strong></span> <span class='ocrx_word' id='word_1_358' title='bbox 1533 2521 1646 2568; x_wconf 82' lang='lat' dir='ltr'>Qam</span> <span class='ocrx_word' id='word_1_359' title='bbox 1657 2519 1729 2564; x_wconf 88' lang='lat' dir='ltr'>quis</span> <span class='ocrx_word' id='word_1_360' title='bbox 1742 2532 1812 2555; x_wconf 86' lang='lat' dir='ltr'>non</span> <span class='ocrx_word' id='word_1_361' title='bbox 1835 2521 1943 2555; x_wconf 72' lang='lat' dir='ltr'>videat</span> <span class='ocrx_word' id='word_1_362' title='bbox 1964 2524 2027 2555; x_wconf 76' lang='lat' dir='ltr'>effe</span> <span class='ocrx_word' id='word_1_363' title='bbox 2048 2532 2102 2556; x_wconf 85' lang='lat' dir='ltr'>ca-</span> 
     </span>
    </p>

    <p class='ocr_par' dir='ltr' id='par_1_6' title="bbox 133 2566 2207 3503">
     <span class='ocr_line' id='line_1_34' title="bbox 328 2566 2101 2606; baseline 0.003 -7"><span class='ocrx_word' id='word_1_364' title='bbox 328 2566 446 2601; x_wconf 87' lang='lat' dir='ltr'>Ervilis</span> <span class='ocrx_word' id='word_1_365' title='bbox 472 2566 648 2603; x_wconf 83' lang='lat' dir='ltr'>attritionis</span> <span class='ocrx_word' id='word_1_366' title='bbox 668 2569 792 2604; x_wconf 88' lang='lat' dir='ltr'>nullam</span> <span class='ocrx_word' id='word_1_367' title='bbox 815 2567 868 2603; x_wconf 84' lang='lat' dir='ltr'>hic</span> <span class='ocrx_word' id='word_1_368' title='bbox 893 2567 1051 2603; x_wconf 83' lang='lat' dir='ltr'>Pontifex</span> <span class='ocrx_word' id='word_1_369' title='bbox 1071 2568 1152 2604; x_wconf 83' lang='lat' dir='ltr'>facit</span> <span class='ocrx_word' id='word_1_370' title='bbox 1215 2570 1293 2603; x_wconf 85' lang='lat' dir='ltr'>stam</span> <span class='ocrx_word' id='word_1_371' title='bbox 1303 2570 1369 2604; x_wconf 91' lang='lat' dir='ltr'>Dei</span> <span class='ocrx_word' id='word_1_372' title='bbox 1393 2568 1615 2605; x_wconf 74' lang='lat' dir='ltr'>charitatem?</span> <span class='ocrx_word' id='word_1_373' title='bbox 1640 2569 1752 2605; x_wconf 85' lang='lat' dir='ltr'>Etiam</span> <span class='ocrx_word' id='word_1_374' title='bbox 1774 2568 1873 2606; x_wconf 88' lang='lat' dir='ltr'>hodie</span> <span class='ocrx_word' id='word_1_375' title='bbox 1896 2572 2022 2605; x_wconf 71' lang='lat' dir='ltr'>cunstis</span> <span class='ocrx_word' id='word_1_376' title='bbox 2044 2582 2101 2605; x_wconf 90' lang='lat' dir='ltr'>ne·</span> 
     </span>
     <span class='ocr_line' id='line_1_35' title="bbox 352 2617 2098 2664; baseline 0.003 -14"><span class='ocrx_word' id='word_1_377' title='bbox 352 2619 565 2659; x_wconf 87' lang='lat' dir='ltr'>memoriam,</span> <span class='ocrx_word' id='word_1_378' title='bbox 593 2619 684 2663; x_wconf 74' lang='lat' dir='ltr'>quod</span> <span class='ocrx_word' id='word_1_379' title='bbox 709 2628 912 2664; x_wconf 83' lang='lat' dir='ltr'>peccatorem</span> <span class='ocrx_word' id='word_1_380' title='bbox 934 2617 1001 2653; x_wconf 86' lang='lat' dir='ltr'>fine</span> <span class='ocrx_word' id='word_1_381' title='bbox 1024 2618 1089 2653; x_wconf 85' lang='lat' dir='ltr'>fide</span> <span class='ocrx_word' id='word_1_382' title='bbox 1115 2621 1147 2653; x_wconf 90' lang='lat' dir='ltr'>in</span> <span class='ocrx_word' id='word_1_383' title='bbox 1214 2619 1343 2654; x_wconf 76' lang='lat' dir='ltr'>cessaria</span> <span class='ocrx_word' id='word_1_384' title='bbox 1366 2620 1410 2654; x_wconf 89' lang='lat' dir='ltr'>est</span> <span class='ocrx_word' id='word_1_385' title='bbox 1432 2619 1502 2655; x_wconf 81' lang='lat' dir='ltr'>haec</span> <span class='ocrx_word' id='word_1_386' title='bbox 1528 2619 1737 2655; x_wconf 82' lang='lat' dir='ltr'>admonitio:</span> <span class='ocrx_word' id='word_1_387' title='bbox 1767 2620 1823 2655; x_wconf 90' lang='lat' dir='ltr'>Ut</span> <span class='ocrx_word' id='word_1_388' title='bbox 1850 2621 1883 2654; x_wconf 91' lang='lat' dir='ltr'>in</span> <span class='ocrx_word' id='word_1_389' title='bbox 1898 2621 2098 2664; x_wconf 83' lang='lat' dir='ltr'>accipiendis</span> 
     </span>
     <span class='ocr_line' id='line_1_36' title="bbox 265 2669 2097 2715; baseline 0.002 -13"><span class='ocrx_word' id='word_1_390' title='bbox 265 2669 401 2706; x_wconf 82' lang='lat' dir='ltr'>Deum,</span> <span class='ocrx_word' id='word_1_391' title='bbox 430 2669 506 2711; x_wconf 86' lang='lat' dir='ltr'>spe,</span> <span class='ocrx_word' id='word_1_392' title='bbox 531 2669 754 2708; x_wconf 83' lang='lat' dir='ltr'>&amp;charitate,</span> <span class='ocrx_word' id='word_1_393' title='bbox 776 2680 845 2713; x_wconf 82' lang='lat' dir='ltr'>quae</span> <span class='ocrx_word' id='word_1_394' title='bbox 858 2669 971 2703; x_wconf 87' lang='lat' dir='ltr'>saltem</span> <span class='ocrx_word' id='word_1_395' title='bbox 986 2670 1100 2703; x_wconf 70' lang='lat' dir='ltr'>affeetu</span> <span class='ocrx_word' id='word_1_396' title='bbox 1112 2670 1150 2703; x_wconf 90' lang='lat' dir='ltr'>fit</span> <span class='ocrx_word' id='word_1_397' title='bbox 1214 2669 1415 2715; x_wconf 71' lang='lat' dir='ltr'>poenitentiis</span> <span class='ocrx_word' id='word_1_398' title='bbox 1434 2671 1558 2715; x_wconf 82' lang='lat' dir='ltr'>eligant</span> <span class='ocrx_word' id='word_1_399' title='bbox 1586 2670 1698 2703; x_wconf 87' lang='lat' dir='ltr'>&amp;vita</span> <span class='ocrx_word' id='word_1_400' title='bbox 1725 2670 1759 2704; x_wconf 85' lang='lat'>&amp;</span> <span class='ocrx_word' id='word_1_401' title='bbox 1773 2670 1922 2705; x_wconf 61' lang='lat' dir='ltr'>doctrina</span> <span class='ocrx_word' id='word_1_402' title='bbox 1943 2672 2097 2714; x_wconf 85' lang='lat' dir='ltr'>probatos</span> 
     </span>
     <span class='ocr_line' id='line_1_37' title="bbox 264 2718 2099 2765; baseline 0.002 -14"><span class='ocrx_word' id='word_1_403' title='bbox 264 2718 359 2761; x_wconf 83' lang='lat' dir='ltr'>super</span> <span class='ocrx_word' id='word_1_404' title='bbox 379 2719 492 2752; x_wconf 84' lang='lat' dir='ltr'>omnia</span> <span class='ocrx_word' id='word_1_405' title='bbox 504 2744 514 2760; x_wconf 90' lang='lat'>,</span> <span class='ocrx_word' id='word_1_406' title='bbox 541 2731 609 2754; x_wconf 85' lang='lat' dir='ltr'>non</span> <span class='ocrx_word' id='word_1_407' title='bbox 623 2720 711 2764; x_wconf 79' lang='lat' dir='ltr'>posse</span> <span class='ocrx_word' id='word_1_408' title='bbox 732 2720 847 2763; x_wconf 88' lang='lat' dir='ltr'>reponi</span> <span class='ocrx_word' id='word_1_409' title='bbox 863 2719 897 2752; x_wconf 89' lang='lat' dir='ltr'>in</span> <span class='ocrx_word' id='word_1_410' title='bbox 910 2719 1069 2753; x_wconf 87' lang='lat' dir='ltr'>Divinam</span> <span class='ocrx_word' id='word_1_411' title='bbox 1083 2730 1151 2764; x_wconf 81' lang='lat' dir='ltr'>gra·</span> <span class='ocrx_word' id='word_1_412' title='bbox 1213 2719 1412 2755; x_wconf 86' lang='lat' dir='ltr'>Sacerdotes.</span> <span class='ocrx_word' id='word_1_413' title='bbox 1422 2721 1504 2754; x_wconf 89' lang='lat' dir='ltr'>Hoc</span> <span class='ocrx_word' id='word_1_414' title='bbox 1515 2721 1619 2764; x_wconf 88' lang='lat' dir='ltr'>ipsum</span> <span class='ocrx_word' id='word_1_415' title='bbox 1634 2719 1799 2755; x_wconf 78' lang='lat' dir='ltr'>inculcant</span> <span class='ocrx_word' id='word_1_416' title='bbox 1810 2722 1944 2755; x_wconf 68' lang='lat' dir='ltr'>Sanctus</span> <span class='ocrx_word' id='word_1_417' title='bbox 1958 2722 2099 2765; x_wconf 85' lang='lat' dir='ltr'>Cypria-</span> 
     </span>
     <span class='ocr_line' id='line_1_38' title="bbox 264 2768 2096 2817; baseline 0.002 -16"><span class='ocrx_word' id='word_1_418' title='bbox 264 2768 346 2802; x_wconf 87' lang='lat' dir='ltr'>tiam</span> <span class='ocrx_word' id='word_1_419' title='bbox 358 2792 369 2809; x_wconf 91' lang='lat'><em>,</em></span> <span class='ocrx_word' id='word_1_420' title='bbox 396 2769 495 2812; x_wconf 91' lang='lat' dir='ltr'>usque</span> <span class='ocrx_word' id='word_1_421' title='bbox 507 2779 585 2805; x_wconf 86' lang='lat' dir='ltr'>tunc</span> <span class='ocrx_word' id='word_1_422' title='bbox 596 2781 695 2805; x_wconf 90' lang='lat' dir='ltr'>nemo</span> <span class='ocrx_word' id='word_1_423' title='bbox 717 2770 768 2804; x_wconf 89' lang='lat' dir='ltr'>vel</span> <span class='ocrx_word' id='word_1_424' title='bbox 779 2768 947 2815; x_wconf 77' lang='lat' dir='ltr'>cogitasset</span> <span class='ocrx_word' id='word_1_425' title='bbox 961 2793 968 2801; x_wconf 91' lang='lat'>.</span> <span class='ocrx_word' id='word_1_426' title='bbox 998 2768 1151 2804; x_wconf 90' lang='lat' dir='ltr'>Necdum</span> <span class='ocrx_word' id='word_1_427' title='bbox 1214 2782 1274 2805; x_wconf 88' lang='lat' dir='ltr'>nus</span> <span class='ocrx_word' id='word_1_428' title='bbox 1286 2794 1296 2810; x_wconf 90' lang='lat'>‚</span> <span class='ocrx_word' id='word_1_429' title='bbox 1306 2771 1439 2805; x_wconf 63' lang='lat' dir='ltr'>Sanetus</span> <span class='ocrx_word' id='word_1_430' title='bbox 1451 2769 1676 2815; x_wconf 76' lang='lat' dir='ltr'>Augustinus,</span> <span class='ocrx_word' id='word_1_431' title='bbox 1689 2770 1836 2815; x_wconf 84' lang='lat' dir='ltr'>Magnus</span> <span class='ocrx_word' id='word_1_432' title='bbox 1849 2772 2029 2817; x_wconf 85' lang='lat' dir='ltr'>Gregorius</span> <span class='ocrx_word' id='word_1_433' title='bbox 2044 2797 2053 2812; x_wconf 87' lang='lat'>,</span> <span class='ocrx_word' id='word_1_434' title='bbox 2062 2772 2096 2805; x_wconf 74' lang='lat' dir='ltr'>&lt;Sc</span> 
     </span>
     <span class='ocr_line' id='line_1_39' title="bbox 265 2818 2097 2864; baseline 0.002 -13"><span class='ocrx_word' id='word_1_435' title='bbox 265 2820 334 2852; x_wconf 87' lang='lat' dir='ltr'>nati</span> <span class='ocrx_word' id='word_1_436' title='bbox 345 2828 437 2853; x_wconf 83' lang='lat' dir='ltr'>erant</span> <span class='ocrx_word' id='word_1_437' title='bbox 450 2819 617 2854; x_wconf 88' lang='lat' dir='ltr'>Melchior</span> <span class='ocrx_word' id='word_1_438' title='bbox 628 2821 757 2859; x_wconf 85' lang='lat' dir='ltr'>Canus,</span> <span class='ocrx_word' id='word_1_439' title='bbox 774 2831 831 2854; x_wconf 89' lang='lat' dir='ltr'>aut</span> <span class='ocrx_word' id='word_1_440' title='bbox 842 2818 1007 2854; x_wconf 84' lang='lat' dir='ltr'>Henricus</span> <span class='ocrx_word' id='word_1_441' title='bbox 1027 2820 1152 2855; x_wconf 84' lang='lat' dir='ltr'>Salma-</span> <span class='ocrx_word' id='word_1_442' title='bbox 1212 2821 1266 2854; x_wconf 86' lang='lat' dir='ltr'>alii</span> <span class='ocrx_word' id='word_1_443' title='bbox 1278 2820 1381 2863; x_wconf 89' lang='lat' dir='ltr'>plures</span> <span class='ocrx_word' id='word_1_444' title='bbox 1393 2846 1400 2853; x_wconf 90' lang='lat'><strong>.</strong></span> <span class='ocrx_word' id='word_1_445' title='bbox 1429 2821 1474 2854; x_wconf 91' lang='lat' dir='ltr'>Et</span> <span class='ocrx_word' id='word_1_446' title='bbox 1494 2820 1537 2856; x_wconf 82' lang='lat' dir='ltr'>ad</span> <span class='ocrx_word' id='word_1_447' title='bbox 1560 2819 1646 2855; x_wconf 79' lang='lat' dir='ltr'>hauc</span> <span class='ocrx_word' id='word_1_448' title='bbox 1658 2821 1870 2864; x_wconf 80' lang='lat' dir='ltr'>quaestionem</span> <span class='ocrx_word' id='word_1_449' title='bbox 1882 2846 1892 2862; x_wconf 92' lang='lat'><strong>,</strong></span> <span class='ocrx_word' id='word_1_450' title='bbox 1918 2825 1966 2854; x_wconf 80' lang='lat' dir='ltr'>An</span> <span class='ocrx_word' id='word_1_451' title='bbox 1989 2822 2097 2855; x_wconf 84' lang='lat' dir='ltr'>bonum</span> 
     </span>
     <span class='ocr_line' id='line_1_40' title="bbox 265 2867 2094 2915; baseline 0.002 -14"><span class='ocrx_word' id='word_1_452' title='bbox 265 2867 397 2903; x_wconf 75' lang='lat' dir='ltr'>ricensis</span> <span class='ocrx_word' id='word_1_453' title='bbox 417 2868 476 2909; x_wconf 88' lang='lat' dir='ltr'>,de</span> <span class='ocrx_word' id='word_1_454' title='bbox 485 2871 604 2914; x_wconf 87' lang='lat' dir='ltr'>quibus</span> <span class='ocrx_word' id='word_1_455' title='bbox 614 2871 695 2905; x_wconf 69' lang='lat' dir='ltr'>reste</span> <span class='ocrx_word' id='word_1_456' title='bbox 706 2870 815 2905; x_wconf 87' lang='lat' dir='ltr'>scribit</span> <span class='ocrx_word' id='word_1_457' title='bbox 828 2870 861 2904; x_wconf 89' lang='lat' dir='ltr'>in</span> <span class='ocrx_word' id='word_1_458' title='bbox 873 2869 1011 2904; x_wconf 89' lang='lat' dir='ltr'>eruditis</span> <span class='ocrx_word' id='word_1_459' title='bbox 1032 2868 1072 2904; x_wconf 78' lang='lat' dir='ltr'>ad</span> <span class='ocrx_word' id='word_1_460' title='bbox 1085 2869 1151 2905; x_wconf 80' lang='lat' dir='ltr'>Ro·</span> <span class='ocrx_word' id='word_1_461' title='bbox 1205 2870 1245 2912; x_wconf 84' lang='lat' dir='ltr'>fit</span> <span class='ocrx_word' id='word_1_462' title='bbox 1257 2882 1308 2904; x_wconf 89' lang='lat' dir='ltr'>nos</span> <span class='ocrx_word' id='word_1_463' title='bbox 1320 2869 1451 2913; x_wconf 77' lang='lat' dir='ltr'>confiteri</span> <span class='ocrx_word' id='word_1_464' title='bbox 1456 2878 1578 2914; x_wconf 79' lang='lat' dir='ltr'>peccata</span> <span class='ocrx_word' id='word_1_465' title='bbox 1600 2870 1693 2911; x_wconf 72' lang='lat' dir='ltr'>nostra</span> <span class='ocrx_word' id='word_1_466' title='bbox 1711 2876 1788 2905; x_wconf 79' lang='lat' dir='ltr'>viris</span> <span class='ocrx_word' id='word_1_467' title='bbox 1799 2870 2008 2915; x_wconf 71' lang='lat' dir='ltr'>spiritualibus</span> <span class='ocrx_word' id='word_1_468' title='bbox 2021 2896 2032 2911; x_wconf 93' lang='lat'>‚</span> <span class='ocrx_word' id='word_1_469' title='bbox 2059 2871 2094 2904; x_wconf 83' lang='lat' dir='ltr'>in</span> 
     </span>
     <span class='ocr_line' id='line_1_41' title="bbox 265 2914 2096 2966; baseline 0.002 -16"><span class='ocrx_word' id='word_1_470' title='bbox 265 2914 389 2952; x_wconf 87' lang='lat' dir='ltr'>bertum</span> <span class='ocrx_word' id='word_1_471' title='bbox 400 2919 609 2955; x_wconf 85' lang='lat' dir='ltr'>Cardinalern</span> <span class='ocrx_word' id='word_1_472' title='bbox 619 2921 751 2955; x_wconf 79' lang='lat' dir='ltr'>Pullum</span> <span class='ocrx_word' id='word_1_473' title='bbox 762 2920 850 2956; x_wconf 89' lang='lat' dir='ltr'>notis</span> <span class='ocrx_word' id='word_1_474' title='bbox 859 2920 963 2964; x_wconf 83' lang='lat' dir='ltr'>Hugo</span> <span class='ocrx_word' id='word_1_475' title='bbox 973 2918 1148 2956; x_wconf 88' lang='lat' dir='ltr'>Mathoud:</span> <span class='ocrx_word' id='word_1_476' title='bbox 1210 2922 1284 2965; x_wconf 89' lang='lat' dir='ltr'>Jure</span> <span class='ocrx_word' id='word_1_477' title='bbox 1309 2920 1427 2955; x_wconf 85' lang='lat' dir='ltr'>Graeco</span> <span class='ocrx_word' id='word_1_478' title='bbox 1439 2939 1451 2946; x_wconf 96' lang='lat'>-</span> <span class='ocrx_word' id='word_1_479' title='bbox 1462 2921 1620 2956; x_wconf 85' lang='lat' dir='ltr'>Romano</span> <span class='ocrx_word' id='word_1_480' title='bbox 1640 2917 1807 2965; x_wconf 82' lang='lat' dir='ltr'>respondit</span> <span class='ocrx_word' id='word_1_481' title='bbox 1829 2922 1946 2957; x_wconf 86' lang='lat' dir='ltr'>Petrus</span> <span class='ocrx_word' id='word_1_482' title='bbox 1971 2932 2096 2966; x_wconf 79' lang='lat' dir='ltr'>magnae</span> 
     </span>
     <span class='ocr_line' id='line_1_42' title="bbox 266 2968 2092 3018; baseline 0.003 -19"><span class='ocrx_word' id='word_1_483' title='bbox 266 2968 389 3007; x_wconf 79' lang='lat' dir='ltr'>Constat</span> <span class='ocrx_word' id='word_1_484' title='bbox 401 2977 584 3005; x_wconf 71' lang='lat' dir='ltr'>attritionem</span> <span class='ocrx_word' id='word_1_485' title='bbox 596 2983 633 3005; x_wconf 82' lang='lat' dir='ltr'>ex</span> <span class='ocrx_word' id='word_1_486' title='bbox 639 2971 699 3015; x_wconf 87' lang='lat' dir='ltr'>solo</span> <span class='ocrx_word' id='word_1_487' title='bbox 705 2971 851 3016; x_wconf 66' lang='lat' dir='ltr'>gebenna</span> <span class='ocrx_word' id='word_1_488' title='bbox 861 2980 941 3004; x_wconf 88' lang='lat' dir='ltr'>metu</span> <span class='ocrx_word' id='word_1_489' title='bbox 959 2979 1128 3013; x_wconf 80' lang='lat' dir='ltr'>conceptam</span> <span class='ocrx_word' id='word_1_490' title='bbox 1138 2996 1148 3012; x_wconf 90' lang='lat'><strong>,</strong></span> <span class='ocrx_word' id='word_1_491' title='bbox 1210 2970 1592 3016; x_wconf 71' lang='lat' dir='ltr'>Constantinopolitanae</span> <span class='ocrx_word' id='word_1_492' title='bbox 1626 2972 1774 3006; x_wconf 70' lang='lat' dir='ltr'>Ecclesiae</span> <span class='ocrx_word' id='word_1_493' title='bbox 1784 3003 1795 3018; x_wconf 50' lang='grc' dir='ltr'><strong>ὖ</strong></span> <span class='ocrx_word' id='word_1_494' title='bbox 1806 2970 2063 3015; x_wconf 84' lang='lat' dir='ltr'>Chartophylax</span> <span class='ocrx_word' id='word_1_495' title='bbox 2084 2982 2092 3002; x_wconf 77' lang='grc' dir='ltr'><strong><em>ε</em></strong></span> 
     </span>
     <span class='ocr_line' id='line_1_43' title="bbox 265 3020 2205 3065; baseline 0.002 -14"><span class='ocrx_word' id='word_1_496' title='bbox 265 3026 300 3051; x_wconf 87' lang='lat' dir='ltr'>ut</span> <span class='ocrx_word' id='word_1_497' title='bbox 312 3028 415 3050; x_wconf 85' lang='lat' dir='ltr'>veram</span> <span class='ocrx_word' id='word_1_498' title='bbox 425 3021 607 3054; x_wconf 76' lang='lat' dir='ltr'>sacramenti</span> <span class='ocrx_word' id='word_1_499' title='bbox 614 3031 755 3064; x_wconf 86' lang='lat' dir='ltr'>partem,</span> <span class='ocrx_word' id='word_1_500' title='bbox 782 3033 832 3056; x_wconf 90' lang='lat' dir='ltr'>nec</span> <span class='ocrx_word' id='word_1_501' title='bbox 855 3033 922 3055; x_wconf 85' lang='lat' dir='ltr'>voce</span> <span class='ocrx_word' id='word_1_502' title='bbox 942 3029 1028 3054; x_wconf 85' lang='lat' dir='ltr'>tenus</span> <span class='ocrx_word' id='word_1_503' title='bbox 1055 3021 1147 3063; x_wconf 81' lang='lat' dir='ltr'>nocfi-</span> <span class='ocrx_word' id='word_1_504' title='bbox 1210 3025 1328 3056; x_wconf 80' lang='lat' dir='ltr'>Bonum</span> <span class='ocrx_word' id='word_1_505' title='bbox 1356 3020 1394 3064; x_wconf 74' lang='lat' dir='ltr'>est</span> <span class='ocrx_word' id='word_1_506' title='bbox 1404 3032 1440 3055; x_wconf 85' lang='lat' dir='ltr'>ac</span> <span class='ocrx_word' id='word_1_507' title='bbox 1451 3023 1543 3056; x_wconf 81' lang='lat' dir='ltr'>valde</span> <span class='ocrx_word' id='word_1_508' title='bbox 1553 3023 1626 3055; x_wconf 77' lang='lat' dir='ltr'>utile</span> <span class='ocrx_word' id='word_1_509' title='bbox 1638 3047 1648 3063; x_wconf 94' lang='lat'>,</span> <span class='ocrx_word' id='word_1_510' title='bbox 1671 3020 1796 3065; x_wconf 79' lang='lat' dir='ltr'>sednon</span> <span class='ocrx_word' id='word_1_511' title='bbox 1814 3028 1853 3056; x_wconf 81' lang='lat' dir='ltr'>iis</span> <span class='ocrx_word' id='word_1_512' title='bbox 1864 3028 1915 3064; x_wconf 79' lang='lat' dir='ltr'>qui</span> <span class='ocrx_word' id='word_1_513' title='bbox 1935 3032 1992 3054; x_wconf 86' lang='lat' dir='ltr'>non</span> <span class='ocrx_word' id='word_1_514' title='bbox 2003 3029 2093 3062; x_wconf 80' lang='lat' dir='ltr'>expe·</span> <span class='ocrx_word' id='word_1_515' title='bbox 2111 3024 2169 3056; x_wconf 72' lang='lat' dir='ltr'>Lib.</span> <span class='ocrx_word' id='word_1_516' title='bbox 2179 3030 2205 3055; x_wconf 85' lang='lat'>6.</span> 
     </span>
     <span class='ocr_line' id='line_1_44' title="bbox 262 3063 2207 3113; baseline -0.001 -12"><span class='ocrx_word' id='word_1_517' title='bbox 262 3067 405 3111; x_wconf 78' lang='lat' dir='ltr'>gnificato</span> <span class='ocrx_word' id='word_1_518' title='bbox 420 3093 431 3110; x_wconf 89' lang='lat'><strong>,</strong></span> <span class='ocrx_word' id='word_1_519' title='bbox 454 3071 602 3104; x_wconf 81' lang='lat' dir='ltr'>veteribus</span> <span class='ocrx_word' id='word_1_520' title='bbox 615 3074 648 3106; x_wconf 63' lang='grc' dir='ltr'>Θ·</span> <span class='ocrx_word' id='word_1_521' title='bbox 666 3074 751 3106; x_wconf 90' lang='lat' dir='ltr'>Pullo</span> <span class='ocrx_word' id='word_1_522' title='bbox 760 3078 916 3107; x_wconf 82' lang='lat' dir='ltr'>coaetaneis</span> <span class='ocrx_word' id='word_1_523' title='bbox 926 3071 1092 3105; x_wconf 66' lang='lat' dir='ltr'>amoribus</span> <span class='ocrx_word' id='word_1_524' title='bbox 1102 3078 1145 3105; x_wconf 83' lang='lat' dir='ltr'>in-</span> <span class='ocrx_word' id='word_1_525' title='bbox 1208 3078 1317 3106; x_wconf 80' lang='lat' dir='ltr'>rientes</span> <span class='ocrx_word' id='word_1_526' title='bbox 1343 3073 1376 3106; x_wconf 63' lang='grc'>(9·</span> <span class='ocrx_word' id='word_1_527' title='bbox 1387 3070 1541 3113; x_wconf 76' lang='lat' dir='ltr'>rudesfint</span> <span class='ocrx_word' id='word_1_528' title='bbox 1554 3072 1661 3106; x_wconf 84' lang='lat' dir='ltr'>harum</span> <span class='ocrx_word' id='word_1_529' title='bbox 1673 3083 1772 3106; x_wconf 90' lang='lat' dir='ltr'>rerum</span> <span class='ocrx_word' id='word_1_530' title='bbox 1784 3097 1795 3112; x_wconf 93' lang='lat'>,</span> <span class='ocrx_word' id='word_1_531' title='bbox 1824 3083 1861 3105; x_wconf 90' lang='lat' dir='ltr'>ne</span> <span class='ocrx_word' id='word_1_532' title='bbox 1869 3077 1935 3112; x_wconf 84' lang='lat' dir='ltr'>quis</span> <span class='ocrx_word' id='word_1_533' title='bbox 1942 3080 1999 3113; x_wconf 86' lang='lat' dir='ltr'>per</span> <span class='ocrx_word' id='word_1_534' title='bbox 2023 3073 2093 3105; x_wconf 80' lang='lat' dir='ltr'>alie·</span> <span class='ocrx_word' id='word_1_535' title='bbox 2110 3063 2129 3095; x_wconf 82' lang='lat' dir='ltr'>f·</span> <span class='ocrx_word' id='word_1_536' title='bbox 2140 3075 2207 3102; x_wconf 74' lang='lat'>397·</span> 
     </span>
     <span class='ocr_line' id='line_1_45' title="bbox 266 3118 2096 3165; baseline 0.001 -13"><span class='ocrx_word' id='word_1_537' title='bbox 266 3118 403 3160; x_wconf 80' lang='lat' dir='ltr'>notuisse,</span> <span class='ocrx_word' id='word_1_538' title='bbox 429 3129 462 3152; x_wconf 88' lang='lat' dir='ltr'>ut</span> <span class='ocrx_word' id='word_1_539' title='bbox 475 3124 578 3155; x_wconf 65' lang='lat' dir='ltr'>merito</span> <span class='ocrx_word' id='word_1_540' title='bbox 590 3125 688 3165; x_wconf 88' lang='lat' dir='ltr'>Lopez</span> <span class='ocrx_word' id='word_1_541' title='bbox 708 3129 741 3156; x_wconf 79' lang='lat' dir='ltr'>in</span> <span class='ocrx_word' id='word_1_542' title='bbox 762 3122 946 3158; x_wconf 65' lang='lat' dir='ltr'>Inarubiorio</span> <span class='ocrx_word' id='word_1_543' title='bbox 967 3119 1147 3164; x_wconf 61' lang='lat' dir='ltr'>consi-ientiae</span> <span class='ocrx_word' id='word_1_544' title='bbox 1207 3134 1278 3156; x_wconf 85' lang='lat' dir='ltr'>nam</span> <span class='ocrx_word' id='word_1_545' title='bbox 1301 3124 1446 3156; x_wconf 67' lang='lat' dir='ltr'>aratione</span> <span class='ocrx_word' id='word_1_546' title='bbox 1457 3123 1673 3165; x_wconf 72' lang='lat' dir='ltr'>compaffionem</span> <span class='ocrx_word' id='word_1_547' title='bbox 1698 3124 1732 3156; x_wconf 60' lang='lat' dir='ltr'>&lt;v</span> <span class='ocrx_word' id='word_1_548' title='bbox 1745 3120 2010 3164; x_wconf 75' lang='lat' dir='ltr'>dispensationem,</span> <span class='ocrx_word' id='word_1_549' title='bbox 2041 3121 2096 3155; x_wconf 83' lang='lat' dir='ltr'>vel</span> 
     </span>
     <span class='ocr_line' id='line_1_46' title="bbox 261 3165 2094 3215; baseline 0.003 -16"><span class='ocrx_word' id='word_1_550' title='bbox 261 3165 413 3210; x_wconf 71' lang='lat' dir='ltr'>scripserit</span> <span class='ocrx_word' id='word_1_551' title='bbox 436 3171 517 3203; x_wconf 72' lang='lat' dir='ltr'>illius</span> <span class='ocrx_word' id='word_1_552' title='bbox 537 3177 684 3213; x_wconf 75' lang='lat' dir='ltr'>opinionis</span> <span class='ocrx_word' id='word_1_553' title='bbox 700 3181 848 3215; x_wconf 79' lang='lat' dir='ltr'>parentes</span> <span class='ocrx_word' id='word_1_554' title='bbox 861 3172 950 3215; x_wconf 69' lang='lat' dir='ltr'>fulffir</span> <span class='ocrx_word' id='word_1_555' title='bbox 963 3171 1147 3207; x_wconf 84' lang='lat' dir='ltr'>Melcbiorem</span> <span class='ocrx_word' id='word_1_556' title='bbox 1203 3182 1258 3215; x_wconf 88' lang='lat' dir='ltr'>per</span> <span class='ocrx_word' id='word_1_557' title='bbox 1282 3172 1521 3215; x_wconf 76' lang='lat' dir='ltr'>intempestivam</span> <span class='ocrx_word' id='word_1_558' title='bbox 1547 3174 1582 3207; x_wconf 65' lang='grc' dir='ltr'>ἀι·</span> <span class='ocrx_word' id='word_1_559' title='bbox 1605 3178 1771 3214; x_wconf 81' lang='lat' dir='ltr'>imperitam</span> <span class='ocrx_word' id='word_1_560' title='bbox 1793 3169 1979 3212; x_wconf 82' lang='lat' dir='ltr'>intenfionem</span> <span class='ocrx_word' id='word_1_561' title='bbox 1988 3180 2094 3213; x_wconf 84' lang='lat' dir='ltr'>poena-</span> 
     </span>
     <span class='ocr_line' id='line_1_47' title="bbox 265 3220 2092 3265; baseline 0.003 -17"><span class='ocrx_word' id='word_1_562' title='bbox 265 3220 385 3250; x_wconf 83' lang='lat' dir='ltr'>Canum</span> <span class='ocrx_word' id='word_1_563' title='bbox 412 3220 447 3253; x_wconf 63' lang='grc' dir='ltr'>ὁ*</span> <span class='ocrx_word' id='word_1_564' title='bbox 458 3223 613 3254; x_wconf 79' lang='lat' dir='ltr'>Henricum</span> <span class='ocrx_word' id='word_1_565' title='bbox 633 3225 792 3263; x_wconf 86' lang='lat' dir='ltr'>quemdam</span> <span class='ocrx_word' id='word_1_566' title='bbox 801 3222 1014 3265; x_wconf 67' lang='lat' dir='ltr'>‚salmaticensis</span> <span class='ocrx_word' id='word_1_567' title='bbox 1038 3224 1147 3257; x_wconf 76' lang='lat' dir='ltr'>Acade·</span> <span class='ocrx_word' id='word_1_568' title='bbox 1206 3235 1289 3262; x_wconf 83' lang='lat' dir='ltr'>rum,</span> <span class='ocrx_word' id='word_1_569' title='bbox 1317 3232 1344 3256; x_wconf 83' lang='lat' dir='ltr'>te</span> <span class='ocrx_word' id='word_1_570' title='bbox 1356 3230 1577 3265; x_wconf 81' lang='lat' dir='ltr'>contemptorem</span> <span class='ocrx_word' id='word_1_571' title='bbox 1589 3246 1601 3263; x_wconf 82' lang='lat'>‚</span> <span class='ocrx_word' id='word_1_572' title='bbox 1627 3230 1679 3256; x_wconf 87' lang='lat' dir='ltr'>aut</span> <span class='ocrx_word' id='word_1_573' title='bbox 1693 3221 1818 3264; x_wconf 82' lang='lat' dir='ltr'>defidem</span> <span class='ocrx_word' id='word_1_574' title='bbox 1829 3245 1840 3262; x_wconf 91' lang='lat'><em>‚</em></span> <span class='ocrx_word' id='word_1_575' title='bbox 1863 3229 1917 3255; x_wconf 87' lang='lat' dir='ltr'>aut</span> <span class='ocrx_word' id='word_1_576' title='bbox 1929 3222 2092 3265; x_wconf 63' lang='lat' dir='ltr'>dffolutum</span> 
     </span>
     <span class='ocr_line' id='line_1_48' title="bbox 265 3269 2093 3317; baseline 0.002 -17"><span class='ocrx_word' id='word_1_577' title='bbox 265 3274 335 3302; x_wconf 74' lang='lat' dir='ltr'>naiae</span> <span class='ocrx_word' id='word_1_578' title='bbox 347 3269 515 3304; x_wconf 64' lang='lat' dir='ltr'>Docqorem.</span> <span class='ocrx_word' id='word_1_579' title='bbox 543 3270 642 3306; x_wconf 70' lang='lat' dir='ltr'>Adeo</span> <span class='ocrx_word' id='word_1_580' title='bbox 652 3273 753 3317; x_wconf 88' lang='lat' dir='ltr'>igitur</span> <span class='ocrx_word' id='word_1_581' title='bbox 766 3285 850 3308; x_wconf 80' lang='lat' dir='ltr'>nova</span> <span class='ocrx_word' id='word_1_582' title='bbox 872 3274 918 3308; x_wconf 89' lang='lat' dir='ltr'>est</span> <span class='ocrx_word' id='word_1_583' title='bbox 944 3274 1002 3307; x_wconf 84' lang='lat' dir='ltr'>ista</span> <span class='ocrx_word' id='word_1_584' title='bbox 1025 3272 1143 3307; x_wconf 89' lang='lat' dir='ltr'>subtili·</span> <span class='ocrx_word' id='word_1_585' title='bbox 1208 3275 1331 3307; x_wconf 81' lang='lat' dir='ltr'>reddat.</span> <span class='ocrx_word' id='word_1_586' title='bbox 1360 3277 1463 3315; x_wconf 85' lang='lat' dir='ltr'>Itaque</span> <span class='ocrx_word' id='word_1_587' title='bbox 1469 3271 1499 3314; x_wconf 87' lang='lat' dir='ltr'><em>fi</em></span> <span class='ocrx_word' id='word_1_588' title='bbox 1507 3279 1609 3306; x_wconf 81' lang='lat' dir='ltr'>virum</span> <span class='ocrx_word' id='word_1_589' title='bbox 1620 3277 1773 3306; x_wconf 71' lang='lat' dir='ltr'>inveneris</span> <span class='ocrx_word' id='word_1_590' title='bbox 1782 3270 1972 3315; x_wconf 77' lang='lat' dir='ltr'>spiritualem</span> <span class='ocrx_word' id='word_1_591' title='bbox 1998 3274 2093 3306; x_wconf 76' lang='lat' dir='ltr'>&amp;ex-</span> 
     </span>
     <span class='ocr_line' id='line_1_49' title="bbox 265 3319 2092 3366; baseline 0.001 -14"><span class='ocrx_word' id='word_1_592' title='bbox 265 3327 334 3360; x_wconf 86' lang='lat' dir='ltr'>tas,</span> <span class='ocrx_word' id='word_1_593' title='bbox 360 3330 395 3353; x_wconf 91' lang='lat' dir='ltr'>ut</span> <span class='ocrx_word' id='word_1_594' title='bbox 416 3321 486 3364; x_wconf 79' lang='lat' dir='ltr'>ejus</span> <span class='ocrx_word' id='word_1_595' title='bbox 499 3323 644 3356; x_wconf 69' lang='lat' dir='ltr'>austeres</span> <span class='ocrx_word' id='word_1_596' title='bbox 667 3323 850 3366; x_wconf 68' lang='lat' dir='ltr'>nuperrime</span> <span class='ocrx_word' id='word_1_597' title='bbox 872 3321 980 3357; x_wconf 82' lang='lat' dir='ltr'>adhuc</span> <span class='ocrx_word' id='word_1_598' title='bbox 1000 3321 1144 3359; x_wconf 78' lang='lat' dir='ltr'>ambula·</span> <span class='ocrx_word' id='word_1_599' title='bbox 1203 3329 1364 3366; x_wconf 68' lang='lat' dir='ltr'>parientem</span> <span class='ocrx_word' id='word_1_600' title='bbox 1378 3347 1388 3363; x_wconf 86' lang='lat'><strong>,</strong></span> <span class='ocrx_word' id='word_1_601' title='bbox 1415 3329 1466 3366; x_wconf 82' lang='lat' dir='ltr'>qui</span> <span class='ocrx_word' id='word_1_602' title='bbox 1479 3324 1657 3356; x_wconf 80' lang='lat' dir='ltr'>medicinam</span> <span class='ocrx_word' id='word_1_603' title='bbox 1667 3322 1723 3356; x_wconf 75' lang='lat' dir='ltr'>tibi</span> <span class='ocrx_word' id='word_1_604' title='bbox 1737 3322 1878 3356; x_wconf 81' lang='lat' dir='ltr'>adbibere</span> <span class='ocrx_word' id='word_1_605' title='bbox 1896 3323 2000 3365; x_wconf 82' lang='lat' dir='ltr'>poffit‚</span> <span class='ocrx_word' id='word_1_606' title='bbox 2025 3319 2092 3364; x_wconf 88' lang='lat' dir='ltr'>abs-</span> 
     </span>
     <span class='ocr_line' id='line_1_50' title="bbox 135 3369 2093 3418; baseline 0.003 -21"><span class='ocrx_word' id='word_1_607' title='bbox 135 3369 210 3399; x_wconf 80' lang='lat' dir='ltr'>Part.</span> <span class='ocrx_word' id='word_1_608' title='bbox 223 3379 248 3406; x_wconf 86' lang='lat'>5·</span> <span class='ocrx_word' id='word_1_609' title='bbox 265 3379 352 3403; x_wconf 88' lang='lat' dir='ltr'>rent.</span> <span class='ocrx_word' id='word_1_610' title='bbox 382 3371 424 3404; x_wconf 89' lang='lat' dir='ltr'>Et</span> <span class='ocrx_word' id='word_1_611' title='bbox 447 3370 521 3405; x_wconf 70' lang='lat' dir='ltr'>sane</span> <span class='ocrx_word' id='word_1_612' title='bbox 534 3372 641 3406; x_wconf 89' lang='lat' dir='ltr'>noster</span> <span class='ocrx_word' id='word_1_613' title='bbox 662 3374 840 3418; x_wconf 85' lang='lat' dir='ltr'>Gregorius</span> <span class='ocrx_word' id='word_1_614' title='bbox 863 3384 970 3407; x_wconf 86' lang='lat' dir='ltr'>veram</span> <span class='ocrx_word' id='word_1_615' title='bbox 987 3374 1143 3417; x_wconf 89' lang='lat' dir='ltr'>poeniten-</span> <span class='ocrx_word' id='word_1_616' title='bbox 1207 3386 1262 3416; x_wconf 87' lang='lat' dir='ltr'>que</span> <span class='ocrx_word' id='word_1_617' title='bbox 1274 3375 1455 3407; x_wconf 80' lang='lat' dir='ltr'>verecundia</span> <span class='ocrx_word' id='word_1_618' title='bbox 1480 3375 1590 3408; x_wconf 68' lang='lat' dir='ltr'>&amp;cum</span> <span class='ocrx_word' id='word_1_619' title='bbox 1596 3372 1659 3414; x_wconf 86' lang='lat' dir='ltr'>fide</span> <span class='ocrx_word' id='word_1_620' title='bbox 1669 3372 1834 3416; x_wconf 74' lang='lat' dir='ltr'>confitearis</span> <span class='ocrx_word' id='word_1_621' title='bbox 1855 3379 1883 3408; x_wconf 83' lang='lat' dir='ltr'>ei</span> <span class='ocrx_word' id='word_1_622' title='bbox 1896 3397 1907 3414; x_wconf 91' lang='lat'>‚</span> <span class='ocrx_word' id='word_1_623' title='bbox 1932 3382 2093 3414; x_wconf 81' lang='lat' dir='ltr'>tamquam</span> 
     </span>
     <span class='ocr_line' id='line_1_51' title="bbox 133 3416 2042 3503; baseline 0.003 -51"><span class='ocrx_word' id='word_1_624' title='bbox 133 3416 209 3445; x_wconf 66' lang='lat'>03¹·</span> <span class='ocrx_word' id='word_1_625' title='bbox 240 3431 248 3477; x_wconf 28' lang='grc' dir='ltr'>*γ</span> <span class='ocrx_word' id='word_1_626' title='bbox 264 3418 344 3453; x_wconf 86' lang='lat' dir='ltr'>tiam</span> <span class='ocrx_word' id='word_1_627' title='bbox 355 3419 473 3457; x_wconf 74' lang='lat' dir='ltr'>diserte</span> <span class='ocrx_word' id='word_1_628' title='bbox 483 3422 622 3458; x_wconf 76' lang='lat' dir='ltr'>affirmat</span> <span class='ocrx_word' id='word_1_629' title='bbox 631 3422 746 3459; x_wconf 85' lang='lat' dir='ltr'>debere</span> <span class='ocrx_word' id='word_1_630' title='bbox 757 3424 818 3459; x_wconf 82' lang='lat' dir='ltr'>effe</span> <span class='ocrx_word' id='word_1_631' title='bbox 830 3424 1075 3469; x_wconf 72' lang='lat' dir='ltr'>conversionem</span> <span class='ocrx_word' id='word_1_632' title='bbox 1101 3425 1140 3459; x_wconf 80' lang='lat' dir='ltr'>ad</span> <span class='ocrx_word' id='word_1_633' title='bbox 1207 3423 1260 3467; x_wconf 78' lang='lat' dir='ltr'>ipſs</span> <span class='ocrx_word' id='word_1_634' title='bbox 1285 3427 1431 3465; x_wconf 80' lang='lat' dir='ltr'>Domino,</span> <span class='ocrx_word' id='word_1_635' title='bbox 1457 3435 1515 3458; x_wconf 82' lang='lat' dir='ltr'>non</span> <span class='ocrx_word' id='word_1_636' title='bbox 1529 3423 1642 3457; x_wconf 81' lang='lat' dir='ltr'>homini</span> <span class='ocrx_word' id='word_1_637' title='bbox 1655 3448 1663 3457; x_wconf 90' lang='lat'><strong>.</strong></span> <span class='ocrx_word' id='word_1_638' title='bbox 2007 3469 2042 3503; x_wconf 81' lang='lat' dir='ltr'>N</span> 
     </span>
    </p>
   </div>
  </div>
 </body>
</html>
