2372 3756
162 2412 250 2440 Num.
273 2418 296 2445 3·

161 2459 257 2488 cap-4.

198 3391 272 3428 Cap·
280 3397 301 3419 ι·

385 125 482 173 194

314 191 405 234 Refer
418 199 519 233 itaque
533 189 669 234 gratiam
685 197 741 233 pro
761 196 846 226 tanto
867 192 1018 236 beneficio.
1046 192 1086 226 In
1110 201 1186 235 qua·

307 241 487 287 dragefimi
514 240 618 284 quarti
643 239 764 275 Psalmi
792 244 1030 278 commentario
1050 243 1187 276 affirmat

315 299 449 336 Christo
469 291 622 328 Domino
646 291 730 326 <tatia
751 304 807 337 per
831 292 1052 337 metaphoram
1065 290 1187 326 asacris

304 348 431 385 ‘litteris
451 341 589 380 adscribi
610 342 769 383 nomina,
795 343 829 377 ὃς
852 344 938 378 inter
957 341 1025 377 haec
1045 344 1108 377 effe
1135 344 1187 374 Ve-

304 400 498 441 'stimentum‚
527 404 565 428 ac
576 391 843 436 Mensam,&dat
855 394 1037 427 rationem:
1065 397 1128 424 Cur
1138 401 1190 424 vo-

896 106 1536 156 D1ssenrnrio

1254 190 1293 224 lis
1316 189 1428 225 Abbas
1450 190 1635 235 Rupertus:
1662 197 1714 228 Ea
1730 206 1798 238 quae
1819 198 2127 245 Baptismoeelebran·

1252 249 1321 282 tur,
1347 252 1414 288 quae
1437 241 1577 276 dicuntur
1600 268 1611 284 ,
1637 256 1704 287 quae
1725 254 1875 290 aguntur,
1900 259 2035 288 carmina
2051 254 2125 299 sunt

1253 290 1328 331 illa,
1350 299 1473 333 propter
1492 303 1558 334 quae
1582 303 1732 337 tanquam
1755 293 1899 338 maleficia
1921 296 2064 342 Martyres
2077 317 2124 339 ac-

1252 338 1458 383 cusabantur,
1482 343 1679 385 rapiebantur
1697 367 1708 384 ‚
1734 347 1954 382 occidebantur.
1984 355 2126 390 Diabolus

1254 395 1332 424 enim
1345 415 1356 431 ,
1381 397 1428 425 cui
1443 399 1500 434 per
1520 393 1700 435 Christiana
1718 395 1790 438 fidei
1798 398 1994 440 profffonem
2004 402 2125 446 insano

313 462 402 487 catus
425 449 461 490 est
482 445 684 486 vestimentum
704 445 716 475 ἓ
743 444 836 485 Quod
855 455 919 476 eum
933 442 988 484 ſsm
1012 444 1135 475 indutus
1158 444 1190 471 in
1245 439 1336 482 fonte
1357 447 1578 484 renunciatur,
1615 450 1647 478 in
1678 458 1765 488 quem
1779 449 1939 490 judiciales
1967 449 2127 494 sententia

312 502 491 547 suscepmne
514 492 734 536 Βαρῃρηαω,
761 497 824 525 Cur
843 491 966 537 mensa?
994 496 1079 536 ‚Qus‘a
1095 488 1190 533 ipsum
1238 488 1469 534 {proferuntur‚
1494 492 1608 528 habens
1634 502 1712 529 iram
1731 508 1870 542 magnam
1891 524 1902 541 ‚
1923 499 2070 543 saeviebat
2094 508 2127 536 in

305 555 391 594 τοῖο,
418 553 491 585 dum
511 543 649 589 perfruor
666 542 800 582 mysteriis
815 568 822 575 .
850 545 886 576 In
913 543 1047 576 homilia
1072 541 1113 574 de
1140 541 1191 574 Se·

307 602 442 647 ‘raphim
462 600 607 633 hortatur
630 593 788 637 populum
811 594 851 627 ad
875 593 1010 637 dignam
1035 587 1191 624 Euchari-

311 655 378 688 stiae
397 647 661 695 perceptionem,
688 644 865 685 seriamque
889 655 949 686 pro
971 651 1064 676 tanto
1091 651 1191 684 opere

312 700 577 748 praeparationem
600 719 612 735 ,
647 694 680 727 &
706 694 811 737 pergit
834 706 841 726 ι
881 694 1013 736 ,Quando
1038 696 1127 734 igitur
1149 691 1194 723 ad

310 752 430 798 sacram
450 746 582 791 mensam
604 756 635 779 es
646 744 822 786 accessurus,
850 743 909 776 illic
922 743 1013 784 adesse
1027 745 1193 774 Dominum

314 813 398 836 tuum
415 802 587 835 arbitrare.
614 795 768 836 Siquidem
790 792 871 832 adest
892 795 1023 826 revera.
1051 795 1097 824 Et
1124 801 1192 834 quae

308 853 348 896 fit
366 864 448 887 mens
468 846 607 891 cujusque
632 841 771 888 cognoscit
791 868 799 876 .
826 846 871 874 Et
893 845 983 876 videt
1000 868 1010 884 ‚
1031 847 1099 884 quis
1126 852 1192 875 cum

313 915 370 945 ea,
396 915 455 946 qua
473 909 532 943 par
553 896 612 935 est,
633 893 814 938 funditate,
839 898 908 934 quis
933 905 996 927 cum
1020 891 1192 936 confhientia

313 955 489 996 depravata
509 946 648 985 accedat,
675 955 737 977 cum
757 944 921 976 immundis
943 945 977 978 ζ’]
991 941 1123 985 sordidis
1147 955 1191 977 co-

307 997 525 1051 gitationibus,
555 1007 621 1030 cum
632 994 760 1037 nefariis
771 994 954 1027 aae‘lionibus.
981 993 1019 1028 In
1034 995 1193 1038 quinqua·

312 1053 424 1098 gesimi
446 1047 566 1084 Psalmi
589 1045 831 1079 commentario
858 1055 997 1086 matres,
1022 1056 1092 1088 quae
1103 1044 1192 1078 filios

311 1104 395 1137 dant
414 1101 485 1136 aliis
513 1095 680 1131 lactandos
704 1119 715 1135 ‚
754 1095 864 1138 culpat
883 1118 895 1135 ,
931 1095 965 1128 ἃς
988 1096 1092 1140 pergit
1118 1106 1125 1126 :
1152 1098 1192 1126 At

310 1165 372 1186 mm
396 1156 441 1185 ita
452 1147 586 1189 Christus
598 1172 605 1179 .
634 1150 720 1178 Nam
732 1153 764 1179 ut
776 1157 829 1179 nos
840 1150 996 1189 progenuit
1005 1169 1016 1185 ‚
1042 1147 1087 1178 ita
1099 1149 1191 1177 etiam

310 1205 385 1237 alit.
409 1207 450 1236 Ac
466 1208 624 1244 propterea
642 1194 770 1230 ciborum
780 1197 836 1229 loco
848 1208 900 1229 nos
914 1205 1002 1229 carne
1006 1194 1066 1238 sua
1072 1200 1167 1238 pavit
1179 1219 1190 1236 ‚

311 1256 348 1288 (7
364 1253 464 1296 poculi
484 1257 549 1285 vice
569 1259 622 1282 nos
641 1243 692 1287 suo
711 1258 812 1281 cruore
834 1252 957 1288 potavit
972 1271 979 1278 .
1010 1246 1066 1280 Est
1096 1247 1190 1280 locus

310 1303 449 1348 insignis
471 1303 505 1335 in
525 1298 614 1334 libris
636 1296 676 1330 de
697 1297 888 1331 Sacerdotio
911 1321 917 1328 .
958 1295 1099 1338 Antiqui
1138 1298 1192 1330 Sa-

310 1353 450 1388 cerdotii
470 1351 667 1397 dignitatem
691 1349 829 1392 exponit
851 1358 889 1380 ac
909 1346 1061 1386 extollit,
1090 1346 1189 1380 nostri

307 1405 392 1438 novi
409 1403 607 1448 dignitatem
628 1397 812 1431 effe-multo
823 1396 1074 1430 eminentiorem
1085 1396 1191 1430 osten·

309 1454 361 1488 dit
380 1465 422 1488 ex
443 1449 581 1486 secunda
604 1447 712 1482 Sancti
736 1445 830 1481 Pauli
853 1445 892 1479 ad
905 1445 1101 1480 Corinthios
1114 1446 1189 1489 Epi-

308 1503 411 1542 stola,
435 1504 468 1537 &
491 1501 547 1535 dat
567 1499 728 1531 rationem
742 1511 752 1531 :
780 1502 865 1529 Nam
887 1498 960 1529 dum
982 1494 1120 1539 conspicis
1134 1498 1188 1530 Do-

309 1560 424 1586 minum
445 1551 630 1586 immolatum
651 1570 662 1586 ‚
687 1549 720 1581 t&
739 1548 798 1581 illic
829 1546 914 1586 situm
936 1548 1124 1581 Sacerdotem
1139 1545 1190 1590 sa-

306 1604 411 1646 crificio
434 1603 646 1636 incumbentem
669 1624 679 1638 ‚
716 1608 751 1631 ac
769 1605 869 1639 preces
881 1596 1065 1639 fundentem
1088 1622 1099 1636 ,
1124 1605 1188 1631 tum

307 1656 381 1687 ‘verb
402 1654 523 1686 turbam
542 1647 753 1691 circumfusam
770 1646 895 1690 pretiosi)
914 1647 968 1680 villo
990 1645 1134 1690 sanguine
1146 1653 1190 1680 in-

307 1709 384 1747 tingi
405 1714 439 1735 ac
459 1701 593 1745 rubefleri
613 1723 623 1738 ‚
651 1704 780 1731 etiamne
797 1706 827 1729 te
849 1704 926 1730 inter
953 1699 1094 1732 mortales
1120 1708 1189 1731 ver-

303 1753 389 1799 sari,
417 1761 507 1796 atque
525 1757 557 1783 in
578 1760 663 1783 terra
683 1746 825 1787 consistere
848 1746 972 1790 censes?
1002 1752 1047 1781 An
1070 1759 1127 1781 non
1137 1756 1189 1790 po-

308 1805 368 1837 tius
390 1804 406 1838 ὲ
432 1802 550 1846 vestigio
561 1810 592 1833 tu
607 1805 638 1831 in
649 1799 731 1831 coelos
747 1796 926 1838 transfertis
942 1799 959 1830 ,ἲ
986 1803 1032 1832 An
1057 1810 1114 1831 non
1124 1809 1188 1831 car·

308 1862 356 1888 nis
378 1859 580 1898 cogitatIonem
601 1859 717 1881 omnem
743 1848 887 1888 abjiciens
909 1871 919 1887 ,
959 1851 1039 1882 nudo
1065 1855 1164 1882 animo
1177 1873 1187 1888 ,

308 1915 405 1937 mente
422 1912 503 1945 pura
522 1898 720 1942 circumspicis
734 1909 802 1940 quae
815 1903 847 1929 in
858 1899 924 1931 coelo
932 1898 1006 1941 sunt
1020 1902 1033 1933 ,²
1059 1903 1084 1931 0
1097 1905 1187 1932 mira·

307 1955 427 1987 culum!
456 1958 480 1987 ο
496 1955 549 1985 Dei
561 1952 776 1994 benignitatem
789 1951 801 1981 .'
829 1950 894 1992 ,Qui
913 1959 979 1982 cum
1007 1953 1102 1983 Patre
1123 1948 1189 1992 sur-

309 2006 376 2037 sum
382 2003 464 2048 sedet
477 2028 488 2044 ,
514 2009 546 2035 in
557 2002 606 2034 illo
617 1998 678 2042 ipso
689 2005 830 2039 temporis
842 2000 966 2031 articulo
984 1999 1189 2041 pertractatur

309 2061 440 2088 omnium
456 2053 596 2086 manibus
611 2076 621 2091 ,
649 2062 683 2082 ac
699 2046 791 2092 seipse
804 2049 903 2081 tradit
913 2050 1081 2082 volentibus
1094 2048 1188 2092 ipsum

310 2110 447 2147 excipere
459 2105 492 2137 (5·
504 2101 670 2144 complearis.
698 2100 736 2131 Id
745 2108 846 2130 ‘sutem
853 2098 892 2139 fit
902 2100 993 2131 nullis
1003 2098 1165 2143 praestigiIs
1179 2123 1189 2138 ,

309 2155 366 2199 fid
386 2159 497 2195 apertis
521 2155 555 2186 (ν
580 2147 879 2191 circumspicientibus
902 2154 1031 2181 omnium
1052 2147 1191 2190 circumfi-

303 2205 444 2246 flentium
463 2205 551 2236 oculis
575 2226 582 2232 .
621 2198 791 2241 Prophetas
819 2198 899 2232 Eliae
931 2197 1083 2233 adversus
1110 2198 1190 2233 Baal

310 2255 502 2290 Sacerdotes
522 2250 786 2288 contentiosum,
813 2248 903 2290 qnod
925 2248 1036 2283 missus
1061 2249 1080 2283 ὲ
1103 2249 1190 2283 coelo

311 2305 400 2350 ignis
423 2303 596 2341 accendit,
623 2299 818 2334 sacrificium
843 2298 978 2342 exponit
1000 2324 1010 2340 ,
1038 2299 1191 2343 praedicat

311 2357 381 2399 ejus
394 2354 547 2389 miracula
561 2377 572 2393 ,
599 2351 744 2384 nostrum
756 2350 894 2383 affirmat
905 2349 967 2383 effe
979 2348 1192 2397 amplioribus

314 2407 439 2449 insigne
460 2402 626 2437 miraculis
647 2426 657 2441 ,
696 2401 731 2434 ὅ(
749 2398 805 2432 dat
827 2399 992 2433 rationem
1014 2414 1025 2433 .·
1063 2399 1105 2432 Ab
1131 2401 1192 2432 illis

313 2459 381 2500 ergo
403 2458 502 2489 sacris
524 2455 568 2486 ad
586 2451 727 2492 nostratIa
748 2451 840 2481 sacra
859 2456 888 2482 te
912 2449 1069 2491 transfer,
1097 2460 1148 2482 nec
1158 2452 1209 2482 ea‘

314 2518 393 2539 mira
417 2506 501 2538 moda
523 2504 574 2548 esse
594 2501 732 2541 videbis,
754 2497 811 2541 sed
831 2505 922 2532 ctiam
932 2510 1043 2532 omnem
1049 2499 1192 2541 stuporem

315 2558 509 2591 excedentia.
540 2553 626 2594 Adest
647 2557 727 2586 enim
749 2551 892 2582 sacerdos
908 2575 917 2590 ,
944 2561 1001 2582 non
1020 2548 1118 2593 Ignem
1139 2560 1189 2593 ge-

311 2607 398 2648 stans
411 2632 421 2647 ,
433 2604 491 2649 sed
511 2608 657 2647 Spiritum
678 2600 835 2635 santium.
862 2604 894 2632 Is
913 2608 1015 2642 preces
1032 2601 1193 2632 diuturnas

314 2656 422 2698 fundit
435 2680 445 2696 ,
473 2667 530 2688 non
552 2657 608 2698 qud
624 2653 749 2693 flamma
771 2651 884 2683 coelitus
910 2648 1033 2691 delapsa
1055 2648 1194 2692 absumat

319 2709 339 2739 5
342 2717 411 2740 acra
422 2705 552 2747 adposita
561 2730 571 2746 ,
594 2703 654 2747 sed
662 2711 695 2736 ut
701 2707 806 2746 gratia
819 2706 851 2732 in
857 2698 1033 2743 sacrificium
1046 2699 1172 2741 influens
1184 2723 1195 2739 ‚

316 2765 374 2798 per
385 2756 461 2788 illud
470 2754 564 2797 ipsum
575 2760 689 2786 animos
703 2757 832 2784 omnium
846 2750 1009 2790 inflammet
1021 2775 1031 2790 ,
1056 2752 1089 2783 (a
1097 2755 1196 2791 purio-

321 2817 370 2839 res
381 2805 489 2838 reddat
502 2814 622 2848 argento
633 2809 694 2847 igni
716 2801 827 2835 excocto
849 2812 938 2842 atque
957 2808 1107 2844 purgato.
1137 2804 1197 2833 Hoc

323 2857 391 2898 ergo
402 2853 702 2894 mysteriummaxime
723 2851 900 2884 horrendum
921 2860 1010 2893 atque
1031 2851 1197 2884 verendum

324 2912 391 2948 quis
403 2904 524 2937 tandem
537 2926 546 2942 ,
570 2909 689 2946 quinon
701 2903 865 2934 admodum
869 2901 907 2942 fit
919 2899 1042 2943 insanus
1054 2923 1066 2941 ‚
1091 2905 1198 2943 quique

325 2958 342 2990 ὲ
348 2955 488 2997 potestate
499 2966 555 2986 non
568 2959 675 2986 exierit
688 2976 698 2992 ,
717 2951 858 2993 fastidire
870 2962 905 2984 ac
913 2948 1058 2993 despicere
1064 2951 1198 2993 poterit?

326 3011 450 3051 Ignoras
454 3004 595 3047 futurum
610 3013 761 3044 nunquam
767 3000 853 3043 fuisse
864 3025 875 3041 ,
902 3010 934 3033 ut
945 3000 1092 3034 humanus
1106 3005 1199 3033 animi

327 3065 432 3097 captus
444 3057 528 3089 illum
534 3053 670 3097 sacrificii
682 3059 778 3095 ignem
785 3050 957 3094 sustineret,
982 3049 1041 3093 sed
1052 3050 1198 3093 funditus

326 3119 428 3139 omnes
452 3115 514 3138 tum
532 3104 620 3147 fuiffe
639 3108 809 3135 interituros
821 3126 831 3141 ‚
858 3100 917 3143 mfi
929 3112 1069 3144 magnum
1082 3103 1200 3134 divinae

326 3163 436 3198 gratiae
448 3156 591 3188 auxilium
613 3152 754 3195 adfuisset
767 3152 783 3184 ,2
812 3150 910 3185 Αᾶεό
931 3151 1134 3185 tremendum
1154 3151 1198 3184 est

332 3206 414 3238 istud
428 3205 636 3239 sacrificium.
668 3204 711 3236 Et
727 3199 832 3251 hyra,
860 3203 894 3235 in
917 3213 980 3243 qua
1003 3202 1200 3241 conficitur,

332 3254 415 3288 adeo
442 3255 624 3288 tremenda.
654 3253 736 3300 Qiae
755 3252 870 3302 oxmnia
891 3251 1039 3285 altissime
1061 3253 1202 3286 clamant

332 3315 440 3338 veram
452 3303 840 3341 transubstantiationem.

382 3354 540 3387 Notanda
553 3355 626 3387 sunt
640 3353 754 3386 verba:
782 3353 886 3385 Nullis
895 3351 1070 3396 praesttgiis.
1098 3352 1210 3394 Expo-

331 3405 382 3441 nit
394 3405 429 3439 in
439 3404 573 3449 septimo
585 3403 625 3437 de
638 3404 771 3438 Divinis
791 3402 908 3437 officiis
926 3403 1011 3437 libro
1030 3400 1207 3438 Venerabi-

1254 541 1390 574 cordibus
1410 548 1566 585 impiorum
1579 569 1591 585 ,
1617 547 1652 580 (9'
1673 547 1745 580 tuba
1768 551 1877 583 Divini
1899 558 2028 586 nominis
2039 551 2131 594 offen·

1253 589 1303 634 sus
1314 615 1325 632 ,
1353 592 1468 627 illorum
1477 597 1664 630 coecitate&
1684 596 1804 640 insania
1820 607 1878 641 pro
1893 599 1960 643 fiiis
1978 604 2128 638 adversus

1259 645 1354 675 Deum
1363 650 1457 677 armis
1466 642 1601 679 utebatur
1612 671 1619 678 .
1645 649 1691 680 Et
1694 647 1765 689 ficut
1774 655 1808 682 in
1818 650 1984 693 Apocalypsi
1996 655 2104 697 legitur
2114 678 2128 695 ,

1257 697 1455 735 quiacanente
1464 695 1537 729 tuba
1546 708 1671 741 magnus
1683 710 1788 740 mons,
1813 702 1924 734 ardens
1945 705 2128 744 iracundia,

1256 742 1443 787 confugiebat
1455 751 1488 778 in
1495 747 1794 789 profundumcordis
1813 756 1971 793 impiorum
1981 767 1994 794 ,-
2019 754 2054 787 Θ
2074 757 2130 786 Di-

1258 797 1343 826 vinis
1353 795 1520 840 exorcismis
1532 822 1544 838 ,
1565 806 1624 841 per
1632 809 1704 842 quos
1715 800 1824 842 ejectus
1836 801 1966 843 fuerat,
1991 802 2129 846 maleficii

1256 847 1363 879 crimen
1396 847 1538 890 affingens
1560 873 1572 889 ‚
1607 852 1684 893 leges
1710 851 1947 886 contradic'Iabat
1969 876 1977 886 .
2009 852 2129 887 Admi-

1256 894 1375 930 randos
1394 897 1553 941 Baptismi
1575 898 1610 932 in
1631 900 1698 935 suis
1714 901 1756 936 ad
1780 901 1949 936 Christum
1970 903 2130 938 convertis

1254 944 1352 981 sociis
1371 947 1503 981 effectus
1524 948 1650 993 Pagani
1670 962 1739 985 non
1759 952 1935 995 capiebant
1952 977 1963 995 ,
1988 951 2131 997 ideoque

1255 994 1540 1031 calumniabantur
1558 997 1599 1032 de
1620 1000 1728 1045 magia
1750 1026 1757 1033 .
1785 1002 1860 1037 Nec
1880 1003 1915 1037 id
1941 1003 2066 1037 mireris
2092 1003 2131 1037 in

1258 1046 1329 1089 ipsis
1341 1071 1348 1084 .
1376 1046 1509 1081 Etenim
1530 1049 1631 1087 etiam
1641 1050 1682 1084 de
1701 1049 1873 1094 Baptizato
1891 1052 1926 1086 &
1946 1052 2013 1095 jam
2036 1052 2132 1088 Chri-

1256 1096 1363 1131 stiano
1386 1096 1521 1132 Simone
1539 1097 1668 1145 Mago,
1693 1098 1782 1144 quod
1804 1112 1873 1136 non
1895 1102 2019 1138 Divina
2030 1103 2132 1148 Spiri-

1257 1158 1307 1182 tus
1319 1147 1425 1182 Sansti
1438 1146 1639 1184 Charismata
1651 1174 1664 1191 ,
1689 1151 1742 1186 sed
1754 1151 1809 1186 sua
1820 1152 2041 1195 potentiorem
2064 1164 2131 1188 ma-

1257 1198 1345 1242 giam
1381 1197 1552 1233 crediderit
1578 1200 1702 1244 operari
1725 1201 1759 1234 in
1796 1201 1965 1245 Apostolis
1981 1227 1993 1244 ‚
2029 1211 2131 1247 atque

1259 1247 1342 1329 {tanc
1363 1259 1469 1283 emere
1487 1248 1629 1285 voluerit
1649 1275 1661 1292 ,
1686 1249 1805 1286 diserte
1829 1253 1969 1287 affirmat
1995 1253 2131 1287 Sanetus

1273 1308 1394 1332 tenaeus
1421 1323 1429 1331 .

1256 1395 1394 1432 habuere
1414 1398 1587 1439 notitiam,
1615 1398 1842 1436 Eucharistiae.
1869 1401 1944 1436 Nec
1964 1401 2044 1436 item
2065 1400 2131 1436 hoc

1255 1448 1378 1482 mireris
1390 1473 1397 1480 .
1425 1447 1559 1493 Etenim
1573 1449 1722 1498 adversus
1734 1449 1966 1486 Eucharisticae
1986 1451 2133 1486 transub-

1255 1498 1476 1534 stantiationis
1511 1500 1608 1535 fidem
1645 1499 1845 1546 blasphemat
1863 1501 1963 1536 etiam
1989 1501 2132 1544 Ioannes

1255 1548 1414 1582 Calvinus
1434 1561 1443 1582 :
1481 1551 1558 1583 Tam
1578 1551 1681 1585 bru-tae·
1697 1556 1918 1596 imaginationis
1938 1551 2028 1595 causa
2038 1547 2150 1596 suits

1253 1600 1331 1641 quod
1348 1599 1523 1643 consecratio
1540 1603 1716 1635 tantundem
1734 1603 1821 1644 apud
1836 1613 1885 1636 eos
1896 1625 1907 1642 ,
1935 1602 2050 1645 utique
2070 1600 2132 1645 Pa·
2146 1612 2207 1644 Lib.
2235 1624 2263 1649 ⁴·

1255 1648 1370 1692 pistas,
1395 1649 1540 1689 valebat,
1565 1662 1600 1684 ac
1613 1658 1731 1696 magica
1740 1657 1915 1688 incantatio.
1944 1649 2128 1686 Adversum
2144 1661 2207 1692 cap.
2233 1663 2279 1688 ¹7·

1254 1698 1370 1732 ssmiles
1394 1698 1597 1743 blasphemas
1610 1702 1796 1741 'calumnias
1815 1701 1975 1737 declamat
1996 1702 2131 1736 Sanctus
2147 1703 2174 1726 η·
2205 1701 2251 1730 ¹5·

1252 1749 1393 1792 Joannes
1414 1749 1521 1784 nullas
1541 1749 1597 1785 hic
1616 1751 1790 1797 praestigias
1809 1752 1903 1793 fieri,
1928 1748 1983 1786 sed
1993 1751 2135 1785 firmiffi·

1253 1809 1340 1832 mam
1362 1800 1548 1835 veritatem.
1579 1800 1649 1836 Hic
1670 1801 1842 1848 praestigias
1856 1812 1952 1847 agere
1961 1802 2078 1845 spectat
2089 1800 2133 1835 ad

1253 1848 1427 1883 Gnosticas
1454 1851 1562 1885 Marci
1588 1852 1746 1898 AEgyptii
1770 1852 1908 1893 sordes,
1941 1851 2087 1896 proditas
2110 1851 2132 1886 ὲ

1252 1900 1372 1933 Sancto
1394 1899 1534 1935 Irenaeo.

1301 1948 1460 1984 Notanda
1483 1951 1561 1986 item
1582 1952 1656 1986 sunt
1676 1952 1772 1988 verba
1785 1967 1797 1987 .·
1824 1957 1965 1987 omnium
1990 1950 2131 1985 manibus

1249 1999 1452 2041 pertractatur
1471 2025 1479 2033 .
1519 2002 1667 2036 Firmant
1696 2003 1885 2049 Berengarii
1905 2012 2015 2036 coram
2043 2000 2132 2045 Papa

1255 2049 1398 2084 Nicolao
1419 2051 1534 2085 fastam
1546 2046 1793 2095 professionem.
1821 2052 2131 2091 Affirmantillum‚

1255 2100 1311 2144 qui
1327 2100 1412 2133 sedet
1432 2099 1472 2134 ad
1494 2100 1659 2136 dexteram
1683 2102 1808 2144 Patris,
1837 2113 1907 2137 non
1917 2101 2017 2136 solius
2026 2101 2133 2135 Sacer-

1254 2150 1363 2191 dotis,
1389 2149 1443 2184 sed
1466 2152 1620 2186 omnium
1641 2152 1798 2187 sacrificio
1808 2151 2087 2187 circumstantium
2097 2150 2133 2184 fi-

1254 2200 1379 2234 delium
1393 2201 1517 2235 trastari
1540 2202 1708 2236 manibus:
1736 2201 1839 2250 Quod
1860 2201 1978 2246 nempe
2002 2199 2132 2235 Eucha-

1254 2250 1340 2284 ristia
1372 2260 1451 2286 tunc
1473 2251 1595 2294 populo
1616 2251 1743 2286 daretur
1763 2254 1796 2285 in
1820 2263 1959 2286 manus.
1984 2251 2028 2285 Et
2049 2250 2131 2284 hinc

1255 2301 1443 2334 Graecorum
1466 2300 1638 2342 cochlear,
1663 2302 1754 2344 cujus
1776 2301 2052 2336 introductionem
2073 2301 2132 2335 ali-

1255 2350 1309 2394 qui
1323 2349 1505 2384 adscribunt
1516 2351 1634 2385 Sansto
1645 2353 1763 2396 Joanni
1777 2351 2016 2395 Chrysostomo
2030 2375 2041 2391 ,
2050 2360 2132 2385 tunc

1255 2399 1362 2434 adhuc
1381 2401 1444 2434 fuit
1459 2400 1613 2445 ignotum
1631 2427 1638 2434 .
1666 2402 1779 2437 Hosce
1799 2404 1889 2435 enirn
1909 2400 2010 2436 libros
2035 2401 2136 2444 Joan-

1258 2461 1313 2484 nes
1328 2450 1448 2493 scripsit
1469 2462 1536 2484 non
1550 2451 1678 2486 tantum
1699 2463 1776 2486 ante
1797 2452 2052 2496 Episcopatum‚
2078 2449 2134 2484 sed

1256 2507 1333 2534 ante
1356 2510 1526 2543 acceptum
1545 2502 1693 2546 quemvis
1713 2503 1838 2536 sacrum
1850 2500 2013 2536 Ordinem
2026 2525 2034 2533 .
2061 2500 2136 2535 No-

1256 2549 1355 2584 tanda
1367 2550 1400 2584 &
1415 2549 1483 2585 haec
1496 2551 1612 2586 verba:
1643 2551 1771 2596 Pretioso
1792 2553 1841 2586 illo
1856 2550 2004 2596 sanguim
2023 2555 2134 2594 intingi

1257 2602 1291 2635 eb·
1318 2599 1470 2643 rubefieri.
1496 2601 1731 2636 Ostenduntin
1753 2601 1965 2638 Antiochena
1985 2599 2134 2641 Ecclesia

1255 2649 1391 2695 viguisse
1420 2661 1571 2691 morem,
1596 2663 1692 2694 quern
1710 2654 1810 2687 etiam
1833 2653 1867 2686 in
1889 2652 1944 2685 sua
1965 2649 2134 2694 vigentem

1258 2700 1367 2734 laudat
1391 2700 1427 2734 in
1448 2702 1562 2744 quinta
1581 2702 1807 2749 mystagogica
1828 2698 1982 2736 catechesi
2001 2700 2135 2734 Sanetus

1257 2750 1403 2794 Cyrinus
1414 2750 1654 2796 Hierosolymae
1667 2753 1863 2797 Episcopus:
1892 2751 1957 2792 Posi
1966 2754 2138 2784 comunio-

1259 2813 1324 2834 nem
1348 2806 1474 2843 corporis
1495 2802 1604 2842 christi
1632 2804 1734 2837 accede
1758 2804 1793 2836 (9·
1815 2803 1860 2835 ad
1877 2803 1995 2836 calicem
2012 2797 2136 2844 sangui-

1258 2856 1303 2883 nis
1329 2852 1426 2884 illius.
1452 2852 1649 2895 Sanciificeris
1671 2864 1702 2886 eo
1722 2852 1870 2896 sanguine
1891 2851 2021 2892 christi,
2047 2862 2135 2894 quem

1258 2899 1390 2944 adsumis
1414 2926 1420 2933 .
1460 2905 1507 2935 Et
1529 2914 1594 2935 cum
1619 2901 1716 2936 adbuc
1740 2903 1778 2941 est
1800 2902 1967 2935 humiditas
1991 2907 2023 2933 in
2043 2901 2135 2936 labiis

1257 2957 1339 2992 tuis,
1365 2952 1500 2985 manibus
1521 2958 1699 2996 attingens,
1730 2954 1763 2986 (ν
1789 2952 1901 2992 oculos,
1926 2953 1961 2985 cb·
1977 2950 2134 2993 frontem,

1260 3003 1294 3034 <a
1316 3002 1429 3043 reliqua
1443 3000 1580 3046 sensuum
1599 3013 1708 3045 organa
1720 3000 1870 3045 consecra.
1898 3001 2136 3045 Hierosolyma

1260 3063 1339 3085 tunc
1360 3051 1467 3085 adhuc
1495 3051 1620 3086 suberat
1650 3050 1837 3086 Antiochiae
1860 3076 1871 3092 ,
1907 3051 2009 3096 ipsam
2040 3063 2137 3087 vene-

1261 3112 1333 3134 rans
1356 3111 1393 3136 ut
1415 3101 1663 3136 patriarchalem
1681 3102 1916 3146 Metropolim,
1942 3102 2137 3146 adeoque&

1265 3150 1408 3185 habuisse
1435 3152 1563 3186 videtur
1593 3152 1736 3186 eundem
1760 3151 1898 3186 modum
1926 3152 2087 3187 tradendae
2104 3153 2138 3186 δε

1264 3202 1413 3236 ufitandae
1433 3202 1654 3237 Eucharistiae.
1682 3203 1785 3237 Haud
1802 3201 1901 3238 dubie
1925 3215 1968 3237 ex
1990 3202 2138 3236 dostrina

1265 3252 1298 3284 &
1319 3252 1496 3286 traditione
1519 3254 1708 3287 Sanctorum
1735 3253 1973 3295 Apostolorum
1993 3252 2079 3286 Petri
2105 3252 2139 3286 δε

1267 3302 1379 3344 Jacobi
1393 3327 1400 3334 .
1429 3303 1473 3336 Et
1493 3314 1618 3336 morem
1642 3302 1730 3336 hunc
1750 3302 1857 3337 adhuc
1869 3302 2003 3347 viguisse
2016 3312 2141 3344 tempo-

1267 3350 1354 3386 ribus
1375 3354 1480 3386 Sanffi
1503 3354 1639 3396 joannis
1665 3352 1859 3386 Damasceni
1877 3375 1889 3392 ,
1929 3351 2056 3385 videtur
2082 3352 2143 3387 do-

1268 3413 1340 3437 cere
1366 3411 1498 3446 quartus
1514 3403 1554 3438 de
1575 3402 1762 3438 orthodoxa
1781 3402 1861 3436 Fide
1886 3401 1988 3436 libet:
2016 3403 2142 3437 Ardenti
2161 3390 2232 3428 ΩΨ
2254 3398 2295 3424 14·

2047 3463 2096 3485 fu·

1469 1298 1586 1344 Longe
1605 1301 1710 1345 magis
1729 1299 1854 1346 Pagani
1876 1301 1963 1337 hanc
1984 1302 2131 1347 blasphe-
2145 1308 2206 1343 Lib.
2238 1320 2262 1340 ι.

1256 1347 1355 1381 miam
1370 1347 1549 1383 intulerunt
1577 1351 1665 1385 sacro
1689 1350 1827 1391 sanstae,
1851 1352 1942 1395 cujus
1961 1350 2130 1387 modicam
2144 1358 2208 1388 C2P·
2231 1361 2278 1381 ²0·
