<?xml version="1.0" encoding="UTF-8"?>
<!DOCTYPE html PUBLIC "-//W3C//DTD XHTML 1.0 Transitional//EN"
    "http://www.w3.org/TR/xhtml1/DTD/xhtml1-transitional.dtd">
<html xmlns="http://www.w3.org/1999/xhtml" xml:lang="en" lang="en">
 <head>
  <title>
</title>
<meta http-equiv="Content-Type" content="text/html;charset=utf-8" />
  <meta name='ocr-system' content='tesseract 3.04.00' />
  <meta name='ocr-capabilities' content='ocr_page ocr_carea ocr_par ocr_line ocrx_word'/>
</head>
<body>
  <div class='ocr_page' id='page_1' title='image "./operaomniastudio06lupuuoft/operaomniastudio06lupuuoft_0334.png"; bbox 0 0 2352 3756; ppageno 0'>
   <div class='ocr_carea' id='block_1_1' title="bbox 225 252 1182 3508">
    <p class='ocr_par' dir='ltr' id='par_1_1' title="bbox 275 252 1156 947">
     <span class='ocr_line' id='line_1_1' title="bbox 278 252 1156 308; baseline -0.014 -10"><span class='ocrx_word' id='word_1_1' title='bbox 278 262 399 308; x_wconf 72' lang='lat' dir='ltr'>iugatis</span> <span class='ocrx_word' id='word_1_2' title='bbox 423 256 663 304; x_wconf 73' lang='lat' dir='ltr'>Longobardiae</span> <span class='ocrx_word' id='word_1_3' title='bbox 685 252 854 303; x_wconf 71' lang='lat' dir='ltr'>Episcopis</span> <span class='ocrx_word' id='word_1_4' title='bbox 873 258 910 292; x_wconf 64' lang='lat'>¹&amp;</span> <span class='ocrx_word' id='word_1_5' title='bbox 924 256 1062 291; x_wconf 80' lang='lat' dir='ltr'>Clericis</span> <span class='ocrx_word' id='word_1_6' title='bbox 1078 265 1156 288; x_wconf 88' lang='lat' dir='ltr'>con-</span> 
     </span>
     <span class='ocr_line' id='line_1_2' title="bbox 277 304 1153 356; baseline -0.011 -10"><span class='ocrx_word' id='word_1_7' title='bbox 277 312 492 356; x_wconf 77' lang='lat' dir='ltr'>spirationem</span> <span class='ocrx_word' id='word_1_8' title='bbox 503 306 603 354; x_wconf 71' lang='lat' dir='ltr'>iniit·,</span> <span class='ocrx_word' id='word_1_9' title='bbox 628 310 662 344; x_wconf 88' lang='lat'>&amp;</span> <span class='ocrx_word' id='word_1_10' title='bbox 674 308 787 356; x_wconf 56' lang='lat' dir='ltr'>Regia</span> <span class='ocrx_word' id='word_1_11' title='bbox 795 305 1017 342; x_wconf 83' lang='lat' dir='ltr'>nominationi</span> <span class='ocrx_word' id='word_1_12' title='bbox 1029 304 1153 338; x_wconf 89' lang='lat' dir='ltr'>violen-</span> 
     </span>
     <span class='ocr_line' id='line_1_3' title="bbox 275 354 1154 411; baseline -0.011 -15"><span class='ocrx_word' id='word_1_13' title='bbox 275 362 325 396; x_wconf 76' lang='lat' dir='ltr'>tia</span> <span class='ocrx_word' id='word_1_14' title='bbox 346 359 470 395; x_wconf 85' lang='lat' dir='ltr'>intrudi</span> <span class='ocrx_word' id='word_1_15' title='bbox 491 361 524 395; x_wconf 86' lang='lat' dir='ltr'>in</span> <span class='ocrx_word' id='word_1_16' title='bbox 536 355 764 404; x_wconf 58' lang='lat' dir='ltr'>Apostolicam</span> <span class='ocrx_word' id='word_1_17' title='bbox 783 357 900 392; x_wconf 86' lang='lat' dir='ltr'>Sedem</span> <span class='ocrx_word' id='word_1_18' title='bbox 917 354 1042 389; x_wconf 88' lang='lat' dir='ltr'>curavit</span> <span class='ocrx_word' id='word_1_19' title='bbox 1061 355 1154 411; x_wconf 71' lang='lat' dir='ltr'>suurn</span> 
     </span>
     <span class='ocr_line' id='line_1_4' title="bbox 277 404 1154 460; baseline -0.011 -15"><span class='ocrx_word' id='word_1_20' title='bbox 277 410 487 446; x_wconf 72' lang='lat' dir='ltr'>parmensem</span> <span class='ocrx_word' id='word_1_21' title='bbox 509 410 709 455; x_wconf 83' lang='lat' dir='ltr'>Episcopum</span> <span class='ocrx_word' id='word_1_22' title='bbox 733 406 918 441; x_wconf 86' lang='lat' dir='ltr'>Cadaloum</span> <span class='ocrx_word' id='word_1_23' title='bbox 943 429 951 438; x_wconf 88' lang='lat'>.</span> <span class='ocrx_word' id='word_1_24' title='bbox 979 404 1035 437; x_wconf 89' lang='lat' dir='ltr'>De</span> <span class='ocrx_word' id='word_1_25' title='bbox 1059 404 1154 460; x_wconf 80' lang='lat' dir='ltr'>ipso,</span> 
     </span>
     <span class='ocr_line' id='line_1_5' title="bbox 277 453 1154 499; baseline -0.009 -5"><span class='ocrx_word' id='word_1_26' title='bbox 277 461 355 495; x_wconf 87' lang='lat' dir='ltr'>licet</span> <span class='ocrx_word' id='word_1_27' title='bbox 375 455 667 499; x_wconf 82' lang='lat' dir='ltr'>Ex-Cancellario‚</span> <span class='ocrx_word' id='word_1_28' title='bbox 692 459 725 491; x_wconf 87' lang='lat'>&amp;</span> <span class='ocrx_word' id='word_1_29' title='bbox 738 456 844 498; x_wconf 89' lang='lat' dir='ltr'>quarti</span> <span class='ocrx_word' id='word_1_30' title='bbox 867 453 1009 488; x_wconf 87' lang='lat' dir='ltr'>Henrici</span> <span class='ocrx_word' id='word_1_31' title='bbox 1022 453 1154 487; x_wconf 79' lang='lat' dir='ltr'>Palatio</span> 
     </span>
     <span class='ocr_line' id='line_1_6' title="bbox 279 501 1153 556; baseline -0.013 -9"><span class='ocrx_word' id='word_1_32' title='bbox 279 512 346 548; x_wconf 85' lang='lat' dir='ltr'>dici</span> <span class='ocrx_word' id='word_1_33' title='bbox 363 520 459 556; x_wconf 81' lang='lat' dir='ltr'>queat</span> <span class='ocrx_word' id='word_1_34' title='bbox 475 538 486 553; x_wconf 90' lang='lat'>,</span> <span class='ocrx_word' id='word_1_35' title='bbox 511 511 600 556; x_wconf 86' lang='lat' dir='ltr'>quod</span> <span class='ocrx_word' id='word_1_36' title='bbox 622 509 662 542; x_wconf 88' lang='lat' dir='ltr'>de</span> <span class='ocrx_word' id='word_1_37' title='bbox 689 505 816 540; x_wconf 86' lang='lat' dir='ltr'>Acacio</span> <span class='ocrx_word' id='word_1_38' title='bbox 836 504 945 540; x_wconf 90' lang='lat' dir='ltr'>Lusco</span> <span class='ocrx_word' id='word_1_39' title='bbox 966 501 1153 538; x_wconf 78' lang='lat' dir='ltr'>Caesarienfi</span> 
     </span>
     <span class='ocr_line' id='line_1_7' title="bbox 277 552 1153 607; baseline -0.014 -9"><span class='ocrx_word' id='word_1_40' title='bbox 277 562 366 607; x_wconf 81' lang='lat' dir='ltr'>apud</span> <span class='ocrx_word' id='word_1_41' title='bbox 377 562 559 605; x_wconf 72' lang='lat' dir='ltr'>Palestinos</span> <span class='ocrx_word' id='word_1_42' title='bbox 571 558 734 601; x_wconf 84' lang='lat' dir='ltr'>Episcopo</span> <span class='ocrx_word' id='word_1_43' title='bbox 745 556 778 589; x_wconf 89' lang='lat'>&amp;</span> <span class='ocrx_word' id='word_1_44' title='bbox 788 554 986 599; x_wconf 81' lang='lat' dir='ltr'>Imperatore</span> <span class='ocrx_word' id='word_1_45' title='bbox 995 552 1153 588; x_wconf 76' lang='lat' dir='ltr'>Constan-</span> 
     </span>
     <span class='ocr_line' id='line_1_8' title="bbox 278 605 1154 650; baseline -0.013 -2"><span class='ocrx_word' id='word_1_46' title='bbox 278 615 330 648; x_wconf 90' lang='lat' dir='ltr'>tio</span> <span class='ocrx_word' id='word_1_47' title='bbox 343 613 452 647; x_wconf 88' lang='lat' dir='ltr'>scribit</span> <span class='ocrx_word' id='word_1_48' title='bbox 463 613 498 646; x_wconf 89' lang='lat' dir='ltr'>in</span> <span class='ocrx_word' id='word_1_49' title='bbox 511 607 688 644; x_wconf 79' lang='lat' dir='ltr'>illustrium</span> <span class='ocrx_word' id='word_1_50' title='bbox 700 606 845 640; x_wconf 87' lang='lat' dir='ltr'>virorum</span> <span class='ocrx_word' id='word_1_51' title='bbox 855 605 1010 650; x_wconf 83' lang='lat' dir='ltr'>catalogo</span> <span class='ocrx_word' id='word_1_52' title='bbox 1021 605 1154 639; x_wconf 66' lang='lat' dir='ltr'>Sanctus</span> 
     </span>
     <span class='ocr_line' id='line_1_9' title="bbox 279 653 1153 705; baseline -0.014 -6"><span class='ocrx_word' id='word_1_53' title='bbox 279 663 510 705; x_wconf 83' lang='lat' dir='ltr'>Hieronymus</span> <span class='ocrx_word' id='word_1_54' title='bbox 535 670 543 690; x_wconf 69' lang='grc' dir='ltr'>ε</span> <span class='ocrx_word' id='word_1_55' title='bbox 572 661 692 691; x_wconf 78' lang='lat' dir='ltr'>Aeacius</span> <span class='ocrx_word' id='word_1_56' title='bbox 710 659 742 688; x_wconf 81' lang='lat' dir='ltr'>in</span> <span class='ocrx_word' id='word_1_57' title='bbox 765 656 884 688; x_wconf 74' lang='lat' dir='ltr'>tantum</span> <span class='ocrx_word' id='word_1_58' title='bbox 896 653 954 699; x_wconf 84' lang='lat' dir='ltr'>sub</span> <span class='ocrx_word' id='word_1_59' title='bbox 972 658 1153 697; x_wconf 84' lang='lat' dir='ltr'>Imperatore</span> 
     </span>
     <span class='ocr_line' id='line_1_10' title="bbox 278 704 1154 753; baseline -0.011 -6"><span class='ocrx_word' id='word_1_60' title='bbox 278 712 452 753; x_wconf 82' lang='lat' dir='ltr'>Constantio</span> <span class='ocrx_word' id='word_1_61' title='bbox 476 709 582 742; x_wconf 85' lang='lat' dir='ltr'>claruit</span> <span class='ocrx_word' id='word_1_62' title='bbox 593 732 604 748; x_wconf 92' lang='lat'>‚</span> <span class='ocrx_word' id='word_1_63' title='bbox 631 716 664 740; x_wconf 89' lang='lat' dir='ltr'>ut</span> <span class='ocrx_word' id='word_1_64' title='bbox 685 704 717 740; x_wconf 72' lang='lat' dir='ltr'>in</span> <span class='ocrx_word' id='word_1_65' title='bbox 727 704 843 740; x_wconf 72' lang='lat' dir='ltr'>Liberi!</span> <span class='ocrx_word' id='word_1_66' title='bbox 858 706 949 739; x_wconf 86' lang='lat' dir='ltr'>locum</span> <span class='ocrx_word' id='word_1_67' title='bbox 967 708 1057 746; x_wconf 76' lang='lat' dir='ltr'>Rome</span> <span class='ocrx_word' id='word_1_68' title='bbox 1074 706 1154 738; x_wconf 88' lang='lat' dir='ltr'>Feli-</span> 
     </span>
     <span class='ocr_line' id='line_1_11' title="bbox 279 753 1154 801; baseline -0.01 -5"><span class='ocrx_word' id='word_1_69' title='bbox 279 775 340 796; x_wconf 86' lang='lat' dir='ltr'>cem</span> <span class='ocrx_word' id='word_1_70' title='bbox 362 765 508 793; x_wconf 81' lang='lat' dir='ltr'>Arianum</span> <span class='ocrx_word' id='word_1_71' title='bbox 524 756 701 801; x_wconf 76' lang='lat' dir='ltr'>Episcopum</span> <span class='ocrx_word' id='word_1_72' title='bbox 721 755 919 796; x_wconf 76' lang='lat' dir='ltr'>constitueret.</span> <span class='ocrx_word' id='word_1_73' title='bbox 952 754 996 789; x_wconf 89' lang='lat' dir='ltr'>Et</span> <span class='ocrx_word' id='word_1_74' title='bbox 1017 753 1095 788; x_wconf 79' lang='lat' dir='ltr'>hine</span> <span class='ocrx_word' id='word_1_75' title='bbox 1117 754 1154 788; x_wconf 84' lang='lat' dir='ltr'>li-</span> 
     </span>
     <span class='ocr_line' id='line_1_12' title="bbox 278 805 1155 856; baseline -0.007 -11"><span class='ocrx_word' id='word_1_76' title='bbox 278 821 357 856; x_wconf 86' lang='lat' dir='ltr'>quet</span> <span class='ocrx_word' id='word_1_77' title='bbox 381 809 579 844; x_wconf 88' lang='lat' dir='ltr'>Guibertum</span> <span class='ocrx_word' id='word_1_78' title='bbox 605 807 698 842; x_wconf 75' lang='lat' dir='ltr'>fuisse</span> <span class='ocrx_word' id='word_1_79' title='bbox 724 805 940 851; x_wconf 79' lang='lat' dir='ltr'>conjugatum</span> <span class='ocrx_word' id='word_1_80' title='bbox 963 805 1155 846; x_wconf 77' lang='lat' dir='ltr'>clericum,</span> 
     </span>
     <span class='ocr_line' id='line_1_13' title="bbox 277 854 1154 902; baseline -0.007 -7"><span class='ocrx_word' id='word_1_81' title='bbox 277 872 334 896; x_wconf 80' lang='lat' dir='ltr'>aut</span> <span class='ocrx_word' id='word_1_82' title='bbox 355 858 431 895; x_wconf 75' lang='lat' dir='ltr'>sane</span> <span class='ocrx_word' id='word_1_83' title='bbox 453 859 523 894; x_wconf 74' lang='lat' dir='ltr'>istis</span> <span class='ocrx_word' id='word_1_84' title='bbox 543 857 704 902; x_wconf 86' lang='lat' dir='ltr'>sacrilegis</span> <span class='ocrx_word' id='word_1_85' title='bbox 714 856 883 900; x_wconf 81' lang='lat' dir='ltr'>conjugiis</span> <span class='ocrx_word' id='word_1_86' title='bbox 901 863 1053 900; x_wconf 89' lang='lat' dir='ltr'>potenter</span> <span class='ocrx_word' id='word_1_87' title='bbox 1064 854 1154 895; x_wconf 75' lang='lat' dir='ltr'>favis-</span> 
     </span>
     <span class='ocr_line' id='line_1_14' title="bbox 277 906 877 947; baseline -0.013 0"><span class='ocrx_word' id='word_1_88' title='bbox 277 914 327 947; x_wconf 84' lang='lat' dir='ltr'>se.</span> <span class='ocrx_word' id='word_1_89' title='bbox 355 911 445 945; x_wconf 90' lang='lat' dir='ltr'>Nam</span> <span class='ocrx_word' id='word_1_90' title='bbox 467 908 586 943; x_wconf 85' lang='lat' dir='ltr'>&amp;talis</span> <span class='ocrx_word' id='word_1_91' title='bbox 606 917 675 941; x_wconf 85' lang='lat' dir='ltr'>erat</span> <span class='ocrx_word' id='word_1_92' title='bbox 693 906 877 941; x_wconf 81' lang='lat' dir='ltr'>Cadalous.</span> 
     </span>
    </p>

    <p class='ocr_par' dir='ltr' id='par_1_2' title="bbox 225 954 1176 3262">
     <span class='ocr_line' id='line_1_15' title="bbox 329 954 1155 1000; baseline -0.005 -6"><span class='ocrx_word' id='word_1_93' title='bbox 329 961 401 996; x_wconf 91' lang='lat' dir='ltr'>Hic</span> <span class='ocrx_word' id='word_1_94' title='bbox 420 958 555 994; x_wconf 85' lang='lat' dir='ltr'>tandem</span> <span class='ocrx_word' id='word_1_95' title='bbox 579 957 642 992; x_wconf 86' lang='lat' dir='ltr'>fuit</span> <span class='ocrx_word' id='word_1_96' title='bbox 662 956 780 1000; x_wconf 68' lang='lat' dir='ltr'>ejectus</span> <span class='ocrx_word' id='word_1_97' title='bbox 793 980 804 996; x_wconf 92' lang='lat'>,</span> <span class='ocrx_word' id='word_1_98' title='bbox 827 956 910 990; x_wconf 88' lang='lat' dir='ltr'>&amp;in</span> <span class='ocrx_word' id='word_1_99' title='bbox 932 956 1021 990; x_wconf 85' lang='lat' dir='ltr'>Petri</span> <span class='ocrx_word' id='word_1_100' title='bbox 1035 954 1155 992; x_wconf 79' lang='lat' dir='ltr'>Cathe-</span> 
     </span>
     <span class='ocr_line' id='line_1_16' title="bbox 275 1006 1153 1054; baseline -0.007 -7"><span class='ocrx_word' id='word_1_101' title='bbox 275 1013 368 1047; x_wconf 84' lang='lat' dir='ltr'>dram</span> <span class='ocrx_word' id='word_1_102' title='bbox 393 1019 565 1054; x_wconf 88' lang='lat' dir='ltr'>promotus</span> <span class='ocrx_word' id='word_1_103' title='bbox 586 1006 762 1043; x_wconf 85' lang='lat' dir='ltr'>Anselmus</span> <span class='ocrx_word' id='word_1_104' title='bbox 781 1007 935 1041; x_wconf 74' lang='lat' dir='ltr'>Lucensis</span> <span class='ocrx_word' id='word_1_105' title='bbox 954 1007 1153 1051; x_wconf 84' lang='lat' dir='ltr'>Episcopus,</span> 
     </span>
     <span class='ocr_line' id='line_1_17' title="bbox 276 1057 1153 1096; baseline -0.005 -2"><span class='ocrx_word' id='word_1_106' title='bbox 276 1070 415 1096; x_wconf 85' lang='lat' dir='ltr'>vocatus</span> <span class='ocrx_word' id='word_1_107' title='bbox 437 1057 626 1093; x_wconf 77' lang='lat' dir='ltr'>Alexander</span> <span class='ocrx_word' id='word_1_108' title='bbox 646 1057 823 1092; x_wconf 87' lang='lat' dir='ltr'>secundus.</span> <span class='ocrx_word' id='word_1_109' title='bbox 850 1057 895 1091; x_wconf 88' lang='lat' dir='ltr'>Et</span> <span class='ocrx_word' id='word_1_110' title='bbox 914 1066 995 1091; x_wconf 88' lang='lat' dir='ltr'>tunc</span> <span class='ocrx_word' id='word_1_111' title='bbox 1012 1058 1153 1092; x_wconf 89' lang='lat' dir='ltr'>moritur</span> 
     </span>
     <span class='ocr_line' id='line_1_18' title="bbox 274 1106 1154 1152; baseline -0.005 -8"><span class='ocrx_word' id='word_1_112' title='bbox 274 1111 441 1146; x_wconf 85' lang='lat' dir='ltr'>Henricus</span> <span class='ocrx_word' id='word_1_113' title='bbox 455 1108 724 1152; x_wconf 85' lang='lat' dir='ltr'>Archiepiscopus</span> <span class='ocrx_word' id='word_1_114' title='bbox 738 1107 902 1141; x_wconf 60' lang='lat' dir='ltr'>Ravenna</span> <span class='ocrx_word' id='word_1_115' title='bbox 913 1131 924 1148; x_wconf 91' lang='lat'>,</span> <span class='ocrx_word' id='word_1_116' title='bbox 949 1106 991 1142; x_wconf 83' lang='lat' dir='ltr'>de</span> <span class='ocrx_word' id='word_1_117' title='bbox 1001 1118 1070 1152; x_wconf 86' lang='lat' dir='ltr'>quo</span> <span class='ocrx_word' id='word_1_118' title='bbox 1080 1107 1154 1141; x_wconf 88' lang='lat' dir='ltr'>scri-</span> 
     </span>
     <span class='ocr_line' id='line_1_19' title="bbox 275 1156 1151 1201; baseline -0.007 -4"><span class='ocrx_word' id='word_1_119' title='bbox 275 1163 325 1197; x_wconf 89' lang='lat' dir='ltr'>bit</span> <span class='ocrx_word' id='word_1_120' title='bbox 336 1163 446 1197; x_wconf 86' lang='lat' dir='ltr'>invita</span> <span class='ocrx_word' id='word_1_121' title='bbox 459 1160 564 1195; x_wconf 70' lang='lat' dir='ltr'>Sancii</span> <span class='ocrx_word' id='word_1_122' title='bbox 589 1158 677 1193; x_wconf 87' lang='lat' dir='ltr'>Petri</span> <span class='ocrx_word' id='word_1_123' title='bbox 701 1156 859 1193; x_wconf 83' lang='lat' dir='ltr'>Damiani</span> <span class='ocrx_word' id='word_1_124' title='bbox 878 1158 1020 1201; x_wconf 82' lang='lat' dir='ltr'>Joannes</span> <span class='ocrx_word' id='word_1_125' title='bbox 1030 1156 1151 1191; x_wconf 83' lang='lat' dir='ltr'>Mona-</span> 
     </span>
     <span class='ocr_line' id='line_1_20' title="bbox 273 1206 1152 1251; baseline -0.008 -5"><span class='ocrx_word' id='word_1_126' title='bbox 273 1212 375 1246; x_wconf 77' lang='lat' dir='ltr'>chus:</span> <span class='ocrx_word' id='word_1_127' title='bbox 405 1215 488 1245; x_wconf 84' lang='lat' dir='ltr'><em>Erat</em></span> <span class='ocrx_word' id='word_1_128' title='bbox 508 1220 579 1245; x_wconf 90' lang='lat' dir='ltr'>tunc</span> <span class='ocrx_word' id='word_1_129' title='bbox 599 1215 741 1251; x_wconf 84' lang='lat' dir='ltr'>temporis</span> <span class='ocrx_word' id='word_1_130' title='bbox 763 1206 927 1249; x_wconf 63' lang='lat' dir='ltr'>desuncYus</span> <span class='ocrx_word' id='word_1_131' title='bbox 942 1210 1088 1249; x_wconf 68' lang='lat' dir='ltr'>Ravenne</span> <span class='ocrx_word' id='word_1_132' title='bbox 1099 1211 1152 1240; x_wconf 77' lang='lat' dir='ltr'>Ar-</span> 
     </span>
     <span class='ocr_line' id='line_1_21' title="bbox 273 1255 1152 1306; baseline -0.008 -10"><span class='ocrx_word' id='word_1_133' title='bbox 273 1261 472 1306; x_wconf 86' lang='lat' dir='ltr'>cbiepiscopus</span> <span class='ocrx_word' id='word_1_134' title='bbox 485 1286 495 1302; x_wconf 96' lang='lat'>,</span> <span class='ocrx_word' id='word_1_135' title='bbox 522 1266 573 1304; x_wconf 87' lang='lat' dir='ltr'>qui</span> <span class='ocrx_word' id='word_1_136' title='bbox 581 1269 638 1302; x_wconf 83' lang='lat' dir='ltr'>pro</span> <span class='ocrx_word' id='word_1_137' title='bbox 650 1257 710 1302; x_wconf 82' lang='lat' dir='ltr'>sua</span> <span class='ocrx_word' id='word_1_138' title='bbox 726 1263 907 1301; x_wconf 83' lang='lat' dir='ltr'>protervia,</span> <span class='ocrx_word' id='word_1_139' title='bbox 928 1255 1078 1301; x_wconf 83' lang='lat' dir='ltr'>sententia</span> <span class='ocrx_word' id='word_1_140' title='bbox 1095 1261 1152 1290; x_wconf 86' lang='lat' dir='ltr'>Ro-</span> 
     </span>
     <span class='ocr_line' id='line_1_22' title="bbox 273 1310 1153 1355; baseline -0.009 -8"><span class='ocrx_word' id='word_1_141' title='bbox 273 1325 364 1355; x_wconf 69' lang='lat' dir='ltr'>mane</span> <span class='ocrx_word' id='word_1_142' title='bbox 375 1313 479 1354; x_wconf 73' lang='lat' dir='ltr'>synodi</span> <span class='ocrx_word' id='word_1_143' title='bbox 485 1311 593 1354; x_wconf 84' lang='lat' dir='ltr'>fuerat</span> <span class='ocrx_word' id='word_1_144' title='bbox 607 1310 677 1343; x_wconf 86' lang='lat' dir='ltr'>olim</span> <span class='ocrx_word' id='word_1_145' title='bbox 687 1313 885 1343; x_wconf 88' lang='lat' dir='ltr'>communione</span> <span class='ocrx_word' id='word_1_146' title='bbox 900 1314 1058 1350; x_wconf 84' lang='lat' dir='ltr'>privatus.</span> <span class='ocrx_word' id='word_1_147' title='bbox 1088 1310 1153 1351; x_wconf 77' lang='lat' dir='ltr'>‚Qui</span> 
     </span>
     <span class='ocr_line' id='line_1_23' title="bbox 274 1356 1152 1401; baseline -0.009 -4"><span class='ocrx_word' id='word_1_148' title='bbox 274 1374 377 1398; x_wconf 76' lang='lat' dir='ltr'>tamen</span> <span class='ocrx_word' id='word_1_149' title='bbox 397 1368 494 1396; x_wconf 86' lang='lat' dir='ltr'>nimia</span> <span class='ocrx_word' id='word_1_150' title='bbox 516 1365 684 1396; x_wconf 76' lang='lat' dir='ltr'>temeritate</span> <span class='ocrx_word' id='word_1_151' title='bbox 699 1383 710 1399; x_wconf 93' lang='lat'>,</span> <span class='ocrx_word' id='word_1_152' title='bbox 734 1369 827 1401; x_wconf 87' lang='lat' dir='ltr'>neque</span> <span class='ocrx_word' id='word_1_153' title='bbox 846 1359 880 1391; x_wconf 82' lang='lat' dir='ltr'>ob</span> <span class='ocrx_word' id='word_1_154' title='bbox 891 1359 1011 1391; x_wconf 81' lang='lat' dir='ltr'>illatam</span> <span class='ocrx_word' id='word_1_155' title='bbox 1031 1356 1152 1401; x_wconf 74' lang='lat' dir='ltr'>sibisen-</span> 
     </span>
     <span class='ocr_line' id='line_1_24' title="bbox 273 1407 1158 1456; baseline -0.01 -9"><span class='ocrx_word' id='word_1_156' title='bbox 273 1419 404 1449; x_wconf 71' lang='lat' dir='ltr'>tentiam</span> <span class='ocrx_word' id='word_1_157' title='bbox 416 1412 606 1456; x_wconf 68' lang='lat' dir='ltr'>tremefallus</span> <span class='ocrx_word' id='word_1_158' title='bbox 619 1436 630 1451; x_wconf 90' lang='lat'>‚</span> <span class='ocrx_word' id='word_1_159' title='bbox 659 1410 698 1443; x_wconf 88' lang='lat' dir='ltr'>ab</span> <span class='ocrx_word' id='word_1_160' title='bbox 707 1407 951 1451; x_wconf 76' lang='lat' dir='ltr'>Arcbiepiscopali</span> <span class='ocrx_word' id='word_1_161' title='bbox 966 1407 1000 1453; x_wconf 86' lang='lat' dir='ltr'>se</span> <span class='ocrx_word' id='word_1_162' title='bbox 1011 1419 1068 1441; x_wconf 84' lang='lat' dir='ltr'>non</span> <span class='ocrx_word' id='word_1_163' title='bbox 1085 1418 1158 1439; x_wconf 82' lang='lat' dir='ltr'>tem-</span> 
     </span>
     <span class='ocr_line' id='line_1_25' title="bbox 270 1456 1154 1508; baseline -0.009 -11"><span class='ocrx_word' id='word_1_164' title='bbox 270 1470 396 1508; x_wconf 85' lang='lat' dir='ltr'>peravtt</span> <span class='ocrx_word' id='word_1_165' title='bbox 418 1464 523 1505; x_wconf 81' lang='lat' dir='ltr'>officio,</span> <span class='ocrx_word' id='word_1_166' title='bbox 548 1460 773 1504; x_wconf 82' lang='lat' dir='ltr'>consentaneum</span> <span class='ocrx_word' id='word_1_167' title='bbox 788 1458 844 1500; x_wconf 84' lang='lat' dir='ltr'>fibi</span> <span class='ocrx_word' id='word_1_168' title='bbox 857 1459 1000 1500; x_wconf 72' lang='lat' dir='ltr'>populum</span> <span class='ocrx_word' id='word_1_169' title='bbox 1013 1456 1072 1501; x_wconf 87' lang='lat' dir='ltr'>sua</span> <span class='ocrx_word' id='word_1_170' title='bbox 1093 1468 1154 1490; x_wconf 90' lang='lat' dir='ltr'>con-</span> 
     </span>
     <span class='ocr_line' id='line_1_26' title="bbox 273 1506 1154 1559; baseline -0.009 -11"><span class='ocrx_word' id='word_1_171' title='bbox 273 1519 392 1559; x_wconf 78' lang='lat' dir='ltr'>tagione</span> <span class='ocrx_word' id='word_1_172' title='bbox 413 1510 515 1555; x_wconf 75' lang='lat' dir='ltr'>misere</span> <span class='ocrx_word' id='word_1_173' title='bbox 528 1511 667 1553; x_wconf 64' lang='lat' dir='ltr'>foedavit</span> <span class='ocrx_word' id='word_1_174' title='bbox 686 1534 696 1549; x_wconf 86' lang='lat'>,</span> <span class='ocrx_word' id='word_1_175' title='bbox 723 1518 875 1551; x_wconf 82' lang='lat' dir='ltr'>totamque</span> <span class='ocrx_word' id='word_1_176' title='bbox 898 1506 1054 1549; x_wconf 76' lang='lat' dir='ltr'>Ecclefiam</span> <span class='ocrx_word' id='word_1_177' title='bbox 1074 1508 1154 1540; x_wconf 82' lang='lat' dir='ltr'>illici-</span> 
     </span>
     <span class='ocr_line' id='line_1_27' title="bbox 274 1557 1155 1605; baseline -0.008 -7"><span class='ocrx_word' id='word_1_178' title='bbox 274 1567 317 1600; x_wconf 72' lang='lat' dir='ltr'>&#39;ris</span> <span class='ocrx_word' id='word_1_179' title='bbox 341 1562 456 1604; x_wconf 80' lang='lat' dir='ltr'>aufibus</span> <span class='ocrx_word' id='word_1_180' title='bbox 474 1560 686 1605; x_wconf 82' lang='lat' dir='ltr'>prophanavit</span> <span class='ocrx_word' id='word_1_181' title='bbox 701 1584 709 1590; x_wconf 90' lang='lat'><strong>.</strong></span> <span class='ocrx_word' id='word_1_182' title='bbox 737 1559 967 1593; x_wconf 83' lang='lat' dir='ltr'>Ravennatum</span> <span class='ocrx_word' id='word_1_183' title='bbox 993 1557 1155 1598; x_wconf 84' lang='lat' dir='ltr'>Ecclesia,</span> 
     </span>
     <span class='ocr_line' id='line_1_28' title="bbox 271 1608 1155 1658; baseline -0.008 -10"><span class='ocrx_word' id='word_1_184' title='bbox 271 1626 317 1648; x_wconf 71' lang='lat' dir='ltr'>ex</span> <span class='ocrx_word' id='word_1_185' title='bbox 338 1625 407 1658; x_wconf 90' lang='lat' dir='ltr'>quo</span> <span class='ocrx_word' id='word_1_186' title='bbox 436 1623 492 1657; x_wconf 89' lang='lat' dir='ltr'>per</span> <span class='ocrx_word' id='word_1_187' title='bbox 515 1612 703 1645; x_wconf 72' lang='lat' dir='ltr'>Graecorum</span> <span class='ocrx_word' id='word_1_188' title='bbox 727 1611 963 1652; x_wconf 81' lang='lat' dir='ltr'>Imperatorum</span> <span class='ocrx_word' id='word_1_189' title='bbox 985 1608 1155 1642; x_wconf 82' lang='lat' dir='ltr'>Exarchos</span> 
     </span>
     <span class='ocr_line' id='line_1_29' title="bbox 272 1658 1155 1706; baseline -0.009 -7"><span class='ocrx_word' id='word_1_190' title='bbox 272 1665 389 1699; x_wconf 80' lang='lat' dir='ltr'>inflata</span> <span class='ocrx_word' id='word_1_191' title='bbox 403 1663 502 1706; x_wconf 89' lang='lat' dir='ltr'>coepit</span> <span class='ocrx_word' id='word_1_192' title='bbox 514 1660 637 1696; x_wconf 85' lang='lat' dir='ltr'>ambire</span> <span class='ocrx_word' id='word_1_193' title='bbox 660 1658 963 1703; x_wconf 84' lang='lat' dir='ltr'>Authocephaliam</span> <span class='ocrx_word' id='word_1_194' title='bbox 976 1684 986 1701; x_wconf 88' lang='lat'>‚</span> <span class='ocrx_word' id='word_1_195' title='bbox 1012 1660 1155 1702; x_wconf 86' lang='lat' dir='ltr'>frequen·</span> 
     </span>
     <span class='ocr_line' id='line_1_30' title="bbox 273 1708 1156 1755; baseline -0.01 -6"><span class='ocrx_word' id='word_1_196' title='bbox 273 1716 324 1750; x_wconf 77' lang='lat' dir='ltr'>rer</span> <span class='ocrx_word' id='word_1_197' title='bbox 346 1713 515 1749; x_wconf 81' lang='lat' dir='ltr'>rebellavit</span> <span class='ocrx_word' id='word_1_198' title='bbox 538 1710 741 1755; x_wconf 82' lang='lat' dir='ltr'>Apostolicae</span> <span class='ocrx_word' id='word_1_199' title='bbox 764 1709 856 1744; x_wconf 81' lang='lat' dir='ltr'>sedi.</span> <span class='ocrx_word' id='word_1_200' title='bbox 884 1709 940 1742; x_wconf 79' lang='lat' dir='ltr'>Ad</span> <span class='ocrx_word' id='word_1_201' title='bbox 952 1709 1052 1751; x_wconf 85' lang='lat' dir='ltr'>ipsam</span> <span class='ocrx_word' id='word_1_202' title='bbox 1065 1708 1156 1741; x_wconf 86' lang='lat' dir='ltr'>Hen-</span> 
     </span>
     <span class='ocr_line' id='line_1_31' title="bbox 274 1756 1156 1805; baseline -0.011 -6"><span class='ocrx_word' id='word_1_203' title='bbox 274 1767 332 1800; x_wconf 87' lang='lat' dir='ltr'>rici</span> <span class='ocrx_word' id='word_1_204' title='bbox 346 1764 492 1798; x_wconf 59' lang='lat' dir='ltr'>defune&#39;ti</span> <span class='ocrx_word' id='word_1_205' title='bbox 504 1761 661 1805; x_wconf 82' lang='lat' dir='ltr'>contagio</span> <span class='ocrx_word' id='word_1_206' title='bbox 672 1761 889 1801; x_wconf 83' lang='lat' dir='ltr'>undequaque</span> <span class='ocrx_word' id='word_1_207' title='bbox 909 1756 1156 1800; x_wconf 79' lang='lat' dir='ltr'>pollutam-Ale-</span> 
     </span>
     <span class='ocr_line' id='line_1_32' title="bbox 274 1808 1155 1854; baseline -0.011 -5"><span class='ocrx_word' id='word_1_208' title='bbox 274 1816 400 1850; x_wconf 71' lang='lat' dir='ltr'>xander</span> <span class='ocrx_word' id='word_1_209' title='bbox 423 1813 583 1846; x_wconf 85' lang='lat' dir='ltr'>secundus</span> <span class='ocrx_word' id='word_1_210' title='bbox 603 1810 725 1854; x_wconf 85' lang='lat' dir='ltr'>legavit</span> <span class='ocrx_word' id='word_1_211' title='bbox 753 1809 818 1851; x_wconf 74' lang='lat' dir='ltr'>ejus</span> <span class='ocrx_word' id='word_1_212' title='bbox 843 1809 950 1841; x_wconf 84' lang='lat' dir='ltr'>civem</span> <span class='ocrx_word' id='word_1_213' title='bbox 968 1830 979 1846; x_wconf 93' lang='lat'>‚</span> <span class='ocrx_word' id='word_1_214' title='bbox 1004 1808 1155 1842; x_wconf 70' lang='lat' dir='ltr'>Sanstum</span> 
     </span>
     <span class='ocr_line' id='line_1_33' title="bbox 274 1856 1157 1901; baseline -0.014 -1"><span class='ocrx_word' id='word_1_215' title='bbox 274 1866 414 1901; x_wconf 80' lang='lat' dir='ltr'>Petrum</span> <span class='ocrx_word' id='word_1_216' title='bbox 428 1860 606 1897; x_wconf 79' lang='lat' dir='ltr'>Damiani:</span> <span class='ocrx_word' id='word_1_217' title='bbox 637 1861 679 1893; x_wconf 85' lang='lat' dir='ltr'>Et</span> <span class='ocrx_word' id='word_1_218' title='bbox 694 1859 747 1891; x_wconf 76' lang='lat' dir='ltr'>llic</span> <span class='ocrx_word' id='word_1_219' title='bbox 757 1870 829 1891; x_wconf 81' lang='lat' dir='ltr'>eam</span> <span class='ocrx_word' id='word_1_220' title='bbox 849 1858 1000 1901; x_wconf 86' lang='lat' dir='ltr'>purgavit</span> <span class='ocrx_word' id='word_1_221' title='bbox 1012 1856 1053 1890; x_wconf 83' lang='lat' dir='ltr'>ab</span> <span class='ocrx_word' id='word_1_222' title='bbox 1063 1856 1157 1889; x_wconf 89' lang='lat' dir='ltr'>omni</span> 
     </span>
     <span class='ocr_line' id='line_1_34' title="bbox 276 1905 1156 1954; baseline -0.014 -4"><span class='ocrx_word' id='word_1_223' title='bbox 276 1915 407 1954; x_wconf 84' lang='lat' dir='ltr'>scabie,</span> <span class='ocrx_word' id='word_1_224' title='bbox 434 1911 609 1947; x_wconf 61' lang='lat' dir='ltr'>&amp;reduxit</span> <span class='ocrx_word' id='word_1_225' title='bbox 620 1909 658 1942; x_wconf 85' lang='lat' dir='ltr'>ad</span> <span class='ocrx_word' id='word_1_226' title='bbox 676 1908 796 1941; x_wconf 86' lang='lat' dir='ltr'>Matris</span> <span class='ocrx_word' id='word_1_227' title='bbox 807 1905 1047 1949; x_wconf 72' lang='lat' dir='ltr'>obedientiam.</span> <span class='ocrx_word' id='word_1_228' title='bbox 1068 1905 1156 1939; x_wconf 89' lang='lat' dir='ltr'>Con-</span> 
     </span>
     <span class='ocr_line' id='line_1_35' title="bbox 277 1957 1157 2000; baseline -0.013 -1"><span class='ocrx_word' id='word_1_229' title='bbox 277 1963 441 2000; x_wconf 81' lang='lat' dir='ltr'>servaudae</span> <span class='ocrx_word' id='word_1_230' title='bbox 454 1961 548 1996; x_wconf 83' lang='lat' dir='ltr'>saluti</span> <span class='ocrx_word' id='word_1_231' title='bbox 561 1959 753 1995; x_wconf 77' lang='lat' dir='ltr'>necessarius</span> <span class='ocrx_word' id='word_1_232' title='bbox 770 1969 836 1991; x_wconf 86' lang='lat' dir='ltr'>erat</span> <span class='ocrx_word' id='word_1_233' title='bbox 849 1958 944 1990; x_wconf 85' lang='lat' dir='ltr'>sanus</span> <span class='ocrx_word' id='word_1_234' title='bbox 956 1957 1137 1999; x_wconf 81' lang='lat' dir='ltr'>Episcopus</span> <span class='ocrx_word' id='word_1_235' title='bbox 1150 1979 1157 1986; x_wconf 87' lang='lat'><strong>.</strong></span> 
     </span>
     <span class='ocr_line' id='line_1_36' title="bbox 276 2002 1158 2057; baseline -0.015 -7"><span class='ocrx_word' id='word_1_236' title='bbox 276 2016 405 2049; x_wconf 74' lang='lat' dir='ltr'>Verum</span> <span class='ocrx_word' id='word_1_237' title='bbox 417 2013 530 2057; x_wconf 68' lang='lat' dir='ltr'>Regiae</span> <span class='ocrx_word' id='word_1_238' title='bbox 542 2009 782 2044; x_wconf 82' lang='lat' dir='ltr'>nominationis</span> <span class='ocrx_word' id='word_1_239' title='bbox 795 2006 952 2041; x_wconf 88' lang='lat' dir='ltr'>violentia</span> <span class='ocrx_word' id='word_1_240' title='bbox 963 2017 1041 2040; x_wconf 89' lang='lat' dir='ltr'>tunc</span> <span class='ocrx_word' id='word_1_241' title='bbox 1051 2002 1158 2039; x_wconf 80' lang='lat' dir='ltr'>adhuc</span> 
     </span>
     <span class='ocr_line' id='line_1_37' title="bbox 277 2054 1158 2100; baseline -0.016 1"><span class='ocrx_word' id='word_1_242' title='bbox 277 2064 418 2100; x_wconf 82' lang='lat' dir='ltr'>vexabat</span> <span class='ocrx_word' id='word_1_243' title='bbox 432 2062 609 2097; x_wconf 86' lang='lat' dir='ltr'>Ecclesias.</span> <span class='ocrx_word' id='word_1_244' title='bbox 637 2059 732 2092; x_wconf 88' lang='lat' dir='ltr'>Hinc</span> <span class='ocrx_word' id='word_1_245' title='bbox 744 2058 863 2091; x_wconf 51' lang='lat' dir='ltr'>saelum</span> <span class='ocrx_word' id='word_1_246' title='bbox 874 2057 918 2090; x_wconf 82' lang='lat' dir='ltr'>est</span> <span class='ocrx_word' id='word_1_247' title='bbox 932 2055 1022 2100; x_wconf 85' lang='lat' dir='ltr'>quod</span> <span class='ocrx_word' id='word_1_248' title='bbox 1035 2054 1158 2089; x_wconf 89' lang='lat' dir='ltr'>habent</span> 
     </span>
     <span class='ocr_line' id='line_1_38' title="bbox 279 2106 1159 2153; baseline -0.017 -2"><span class='ocrx_word' id='word_1_249' title='bbox 279 2118 365 2153; x_wconf 71' lang='lat' dir='ltr'>Asta</span> <span class='ocrx_word' id='word_1_250' title='bbox 392 2112 516 2148; x_wconf 86' lang='lat' dir='ltr'>laudati</span> <span class='ocrx_word' id='word_1_251' title='bbox 543 2108 726 2144; x_wconf 80' lang='lat' dir='ltr'>Alexandri</span> <span class='ocrx_word' id='word_1_252' title='bbox 751 2120 758 2139; x_wconf 82' lang='lat' dir='ltr'><strong><em>z</em></strong></span> <span class='ocrx_word' id='word_1_253' title='bbox 797 2106 945 2147; x_wconf 66' lang='lat' dir='ltr'>Defunc‘lo</span> <span class='ocrx_word' id='word_1_254' title='bbox 981 2109 1159 2138; x_wconf 85' lang='lat' dir='ltr'>Ravennate</span> 
     </span>
     <span class='ocr_line' id='line_1_39' title="bbox 281 2157 1159 2206; baseline -0.017 -6"><span class='ocrx_word' id='word_1_255' title='bbox 281 2162 500 2206; x_wconf 61' lang='lat' dir='ltr'>archiepiscopo</span> <span class='ocrx_word' id='word_1_256' title='bbox 511 2185 523 2202; x_wconf 92' lang='lat'>,</span> <span class='ocrx_word' id='word_1_257' title='bbox 552 2158 713 2192; x_wconf 80' lang='lat' dir='ltr'>Guibertus</span> <span class='ocrx_word' id='word_1_258' title='bbox 726 2157 931 2189; x_wconf 73' lang='lat' dir='ltr'>Cancellarius</span> <span class='ocrx_word' id='word_1_259' title='bbox 939 2163 998 2196; x_wconf 86' lang='lat' dir='ltr'>per</span> <span class='ocrx_word' id='word_1_260' title='bbox 1008 2161 1159 2188; x_wconf 85' lang='lat' dir='ltr'>interven·</span> 
     </span>
     <span class='ocr_line' id='line_1_40' title="bbox 281 2203 1159 2256; baseline -0.015 -5"><span class='ocrx_word' id='word_1_261' title='bbox 281 2227 348 2251; x_wconf 82' lang='lat' dir='ltr'>tum</span> <span class='ocrx_word' id='word_1_262' title='bbox 359 2215 551 2256; x_wconf 72' lang='lat' dir='ltr'>imperatorie</span> <span class='ocrx_word' id='word_1_263' title='bbox 574 2208 682 2242; x_wconf 77' lang='lat' dir='ltr'>elec‘lus</span> <span class='ocrx_word' id='word_1_264' title='bbox 704 2205 781 2246; x_wconf 81' lang='lat' dir='ltr'>estin</span> <span class='ocrx_word' id='word_1_265' title='bbox 801 2204 868 2248; x_wconf 83' lang='lat' dir='ltr'>ipsa</span> <span class='ocrx_word' id='word_1_266' title='bbox 877 2203 1025 2247; x_wconf 78' lang='lat' dir='ltr'>Ecclesia,</span> <span class='ocrx_word' id='word_1_267' title='bbox 1044 2203 1159 2246; x_wconf 67' lang='lat' dir='ltr'>&amp;post-</span> 
     </span>
     <span class='ocr_line' id='line_1_41' title="bbox 281 2256 1162 2301; baseline -0.015 -2"><span class='ocrx_word' id='word_1_268' title='bbox 281 2267 402 2301; x_wconf 79' lang='lat' dir='ltr'>modum</span> <span class='ocrx_word' id='word_1_269' title='bbox 423 2262 462 2296; x_wconf 89' lang='lat' dir='ltr'>ab</span> <span class='ocrx_word' id='word_1_270' title='bbox 487 2260 659 2296; x_wconf 77' lang='lat' dir='ltr'>Alexandro</span> <span class='ocrx_word' id='word_1_271' title='bbox 683 2260 772 2299; x_wconf 85' lang='lat' dir='ltr'>Papa</span> <span class='ocrx_word' id='word_1_272' title='bbox 790 2278 800 2294; x_wconf 95' lang='lat'>,</span> <span class='ocrx_word' id='word_1_273' title='bbox 825 2256 892 2290; x_wconf 86' lang='lat' dir='ltr'>licet</span> <span class='ocrx_word' id='word_1_274' title='bbox 913 2257 1060 2289; x_wconf 64' lang='lat' dir='ltr'>immerita</span> <span class='ocrx_word' id='word_1_275' title='bbox 1080 2279 1091 2295; x_wconf 91' lang='lat'>‚</span> <span class='ocrx_word' id='word_1_276' title='bbox 1116 2259 1162 2287; x_wconf 84' lang='lat' dir='ltr'>in·</span> 
     </span>
     <span class='ocr_line' id='line_1_42' title="bbox 278 2304 1161 2359; baseline -0.017 -8"><span class='ocrx_word' id='word_1_277' title='bbox 278 2315 434 2359; x_wconf 77' lang='lat' dir='ltr'>flantibus</span> <span class='ocrx_word' id='word_1_278' title='bbox 452 2311 588 2356; x_wconf 77' lang='lat' dir='ltr'>precibus</span> <span class='ocrx_word' id='word_1_279' title='bbox 615 2333 626 2348; x_wconf 89' lang='lat'>‚</span> <span class='ocrx_word' id='word_1_280' title='bbox 650 2306 894 2351; x_wconf 82' lang='lat' dir='ltr'>consecrationem</span> <span class='ocrx_word' id='word_1_281' title='bbox 919 2304 1046 2339; x_wconf 82' lang='lat' dir='ltr'>obtinuit</span> <span class='ocrx_word' id='word_1_282' title='bbox 1064 2330 1071 2337; x_wconf 94' lang='lat'><strong><em>.</em></strong></span> <span class='ocrx_word' id='word_1_283' title='bbox 1100 2308 1161 2336; x_wconf 85' lang='lat' dir='ltr'>Cui</span> 
     </span>
     <span class='ocr_line' id='line_1_43' title="bbox 283 2353 1160 2412; baseline -0.018 -10"><span class='ocrx_word' id='word_1_284' title='bbox 283 2364 462 2412; x_wconf 79' lang='lat' dir='ltr'>priusquam</span> <span class='ocrx_word' id='word_1_285' title='bbox 479 2359 699 2404; x_wconf 68' lang='lat' dir='ltr'>consecrationis</span> <span class='ocrx_word' id='word_1_286' title='bbox 710 2367 815 2389; x_wconf 79' lang='lat' dir='ltr'>manus</span> <span class='ocrx_word' id='word_1_287' title='bbox 825 2362 988 2407; x_wconf 77' lang='lat' dir='ltr'>imponeret</span> <span class='ocrx_word' id='word_1_288' title='bbox 998 2379 1008 2394; x_wconf 90' lang='lat'>‚</span> <span class='ocrx_word' id='word_1_289' title='bbox 1035 2353 1160 2397; x_wconf 86' lang='lat' dir='ltr'>Prophe-</span> 
     </span>
     <span class='ocr_line' id='line_1_44' title="bbox 284 2403 1159 2460; baseline -0.015 -10"><span class='ocrx_word' id='word_1_290' title='bbox 284 2423 339 2451; x_wconf 80' lang='lat' dir='ltr'>tico</span> <span class='ocrx_word' id='word_1_291' title='bbox 363 2415 474 2460; x_wconf 83' lang='lat' dir='ltr'>spiritu</span> <span class='ocrx_word' id='word_1_292' title='bbox 493 2411 623 2453; x_wconf 69' lang='lat' dir='ltr'>repletur</span> <span class='ocrx_word' id='word_1_293' title='bbox 645 2409 723 2441; x_wconf 71' lang='lat' dir='ltr'>idem</span> <span class='ocrx_word' id='word_1_294' title='bbox 748 2405 891 2448; x_wconf 79' lang='lat' dir='ltr'>Pontifex</span> <span class='ocrx_word' id='word_1_295' title='bbox 905 2405 946 2447; x_wconf 83' lang='lat' dir='ltr'>fic</span> <span class='ocrx_word' id='word_1_296' title='bbox 967 2406 1087 2448; x_wconf 82' lang='lat' dir='ltr'>quidem</span> <span class='ocrx_word' id='word_1_297' title='bbox 1093 2403 1159 2447; x_wconf 85' lang='lat' dir='ltr'>fer·</span> 
     </span>
     <span class='ocr_line' id='line_1_45' title="bbox 286 2453 1162 2509; baseline -0.018 -6"><span class='ocrx_word' id='word_1_298' title='bbox 286 2479 338 2503; x_wconf 81' lang='lat' dir='ltr'>tur</span> <span class='ocrx_word' id='word_1_299' title='bbox 352 2465 477 2509; x_wconf 73' lang='lat' dir='ltr'>dixisse:</span> <span class='ocrx_word' id='word_1_300' title='bbox 506 2465 574 2505; x_wconf 84' lang='lat' dir='ltr'>Ego</span> <span class='ocrx_word' id='word_1_301' title='bbox 587 2460 706 2503; x_wconf 85' lang='lat' dir='ltr'>quidem</span> <span class='ocrx_word' id='word_1_302' title='bbox 728 2456 853 2495; x_wconf 83' lang='lat' dir='ltr'>delibor,</span> <span class='ocrx_word' id='word_1_303' title='bbox 881 2457 915 2490; x_wconf 60' lang='grc' dir='ltr'>Θ</span> <span class='ocrx_word' id='word_1_304' title='bbox 933 2465 1048 2497; x_wconf 87' lang='lat' dir='ltr'>tempus</span> <span class='ocrx_word' id='word_1_305' title='bbox 1060 2453 1162 2498; x_wconf 88' lang='lat' dir='ltr'>resolu-</span> 
     </span>
     <span class='ocr_line' id='line_1_46' title="bbox 287 2504 1161 2556; baseline -0.019 -3"><span class='ocrx_word' id='word_1_306' title='bbox 287 2505 380 2553; x_wconf 76' lang='lat' dir='ltr'>tionis</span> <span class='ocrx_word' id='word_1_307' title='bbox 403 2511 583 2556; x_wconf 68' lang='lat' dir='ltr'>meeinstat‚</span> <span class='ocrx_word' id='word_1_308' title='bbox 616 2519 647 2542; x_wconf 84' lang='lat' dir='ltr'>tu</span> <span class='ocrx_word' id='word_1_309' title='bbox 667 2510 739 2542; x_wconf 62' lang='lat' dir='ltr'>verb</span> <span class='ocrx_word' id='word_1_310' title='bbox 761 2506 853 2547; x_wconf 86' lang='lat' dir='ltr'>hujus</span> <span class='ocrx_word' id='word_1_311' title='bbox 867 2504 1055 2556; x_wconf 67' lang='lat' dir='ltr'>sacrosanble</span> <span class='ocrx_word' id='word_1_312' title='bbox 1076 2504 1161 2537; x_wconf 85' lang='lat' dir='ltr'>Sedis</span> 
     </span>
     <span class='ocr_line' id='line_1_47' title="bbox 225 2554 1165 2608; baseline -0.015 -7"><span class='ocrx_word' id='word_1_313' title='bbox 225 2596 230 2601; x_wconf 94' lang='lat'>.</span> <span class='ocrx_word' id='word_1_314' title='bbox 288 2562 428 2603; x_wconf 75' lang='lat' dir='ltr'>acerbam</span> <span class='ocrx_word' id='word_1_315' title='bbox 449 2562 559 2608; x_wconf 76' lang='lat' dir='ltr'>senties</span> <span class='ocrx_word' id='word_1_316' title='bbox 587 2561 724 2594; x_wconf 87' lang='lat' dir='ltr'>ultionem</span> <span class='ocrx_word' id='word_1_317' title='bbox 751 2582 758 2589; x_wconf 91' lang='lat'><strong>.</strong></span> <span class='ocrx_word' id='word_1_318' title='bbox 785 2557 919 2605; x_wconf 58' lang='lat' dir='ltr'>Fadium</span> <span class='ocrx_word' id='word_1_319' title='bbox 945 2554 980 2590; x_wconf 89' lang='lat' dir='ltr'>id</span> <span class='ocrx_word' id='word_1_320' title='bbox 1006 2554 1051 2589; x_wconf 87' lang='lat' dir='ltr'>est</span> <span class='ocrx_word' id='word_1_321' title='bbox 1077 2565 1165 2587; x_wconf 85' lang='lat' dir='ltr'>anno</span> 
     </span>
     <span class='ocr_line' id='line_1_48' title="bbox 290 2603 1166 2661; baseline -0.021 -7"><span class='ocrx_word' id='word_1_322' title='bbox 290 2619 383 2654; x_wconf 84' lang='lat' dir='ltr'>istius</span> <span class='ocrx_word' id='word_1_323' title='bbox 395 2614 502 2650; x_wconf 83' lang='lat' dir='ltr'>saeculi</span> <span class='ocrx_word' id='word_1_324' title='bbox 517 2609 753 2656; x_wconf 80' lang='lat' dir='ltr'>septuagesimo</span> <span class='ocrx_word' id='word_1_325' title='bbox 767 2605 908 2641; x_wconf 73' lang='lat' dir='ltr'>secundo</span> <span class='ocrx_word' id='word_1_326' title='bbox 917 2629 927 2645; x_wconf 92' lang='lat'>,</span> <span class='ocrx_word' id='word_1_327' title='bbox 955 2605 1011 2649; x_wconf 85' lang='lat' dir='ltr'>qui</span> <span class='ocrx_word' id='word_1_328' title='bbox 1024 2603 1166 2661; x_wconf 54' lang='lat' dir='ltr'>Alexan:</span> 
     </span>
     <span class='ocr_line' id='line_1_49' title="bbox 293 2655 1167 2704; baseline -0.021 0"><span class='ocrx_word' id='word_1_329' title='bbox 293 2670 354 2704; x_wconf 83' lang='lat' dir='ltr'>dro</span> <span class='ocrx_word' id='word_1_330' title='bbox 374 2667 438 2702; x_wconf 87' lang='lat' dir='ltr'>fuit</span> <span class='ocrx_word' id='word_1_331' title='bbox 465 2663 538 2697; x_wconf 83' lang='lat' dir='ltr'>vitae</span> <span class='ocrx_word' id='word_1_332' title='bbox 564 2660 724 2695; x_wconf 87' lang='lat' dir='ltr'>ultimus.</span> <span class='ocrx_word' id='word_1_333' title='bbox 753 2657 797 2692; x_wconf 92' lang='lat' dir='ltr'>Et</span> <span class='ocrx_word' id='word_1_334' title='bbox 817 2655 896 2690; x_wconf 82' lang='lat' dir='ltr'>hinc</span> <span class='ocrx_word' id='word_1_335' title='bbox 922 2655 1017 2690; x_wconf 84' lang='lat' dir='ltr'>tertia</span> <span class='ocrx_word' id='word_1_336' title='bbox 1043 2655 1167 2698; x_wconf 75' lang='lat' dir='ltr'>septimi</span> 
     </span>
     <span class='ocr_line' id='line_1_50' title="bbox 295 2704 1169 2763; baseline -0.021 -9"><span class='ocrx_word' id='word_1_337' title='bbox 295 2717 451 2763; x_wconf 84' lang='lat' dir='ltr'>Gregorii</span> <span class='ocrx_word' id='word_1_338' title='bbox 472 2712 608 2758; x_wconf 85' lang='lat' dir='ltr'>epistola</span> <span class='ocrx_word' id='word_1_339' title='bbox 627 2709 672 2744; x_wconf 84' lang='lat' dir='ltr'>est</span> <span class='ocrx_word' id='word_1_340' title='bbox 695 2708 736 2742; x_wconf 85' lang='lat' dir='ltr'>ad</span> <span class='ocrx_word' id='word_1_341' title='bbox 757 2706 847 2742; x_wconf 86' lang='lat' dir='ltr'>hunc</span> <span class='ocrx_word' id='word_1_342' title='bbox 870 2706 1075 2761; x_wconf 71' lang='lat' dir='ltr'>Guibertum</span> <span class='ocrx_word' id='word_1_343' title='bbox 1091 2715 1113 2761; x_wconf 44' lang='lat'>:-</span> <span class='ocrx_word' id='word_1_344' title='bbox 1127 2704 1169 2740; x_wconf 84' lang='lat' dir='ltr'>Et</span> 
     </span>
     <span class='ocr_line' id='line_1_51' title="bbox 297 2753 1170 2804; baseline -0.019 0"><span class='ocrx_word' id='word_1_345' title='bbox 297 2766 480 2804; x_wconf 77' lang='lat' dir='ltr'>Alexandri</span> <span class='ocrx_word' id='word_1_346' title='bbox 503 2772 642 2798; x_wconf 82' lang='lat' dir='ltr'>mortem</span> <span class='ocrx_word' id='word_1_347' title='bbox 656 2784 667 2800; x_wconf 92' lang='lat'>,</span> <span class='ocrx_word' id='word_1_348' title='bbox 693 2759 728 2792; x_wconf 76' lang='grc' dir='ltr'>δε</span> <span class='ocrx_word' id='word_1_349' title='bbox 745 2759 833 2792; x_wconf 87' lang='lat' dir='ltr'>suam</span> <span class='ocrx_word' id='word_1_350' title='bbox 855 2756 1047 2790; x_wconf 72' lang='lat' dir='ltr'>electionem</span> <span class='ocrx_word' id='word_1_351' title='bbox 1067 2753 1170 2788; x_wconf 76' lang='lat' dir='ltr'>1111re-</span> 
     </span>
     <span class='ocr_line' id='line_1_52' title="bbox 297 2808 1171 2860; baseline -0.019 -6"><span class='ocrx_word' id='word_1_352' title='bbox 297 2821 359 2854; x_wconf 82' lang='lat' dir='ltr'>sert</span> <span class='ocrx_word' id='word_1_353' title='bbox 371 2815 569 2860; x_wconf 82' lang='lat' dir='ltr'>Gregorius,</span> <span class='ocrx_word' id='word_1_354' title='bbox 595 2819 725 2844; x_wconf 79' lang='lat' dir='ltr'>necnon</span> <span class='ocrx_word' id='word_1_355' title='bbox 747 2808 780 2841; x_wconf 70' lang='grc' dir='ltr'>ὅ(</span> <span class='ocrx_word' id='word_1_356' title='bbox 798 2808 986 2840; x_wconf 81' lang='lat' dir='ltr'>Romanam</span> <span class='ocrx_word' id='word_1_357' title='bbox 1008 2815 1171 2839; x_wconf 84' lang='lat' dir='ltr'>commen-</span> 
     </span>
     <span class='ocr_line' id='line_1_53' title="bbox 299 2855 1171 2903; baseline -0.017 0"><span class='ocrx_word' id='word_1_358' title='bbox 299 2867 356 2903; x_wconf 79' lang='lat' dir='ltr'>dat</span> <span class='ocrx_word' id='word_1_359' title='bbox 375 2865 571 2901; x_wconf 82' lang='lat' dir='ltr'>Ecclesiam.</span> <span class='ocrx_word' id='word_1_360' title='bbox 599 2861 651 2894; x_wconf 83' lang='lat' dir='ltr'>Ex</span> <span class='ocrx_word' id='word_1_361' title='bbox 677 2869 744 2901; x_wconf 90' lang='lat' dir='ltr'>quo</span> <span class='ocrx_word' id='word_1_362' title='bbox 767 2857 853 2891; x_wconf 87' lang='lat' dir='ltr'>lucet</span> <span class='ocrx_word' id='word_1_363' title='bbox 865 2855 1062 2890; x_wconf 85' lang='lat' dir='ltr'>Guibertum</span> <span class='ocrx_word' id='word_1_364' title='bbox 1079 2855 1171 2889; x_wconf 78' lang='lat' dir='ltr'>fuisse</span> 
     </span>
     <span class='ocr_line' id='line_1_54' title="bbox 299 2906 1175 2954; baseline -0.019 0"><span class='ocrx_word' id='word_1_365' title='bbox 299 2928 380 2954; x_wconf 91' lang='lat' dir='ltr'>tunc</span> <span class='ocrx_word' id='word_1_366' title='bbox 399 2915 596 2950; x_wconf 80' lang='lat' dir='ltr'>eminentem</span> <span class='ocrx_word' id='word_1_367' title='bbox 609 2909 822 2953; x_wconf 88' lang='lat' dir='ltr'>Episcopum.</span> <span class='ocrx_word' id='word_1_368' title='bbox 851 2907 881 2940; x_wconf 88' lang='lat' dir='ltr'>A</span> <span class='ocrx_word' id='word_1_369' title='bbox 894 2906 1008 2950; x_wconf 81' lang='lat' dir='ltr'>Regiae</span> <span class='ocrx_word' id='word_1_370' title='bbox 1027 2906 1175 2939; x_wconf 78' lang='lat' dir='ltr'>nomina·</span> 
     </span>
     <span class='ocr_line' id='line_1_55' title="bbox 300 2955 1172 3004; baseline -0.019 0"><span class='ocrx_word' id='word_1_371' title='bbox 300 2967 403 3004; x_wconf 82' lang='lat' dir='ltr'>tionis</span> <span class='ocrx_word' id='word_1_372' title='bbox 414 2964 566 2999; x_wconf 87' lang='lat' dir='ltr'>servitute</span> <span class='ocrx_word' id='word_1_373' title='bbox 574 2962 695 3002; x_wconf 86' lang='lat' dir='ltr'>semper</span> <span class='ocrx_word' id='word_1_374' title='bbox 705 2967 856 3000; x_wconf 86' lang='lat' dir='ltr'>exempta</span> <span class='ocrx_word' id='word_1_375' title='bbox 878 2956 1022 2990; x_wconf 86' lang='lat' dir='ltr'>&amp;libera</span> <span class='ocrx_word' id='word_1_376' title='bbox 1035 2956 1098 2989; x_wconf 87' lang='lat' dir='ltr'>fuit</span> <span class='ocrx_word' id='word_1_377' title='bbox 1110 2955 1172 2989; x_wconf 81' lang='lat' dir='ltr'>Ra-</span> 
     </span>
     <span class='ocr_line' id='line_1_56' title="bbox 302 3005 1174 3053; baseline -0.018 0"><span class='ocrx_word' id='word_1_378' title='bbox 302 3027 416 3053; x_wconf 59' lang='lat' dir='ltr'>vennae</span> <span class='ocrx_word' id='word_1_379' title='bbox 424 3011 563 3049; x_wconf 77' lang='lat' dir='ltr'>Ecclesia</span> <span class='ocrx_word' id='word_1_380' title='bbox 574 3035 582 3042; x_wconf 87' lang='lat'><em>.</em></span> <span class='ocrx_word' id='word_1_381' title='bbox 610 3010 675 3043; x_wconf 83' lang='lat' dir='ltr'>Suo</span> <span class='ocrx_word' id='word_1_382' title='bbox 687 3008 763 3041; x_wconf 89' lang='lat' dir='ltr'>loco</span> <span class='ocrx_word' id='word_1_383' title='bbox 773 3006 894 3040; x_wconf 83' lang='lat' dir='ltr'>adduxi</span> <span class='ocrx_word' id='word_1_384' title='bbox 909 3006 1051 3039; x_wconf 83' lang='lat' dir='ltr'>rationes</span> <span class='ocrx_word' id='word_1_385' title='bbox 1062 3031 1069 3038; x_wconf 94' lang='lat'><strong><em>.</em></strong></span> <span class='ocrx_word' id='word_1_386' title='bbox 1084 3005 1174 3039; x_wconf 85' lang='lat' dir='ltr'>Hinc</span> 
     </span>
     <span class='ocr_line' id='line_1_57' title="bbox 304 3055 1176 3104; baseline -0.017 -2"><span class='ocrx_word' id='word_1_387' title='bbox 304 3066 485 3104; x_wconf 84' lang='lat' dir='ltr'>Guibertus</span> <span class='ocrx_word' id='word_1_388' title='bbox 506 3072 572 3096; x_wconf 80' lang='lat' dir='ltr'>non</span> <span class='ocrx_word' id='word_1_389' title='bbox 593 3070 648 3102; x_wconf 84' lang='lat' dir='ltr'>per</span> <span class='ocrx_word' id='word_1_390' title='bbox 670 3055 954 3095; x_wconf 85' lang='lat' dir='ltr'>nominationem,</span> <span class='ocrx_word' id='word_1_391' title='bbox 983 3056 1036 3089; x_wconf 81' lang='lat' dir='ltr'>sed</span> <span class='ocrx_word' id='word_1_392' title='bbox 1060 3055 1176 3098; x_wconf 82' lang='lat' dir='ltr'>pereli-</span> 
     </span>
     <span class='ocr_line' id='line_1_58' title="bbox 305 3105 1176 3164; baseline -0.016 -12"><span class='ocrx_word' id='word_1_393' title='bbox 305 3117 416 3164; x_wconf 80' lang='lat' dir='ltr'>gendae</span> <span class='ocrx_word' id='word_1_394' title='bbox 436 3114 577 3159; x_wconf 82' lang='lat' dir='ltr'>personae</span> <span class='ocrx_word' id='word_1_395' title='bbox 598 3108 854 3152; x_wconf 76' lang='lat' dir='ltr'>designationem</span> <span class='ocrx_word' id='word_1_396' title='bbox 876 3106 1001 3140; x_wconf 87' lang='lat' dir='ltr'>videtur</span> <span class='ocrx_word' id='word_1_397' title='bbox 1018 3106 1109 3139; x_wconf 75' lang='lat' dir='ltr'>fuisse</span> <span class='ocrx_word' id='word_1_398' title='bbox 1129 3105 1176 3138; x_wconf 85' lang='lat' dir='ltr'>in·</span> 
     </span>
     <span class='ocr_line' id='line_1_59' title="bbox 306 3154 1176 3207; baseline -0.015 -5"><span class='ocrx_word' id='word_1_399' title='bbox 306 3169 427 3203; x_wconf 79' lang='lat' dir='ltr'>trusus.</span> <span class='ocrx_word' id='word_1_400' title='bbox 455 3163 583 3198; x_wconf 68' lang='lat' dir='ltr'>Electus</span> <span class='ocrx_word' id='word_1_401' title='bbox 604 3156 751 3198; x_wconf 84' lang='lat' dir='ltr'>enimest</span> <span class='ocrx_word' id='word_1_402' title='bbox 771 3167 824 3207; x_wconf 85' lang='lat' dir='ltr'>per</span> <span class='ocrx_word' id='word_1_403' title='bbox 846 3155 1067 3194; x_wconf 76' lang='lat' dir='ltr'>interventum</span> <span class='ocrx_word' id='word_1_404' title='bbox 1078 3154 1176 3200; x_wconf 81' lang='lat' dir='ltr'>Impe—</span> 
     </span>
     <span class='ocr_line' id='line_1_60' title="bbox 308 3217 1167 3262; baseline -0.01 -12"><span class='ocrx_word' id='word_1_405' title='bbox 308 3217 438 3256; x_wconf 68' lang='lat' dir='ltr'>ratoris.</span> <span class='ocrx_word' id='word_1_406' title='bbox 1160 3255 1167 3262; x_wconf 37' lang='grc' dir='ltr'>ι</span> 
     </span>
    </p>

    <p class='ocr_par' dir='ltr' id='par_1_3' title="bbox 311 3254 1182 3508">
     <span class='ocr_line' id='line_1_61' title="bbox 358 3254 1178 3309; baseline -0.015 -10"><span class='ocrx_word' id='word_1_407' title='bbox 358 3255 517 3309; x_wconf 73' lang='lat' dir='ltr'>Septimus</span> <span class='ocrx_word' id='word_1_408' title='bbox 529 3259 729 3306; x_wconf 77' lang='lat' dir='ltr'>Gregorius,</span> <span class='ocrx_word' id='word_1_409' title='bbox 758 3255 846 3301; x_wconf 68' lang='lat' dir='ltr'>quod</span> <span class='ocrx_word' id='word_1_410' title='bbox 862 3255 1113 3291; x_wconf 69' lang='lat' dir='ltr'>Ecciefiasticam</span> <span class='ocrx_word' id='word_1_411' title='bbox 1135 3254 1178 3289; x_wconf 80' lang='lat' dir='ltr'>d·-</span> 
     </span>
     <span class='ocr_line' id='line_1_62' title="bbox 311 3306 1180 3357; baseline -0.015 -6"><span class='ocrx_word' id='word_1_412' title='bbox 311 3315 480 3357; x_wconf 73' lang='lat' dir='ltr'>fciplinam</span> <span class='ocrx_word' id='word_1_413' title='bbox 495 3312 673 3355; x_wconf 86' lang='lat' dir='ltr'>intrepidus</span> <span class='ocrx_word' id='word_1_414' title='bbox 684 3318 842 3352; x_wconf 80' lang='lat' dir='ltr'>repararet</span> <span class='ocrx_word' id='word_1_415' title='bbox 856 3331 866 3347; x_wconf 91' lang='lat'>‚</span> <span class='ocrx_word' id='word_1_416' title='bbox 894 3308 997 3350; x_wconf 75' lang='lat' dir='ltr'>passus</span> <span class='ocrx_word' id='word_1_417' title='bbox 1007 3306 1051 3340; x_wconf 85' lang='lat' dir='ltr'>est</span> <span class='ocrx_word' id='word_1_418' title='bbox 1065 3306 1180 3339; x_wconf 81' lang='lat' dir='ltr'>multas</span> 
     </span>
     <span class='ocr_line' id='line_1_63' title="bbox 313 3356 1180 3401; baseline -0.013 -3"><span class='ocrx_word' id='word_1_419' title='bbox 313 3364 536 3399; x_wconf 66' lang='lat' dir='ltr'>calamitates:</span> <span class='ocrx_word' id='word_1_420' title='bbox 567 3359 741 3396; x_wconf 71' lang='lat' dir='ltr'>Praesertim</span> <span class='ocrx_word' id='word_1_421' title='bbox 769 3357 838 3401; x_wconf 88' lang='lat' dir='ltr'>post</span> <span class='ocrx_word' id='word_1_422' title='bbox 861 3356 1180 3390; x_wconf 81' lang='lat' dir='ltr'>excommunicatum</span> 
     </span>
     <span class='ocr_line' id='line_1_64' title="bbox 315 3405 1182 3457; baseline -0.013 -9"><span class='ocrx_word' id='word_1_423' title='bbox 315 3415 445 3457; x_wconf 75' lang='lat' dir='ltr'>Regem</span> <span class='ocrx_word' id='word_1_424' title='bbox 468 3412 673 3445; x_wconf 73' lang='lat' dir='ltr'>Heni-icum.</span> <span class='ocrx_word' id='word_1_425' title='bbox 701 3408 835 3442; x_wconf 82' lang='lat' dir='ltr'>lstarum</span> <span class='ocrx_word' id='word_1_426' title='bbox 860 3418 958 3440; x_wconf 86' lang='lat' dir='ltr'>unam</span> <span class='ocrx_word' id='word_1_427' title='bbox 981 3406 1072 3440; x_wconf 77' lang='lat' dir='ltr'>refert</span> <span class='ocrx_word' id='word_1_428' title='bbox 1092 3405 1182 3449; x_wconf 80' lang='lat' dir='ltr'>Con-</span> 
     </span>
     <span class='ocr_line' id='line_1_65' title="bbox 317 3456 1182 3508; baseline -0.012 -11"><span class='ocrx_word' id='word_1_429' title='bbox 317 3464 431 3502; x_wconf 68' lang='lat' dir='ltr'>tardue</span> <span class='ocrx_word' id='word_1_430' title='bbox 460 3459 570 3495; x_wconf 78' lang='lat' dir='ltr'>Abbas</span> <span class='ocrx_word' id='word_1_431' title='bbox 602 3457 810 3508; x_wconf 76' lang='lat' dir='ltr'>Uspergensis</span> <span class='ocrx_word' id='word_1_432' title='bbox 830 3468 839 3494; x_wconf 59' lang='lat' dir='ltr'>i</span> <span class='ocrx_word' id='word_1_433' title='bbox 874 3460 999 3495; x_wconf 75' lang='lat' dir='ltr'>Gentius</span> <span class='ocrx_word' id='word_1_434' title='bbox 1035 3456 1159 3502; x_wconf 80' lang='lat' dir='ltr'>quidam</span> <span class='ocrx_word' id='word_1_435' title='bbox 1172 3477 1182 3495; x_wconf 90' lang='lat'>,</span> 
     </span>
    </p>
   </div>
   <div class='ocr_carea' id='block_1_2' title="bbox 896 175 1471 219">
    <p class='ocr_par' dir='ltr' id='par_1_4' title="bbox 896 175 1471 219">
     <span class='ocr_line' id='line_1_66' title="bbox 896 175 1471 219; baseline -0.007 0"><span class='ocrx_word' id='word_1_436' title='bbox 896 175 1471 219; x_wconf 59' lang='lat' dir='ltr'>BR1x1nansz</span> 
     </span>
    </p>
   </div>
   <div class='ocr_carea' id='block_1_3' title="bbox 1213 256 2246 3539">
    <p class='ocr_par' dir='ltr' id='par_1_5' title="bbox 1213 256 2246 3539">
     <span class='ocr_line' id='line_1_67' title="bbox 1221 256 2095 303; baseline 0.014 -17"><span class='ocrx_word' id='word_1_437' title='bbox 1221 258 1298 287; x_wconf 82' lang='lat' dir='ltr'>civis</span> <span class='ocrx_word' id='word_1_438' title='bbox 1324 258 1501 298; x_wconf 84' lang='lat' dir='ltr'>Romanus,</span> <span class='ocrx_word' id='word_1_439' title='bbox 1528 268 1566 290; x_wconf 81' lang='lat' dir='ltr'>ex</span> <span class='ocrx_word' id='word_1_440' title='bbox 1580 256 1755 299; x_wconf 70' lang='lat' dir='ltr'>fautoribus</span> <span class='ocrx_word' id='word_1_441' title='bbox 1766 263 1903 303; x_wconf 72' lang='lat' dir='ltr'>Henrlci,</span> <span class='ocrx_word' id='word_1_442' title='bbox 1927 268 1960 298; x_wconf 84' lang='lat' dir='ltr'>in</span> <span class='ocrx_word' id='word_1_443' title='bbox 1969 269 2095 300; x_wconf 83' lang='lat' dir='ltr'>Nativi-</span> 
     </span>
     <span class='ocr_line' id='line_1_68' title="bbox 1220 306 2095 360; baseline 0.018 -25"><span class='ocrx_word' id='word_1_444' title='bbox 1220 312 1284 336; x_wconf 86' lang='lat' dir='ltr'>tate</span> <span class='ocrx_word' id='word_1_445' title='bbox 1298 306 1420 338; x_wconf 80' lang='lat' dir='ltr'>Domini</span> <span class='ocrx_word' id='word_1_446' title='bbox 1440 310 1613 351; x_wconf 82' lang='lat' dir='ltr'>Gregorium</span> <span class='ocrx_word' id='word_1_447' title='bbox 1635 311 1757 351; x_wconf 83' lang='lat' dir='ltr'>Papam</span> <span class='ocrx_word' id='word_1_448' title='bbox 1782 315 1814 343; x_wconf 87' lang='lat' dir='ltr'>in</span> <span class='ocrx_word' id='word_1_449' title='bbox 1829 313 1907 354; x_wconf 84' lang='lat' dir='ltr'>galli</span> <span class='ocrx_word' id='word_1_450' title='bbox 1927 323 2013 350; x_wconf 77' lang='lat' dir='ltr'>cantu</span> <span class='ocrx_word' id='word_1_451' title='bbox 2024 316 2095 360; x_wconf 82' lang='lat' dir='ltr'>Mis-</span> 
     </span>
     <span class='ocr_line' id='line_1_69' title="bbox 1213 351 2093 407; baseline 0.015 -21"><span class='ocrx_word' id='word_1_452' title='bbox 1213 351 1281 396; x_wconf 85' lang='lat' dir='ltr'>sam</span> <span class='ocrx_word' id='word_1_453' title='bbox 1303 355 1499 390; x_wconf 80' lang='lat' dir='ltr'>celebrantem</span> <span class='ocrx_word' id='word_1_454' title='bbox 1526 382 1536 398; x_wconf 90' lang='lat'>,</span> <span class='ocrx_word' id='word_1_455' title='bbox 1562 358 1599 391; x_wconf 85' lang='lat' dir='ltr'>de</span> <span class='ocrx_word' id='word_1_456' title='bbox 1623 360 1723 392; x_wconf 82' lang='lat' dir='ltr'>Altari</span> <span class='ocrx_word' id='word_1_457' title='bbox 1748 360 1937 394; x_wconf 80' lang='lat' dir='ltr'>vulneratum</span> <span class='ocrx_word' id='word_1_458' title='bbox 1956 372 2093 407; x_wconf 77' lang='lat' dir='ltr'>graviter</span> 
     </span>
     <span class='ocr_line' id='line_1_70' title="bbox 1218 407 2096 454; baseline 0.015 -18"><span class='ocrx_word' id='word_1_459' title='bbox 1218 408 1323 446; x_wconf 78' lang='lat' dir='ltr'>rapuit</span> <span class='ocrx_word' id='word_1_460' title='bbox 1345 428 1356 445; x_wconf 91' lang='lat'>,</span> <span class='ocrx_word' id='word_1_461' title='bbox 1382 407 1416 440; x_wconf 70' lang='grc' dir='ltr'>ό·</span> <span class='ocrx_word' id='word_1_462' title='bbox 1430 411 1463 439; x_wconf 88' lang='lat' dir='ltr'>in</span> <span class='ocrx_word' id='word_1_463' title='bbox 1483 413 1562 440; x_wconf 85' lang='lat' dir='ltr'>turri</span> <span class='ocrx_word' id='word_1_464' title='bbox 1583 407 1636 450; x_wconf 84' lang='lat' dir='ltr'>sua</span> <span class='ocrx_word' id='word_1_465' title='bbox 1657 415 1690 442; x_wconf 84' lang='lat' dir='ltr'>in</span> <span class='ocrx_word' id='word_1_466' title='bbox 1713 410 1872 450; x_wconf 77' lang='lat' dir='ltr'>custodiam</span> <span class='ocrx_word' id='word_1_467' title='bbox 1893 412 1985 454; x_wconf 82' lang='lat' dir='ltr'>mifit.</span> <span class='ocrx_word' id='word_1_468' title='bbox 2011 418 2096 450; x_wconf 61' lang='lat' dir='ltr'>Unde</span> 
     </span>
     <span class='ocr_line' id='line_1_71' title="bbox 1215 454 2095 506; baseline 0.013 -20"><span class='ocrx_word' id='word_1_469' title='bbox 1215 454 1342 496; x_wconf 84' lang='lat' dir='ltr'>populus</span> <span class='ocrx_word' id='word_1_470' title='bbox 1366 461 1464 490; x_wconf 83' lang='lat' dir='ltr'>iratus</span> <span class='ocrx_word' id='word_1_471' title='bbox 1480 482 1492 498; x_wconf 87' lang='lat'>,</span> <span class='ocrx_word' id='word_1_472' title='bbox 1520 459 1617 491; x_wconf 84' lang='lat' dir='ltr'>eodem</span> <span class='ocrx_word' id='word_1_473' title='bbox 1637 459 1687 493; x_wconf 82' lang='lat' dir='ltr'>die</span> <span class='ocrx_word' id='word_1_474' title='bbox 1708 469 1788 494; x_wconf 82' lang='lat' dir='ltr'>turre</span> <span class='ocrx_word' id='word_1_475' title='bbox 1809 466 1909 495; x_wconf 78' lang='lat' dir='ltr'>cencii</span> <span class='ocrx_word' id='word_1_476' title='bbox 1929 462 2095 506; x_wconf 56' lang='lat' dir='ltr'>destruant,</span> 
     </span>
     <span class='ocr_line' id='line_1_72' title="bbox 1219 507 2100 554; baseline 0.014 -18"><span class='ocrx_word' id='word_1_477' title='bbox 1219 509 1303 552; x_wconf 76' lang='lat' dir='ltr'>eique</span> <span class='ocrx_word' id='word_1_478' title='bbox 1315 510 1385 539; x_wconf 87' lang='lat' dir='ltr'>vita</span> <span class='ocrx_word' id='word_1_479' title='bbox 1405 516 1463 540; x_wconf 76' lang='lat' dir='ltr'>vix</span> <span class='ocrx_word' id='word_1_480' title='bbox 1480 513 1665 551; x_wconf 81' lang='lat' dir='ltr'>impetrata,</span> <span class='ocrx_word' id='word_1_481' title='bbox 1686 507 1742 552; x_wconf 83' lang='lat' dir='ltr'>suo</span> <span class='ocrx_word' id='word_1_482' title='bbox 1761 512 1818 545; x_wconf 86' lang='lat' dir='ltr'>loco</span> <span class='ocrx_word' id='word_1_483' title='bbox 1829 512 2000 554; x_wconf 83' lang='lat' dir='ltr'>Pontificem</span> <span class='ocrx_word' id='word_1_484' title='bbox 2019 513 2100 554; x_wconf 83' lang='lat' dir='ltr'>resti-</span> 
     </span>
     <span class='ocr_line' id='line_1_73' title="bbox 1220 557 2098 606; baseline 0.013 -19"><span class='ocrx_word' id='word_1_485' title='bbox 1220 558 1295 587; x_wconf 79' lang='lat' dir='ltr'>tuit.</span> <span class='ocrx_word' id='word_1_486' title='bbox 1323 557 1415 589; x_wconf 70' lang='lat' dir='ltr'>Prii&#39;u</span> <span class='ocrx_word' id='word_1_487' title='bbox 1437 565 1537 591; x_wconf 88' lang='lat' dir='ltr'>tamen</span> <span class='ocrx_word' id='word_1_488' title='bbox 1546 559 1632 602; x_wconf 87' lang='lat' dir='ltr'>Miffa</span> <span class='ocrx_word' id='word_1_489' title='bbox 1652 562 1696 592; x_wconf 86' lang='lat' dir='ltr'>ad</span> <span class='ocrx_word' id='word_1_490' title='bbox 1707 562 1809 595; x_wconf 78' lang='lat' dir='ltr'>Altare</span> <span class='ocrx_word' id='word_1_491' title='bbox 1827 560 2007 604; x_wconf 76' lang='lat' dir='ltr'>sustentatus</span> <span class='ocrx_word' id='word_1_492' title='bbox 2026 572 2098 606; x_wconf 86' lang='lat' dir='ltr'>per·</span> 
     </span>
     <span class='ocr_line' id='line_1_74' title="bbox 1218 609 2097 656; baseline 0.013 -19"><span class='ocrx_word' id='word_1_493' title='bbox 1218 611 1362 646; x_wconf 82' lang='lat' dir='ltr'>cantata,</span> <span class='ocrx_word' id='word_1_494' title='bbox 1391 618 1482 648; x_wconf 84' lang='lat' dir='ltr'>quam</span> <span class='ocrx_word' id='word_1_495' title='bbox 1500 609 1588 649; x_wconf 74' lang='lat' dir='ltr'>prius</span> <span class='ocrx_word' id='word_1_496' title='bbox 1610 615 1792 652; x_wconf 73' lang='lat' dir='ltr'>incoeperar,</span> <span class='ocrx_word' id='word_1_497' title='bbox 1812 610 1871 655; x_wconf 87' lang='lat' dir='ltr'>sed</span> <span class='ocrx_word' id='word_1_498' title='bbox 1879 614 2008 647; x_wconf 87' lang='lat' dir='ltr'>nondum</span> <span class='ocrx_word' id='word_1_499' title='bbox 2012 613 2097 656; x_wconf 85' lang='lat' dir='ltr'>finie-</span> 
     </span>
     <span class='ocr_line' id='line_1_75' title="bbox 1218 655 2097 706; baseline 0.013 -18"><span class='ocrx_word' id='word_1_500' title='bbox 1218 663 1270 688; x_wconf 84' lang='lat' dir='ltr'>rat</span> <span class='ocrx_word' id='word_1_501' title='bbox 1289 680 1298 687; x_wconf 86' lang='lat'>.</span> <span class='ocrx_word' id='word_1_502' title='bbox 1326 655 1471 691; x_wconf 83' lang='lat' dir='ltr'>Cencius</span> <span class='ocrx_word' id='word_1_503' title='bbox 1490 659 1555 692; x_wconf 87' lang='lat' dir='ltr'>fuit</span> <span class='ocrx_word' id='word_1_504' title='bbox 1577 659 1807 696; x_wconf 79' lang='lat' dir='ltr'>Romanorum</span> <span class='ocrx_word' id='word_1_505' title='bbox 1834 663 2097 706; x_wconf 74' lang='lat' dir='ltr'>potentissimus,</span> 
     </span>
     <span class='ocr_line' id='line_1_76' title="bbox 1221 704 2096 755; baseline 0.011 -17"><span class='ocrx_word' id='word_1_506' title='bbox 1221 704 1382 740; x_wconf 66' lang='lat' dir='ltr'>Romanae</span> <span class='ocrx_word' id='word_1_507' title='bbox 1409 707 1515 741; x_wconf 88' lang='lat' dir='ltr'>Urbis</span> <span class='ocrx_word' id='word_1_508' title='bbox 1542 709 1713 744; x_wconf 62' lang='lat' dir='ltr'>Praefectus</span> <span class='ocrx_word' id='word_1_509' title='bbox 1732 734 1743 751; x_wconf 90' lang='lat'>‚</span> <span class='ocrx_word' id='word_1_510' title='bbox 1768 712 1924 755; x_wconf 62' lang='lat' dir='ltr'>Stephani</span> <span class='ocrx_word' id='word_1_511' title='bbox 1951 711 2096 748; x_wconf 66' lang='lat' dir='ltr'>Praefecti</span> 
     </span>
     <span class='ocr_line' id='line_1_77' title="bbox 1220 753 2097 807; baseline 0.011 -20"><span class='ocrx_word' id='word_1_512' title='bbox 1220 753 1323 789; x_wconf 81' lang='lat' dir='ltr'>filius.</span> <span class='ocrx_word' id='word_1_513' title='bbox 1349 757 1483 791; x_wconf 66' lang='lat' dir='ltr'>Factum</span> <span class='ocrx_word' id='word_1_514' title='bbox 1498 758 1531 793; x_wconf 87' lang='lat' dir='ltr'>id</span> <span class='ocrx_word' id='word_1_515' title='bbox 1552 759 1617 794; x_wconf 85' lang='lat' dir='ltr'>fuit</span> <span class='ocrx_word' id='word_1_516' title='bbox 1638 761 1738 797; x_wconf 90' lang='lat' dir='ltr'>tertio</span> <span class='ocrx_word' id='word_1_517' title='bbox 1751 755 1905 807; x_wconf 61' lang='lat' dir='ltr'>Gregorii</span> <span class='ocrx_word' id='word_1_518' title='bbox 1922 762 2097 798; x_wconf 86' lang='lat' dir='ltr'>Pontificis</span> 
     </span>
     <span class='ocr_line' id='line_1_78' title="bbox 1220 807 2166 856; baseline 0.011 -18"><span class='ocrx_word' id='word_1_519' title='bbox 1220 816 1326 840; x_wconf 83' lang='lat' dir='ltr'>anno.</span> <span class='ocrx_word' id='word_1_520' title='bbox 1352 807 1455 854; x_wconf 76' lang='lat' dir='ltr'>Qiod</span> <span class='ocrx_word' id='word_1_521' title='bbox 1466 807 1570 852; x_wconf 87' lang='lat' dir='ltr'>ipsum</span> <span class='ocrx_word' id='word_1_522' title='bbox 1585 810 1718 856; x_wconf 87' lang='lat' dir='ltr'>largiori</span> <span class='ocrx_word' id='word_1_523' title='bbox 1735 812 1810 846; x_wconf 87' lang='lat' dir='ltr'>stilo</span> <span class='ocrx_word' id='word_1_524' title='bbox 1833 812 1984 848; x_wconf 88' lang='lat' dir='ltr'>describit</span> <span class='ocrx_word' id='word_1_525' title='bbox 2001 813 2100 847; x_wconf 81' lang='lat' dir='ltr'>Lam·</span> <span class='ocrx_word' id='word_1_526' title='bbox 2162 811 2166 820; x_wconf 58' lang='lat'>¹</span> 
     </span>
     <span class='ocr_line' id='line_1_79' title="bbox 1221 853 2098 908; baseline 0.011 -19"><span class='ocrx_word' id='word_1_527' title='bbox 1221 853 1327 890; x_wconf 83' lang='lat' dir='ltr'>bertus</span> <span class='ocrx_word' id='word_1_528' title='bbox 1351 857 1635 904; x_wconf 84' lang='lat' dir='ltr'>Scafnaburgenfis</span> <span class='ocrx_word' id='word_1_529' title='bbox 1655 886 1663 894; x_wconf 90' lang='lat'>.</span> <span class='ocrx_word' id='word_1_530' title='bbox 1690 862 1736 896; x_wconf 85' lang='lat' dir='ltr'>Et</span> <span class='ocrx_word' id='word_1_531' title='bbox 1761 861 1980 904; x_wconf 85' lang='lat' dir='ltr'>Guibertum,</span> <span class='ocrx_word' id='word_1_532' title='bbox 2006 862 2098 908; x_wconf 66' lang='lat' dir='ltr'>quod</span> 
     </span>
     <span class='ocr_line' id='line_1_80' title="bbox 1219 909 2096 958; baseline 0.01 -19"><span class='ocrx_word' id='word_1_533' title='bbox 1219 914 1260 939; x_wconf 79' lang='lat' dir='ltr'>ex</span> <span class='ocrx_word' id='word_1_534' title='bbox 1283 916 1360 940; x_wconf 84' lang='lat' dir='ltr'>tunc</span> <span class='ocrx_word' id='word_1_535' title='bbox 1381 909 1517 952; x_wconf 81' lang='lat' dir='ltr'>speraret</span> <span class='ocrx_word' id='word_1_536' title='bbox 1535 911 1661 945; x_wconf 88' lang='lat' dir='ltr'>intrudi</span> <span class='ocrx_word' id='word_1_537' title='bbox 1679 911 1713 945; x_wconf 85' lang='lat' dir='ltr'>in</span> <span class='ocrx_word' id='word_1_538' title='bbox 1739 912 1893 958; x_wconf 85' lang='lat' dir='ltr'>Gregorii</span> <span class='ocrx_word' id='word_1_539' title='bbox 1915 912 2096 955; x_wconf 89' lang='lat' dir='ltr'>thronum,</span> 
     </span>
     <span class='ocr_line' id='line_1_81' title="bbox 1219 956 2097 1006; baseline 0.008 -17"><span class='ocrx_word' id='word_1_540' title='bbox 1219 956 1313 991; x_wconf 59' lang='lat' dir='ltr'>suissi}</span> <span class='ocrx_word' id='word_1_541' title='bbox 1337 958 1474 991; x_wconf 82' lang='lat' dir='ltr'>facinori</span> <span class='ocrx_word' id='word_1_542' title='bbox 1496 970 1709 1003; x_wconf 82' lang='lat' dir='ltr'>cooperatum</span> <span class='ocrx_word' id='word_1_543' title='bbox 1730 963 1863 996; x_wconf 86' lang='lat' dir='ltr'>testatur</span> <span class='ocrx_word' id='word_1_544' title='bbox 1890 963 1925 997; x_wconf 91' lang='lat' dir='ltr'>in</span> <span class='ocrx_word' id='word_1_545' title='bbox 1950 963 2097 1006; x_wconf 84' lang='lat' dir='ltr'>ejusdem</span> 
     </span>
     <span class='ocr_line' id='line_1_82' title="bbox 1220 1005 2096 1047; baseline 0.01 -8"><span class='ocrx_word' id='word_1_546' title='bbox 1220 1005 1393 1040; x_wconf 85' lang='lat' dir='ltr'>Pontificis</span> <span class='ocrx_word' id='word_1_547' title='bbox 1414 1007 1482 1042; x_wconf 83' lang='lat' dir='ltr'>vita</span> <span class='ocrx_word' id='word_1_548' title='bbox 1507 1009 1705 1046; x_wconf 85' lang='lat' dir='ltr'>Guilielrnus</span> <span class='ocrx_word' id='word_1_549' title='bbox 1724 1012 2000 1047; x_wconf 86' lang='lat' dir='ltr'>Bibliothecarius</span> <span class='ocrx_word' id='word_1_550' title='bbox 2015 1039 2023 1046; x_wconf 95' lang='lat'><strong>.</strong></span> <span class='ocrx_word' id='word_1_551' title='bbox 2051 1012 2096 1047; x_wconf 87' lang='lat' dir='ltr'>Et</span> 
     </span>
     <span class='ocr_line' id='line_1_83' title="bbox 1218 1054 2095 1108; baseline 0.01 -18"><span class='ocrx_word' id='word_1_552' title='bbox 1218 1055 1338 1090; x_wconf 76' lang='lat' dir='ltr'>exinde</span> <span class='ocrx_word' id='word_1_553' title='bbox 1349 1054 1453 1090; x_wconf 80' lang='lat' dir='ltr'>homo</span> <span class='ocrx_word' id='word_1_554' title='bbox 1465 1057 1609 1092; x_wconf 86' lang='lat' dir='ltr'>insolens</span> <span class='ocrx_word' id='word_1_555' title='bbox 1621 1071 1688 1094; x_wconf 89' lang='lat' dir='ltr'>non</span> <span class='ocrx_word' id='word_1_556' title='bbox 1710 1062 1802 1097; x_wconf 83' lang='lat' dir='ltr'>desiit</span> <span class='ocrx_word' id='word_1_557' title='bbox 1814 1063 1955 1098; x_wconf 78' lang='lat' dir='ltr'>insidiari</span> <span class='ocrx_word' id='word_1_558' title='bbox 1965 1064 2095 1108; x_wconf 87' lang='lat' dir='ltr'>Grego-</span> 
     </span>
     <span class='ocr_line' id='line_1_84' title="bbox 1217 1106 2096 1158; baseline 0.01 -18"><span class='ocrx_word' id='word_1_559' title='bbox 1217 1106 1289 1148; x_wconf 89' lang='lat' dir='ltr'>rio,</span> <span class='ocrx_word' id='word_1_560' title='bbox 1313 1106 1484 1150; x_wconf 79' lang='lat' dir='ltr'>conjurare</span> <span class='ocrx_word' id='word_1_561' title='bbox 1503 1119 1581 1142; x_wconf 89' lang='lat' dir='ltr'>cum</span> <span class='ocrx_word' id='word_1_562' title='bbox 1602 1108 1670 1153; x_wconf 74' lang='lat' dir='ltr'>ejus</span> <span class='ocrx_word' id='word_1_563' title='bbox 1684 1107 1852 1152; x_wconf 85' lang='lat' dir='ltr'>hostibus,</span> <span class='ocrx_word' id='word_1_564' title='bbox 1876 1114 1909 1147; x_wconf 87' lang='lat'>&amp;</span> <span class='ocrx_word' id='word_1_565' title='bbox 1923 1114 2029 1158; x_wconf 75' lang='lat' dir='ltr'>palam</span> <span class='ocrx_word' id='word_1_566' title='bbox 2050 1124 2096 1148; x_wconf 84' lang='lat' dir='ltr'>re·</span> 
     </span>
     <span class='ocr_line' id='line_1_85' title="bbox 1218 1154 2094 1208; baseline 0.009 -18"><span class='ocrx_word' id='word_1_567' title='bbox 1218 1154 1341 1192; x_wconf 86' lang='lat' dir='ltr'>bellare</span> <span class='ocrx_word' id='word_1_568' title='bbox 1362 1182 1369 1189; x_wconf 94' lang='lat'><strong>.</strong></span> <span class='ocrx_word' id='word_1_569' title='bbox 1407 1157 1497 1191; x_wconf 83' lang='lat' dir='ltr'>Nam</span> <span class='ocrx_word' id='word_1_570' title='bbox 1520 1158 1609 1201; x_wconf 70' lang='lat' dir='ltr'>quod</span> <span class='ocrx_word' id='word_1_571' title='bbox 1632 1171 1722 1194; x_wconf 81' lang='lat' dir='ltr'>anno</span> <span class='ocrx_word' id='word_1_572' title='bbox 1750 1161 1982 1206; x_wconf 85' lang='lat' dir='ltr'>septuagesimo</span> <span class='ocrx_word' id='word_1_573' title='bbox 2003 1164 2094 1208; x_wconf 86' lang='lat' dir='ltr'>septi·</span> 
     </span>
     <span class='ocr_line' id='line_1_86' title="bbox 1218 1207 2097 1258; baseline 0.008 -18"><span class='ocrx_word' id='word_1_574' title='bbox 1218 1218 1275 1241; x_wconf 89' lang='lat' dir='ltr'>mo</span> <span class='ocrx_word' id='word_1_575' title='bbox 1312 1207 1501 1241; x_wconf 86' lang='lat' dir='ltr'>Henricum</span> <span class='ocrx_word' id='word_1_576' title='bbox 1523 1209 1651 1253; x_wconf 85' lang='lat' dir='ltr'>Regem</span> <span class='ocrx_word' id='word_1_577' title='bbox 1671 1210 1876 1257; x_wconf 86' lang='lat' dir='ltr'>instigaverit</span> <span class='ocrx_word' id='word_1_578' title='bbox 1898 1212 1939 1245; x_wconf 87' lang='lat' dir='ltr'>ad</span> <span class='ocrx_word' id='word_1_579' title='bbox 1971 1213 2097 1258; x_wconf 85' lang='lat' dir='ltr'>Grego-</span> 
     </span>
     <span class='ocr_line' id='line_1_87' title="bbox 1218 1256 2098 1306; baseline 0.007 -16"><span class='ocrx_word' id='word_1_580' title='bbox 1218 1257 1303 1292; x_wconf 87' lang='lat' dir='ltr'>rium</span> <span class='ocrx_word' id='word_1_581' title='bbox 1329 1256 1426 1291; x_wconf 84' lang='lat' dir='ltr'>simul</span> <span class='ocrx_word' id='word_1_582' title='bbox 1446 1269 1521 1292; x_wconf 88' lang='lat' dir='ltr'>cum</span> <span class='ocrx_word' id='word_1_583' title='bbox 1549 1259 1722 1294; x_wconf 78' lang='lat' dir='ltr'>Comitissa</span> <span class='ocrx_word' id='word_1_584' title='bbox 1744 1260 1904 1295; x_wconf 86' lang='lat' dir='ltr'>Mathildi</span> <span class='ocrx_word' id='word_1_585' title='bbox 1926 1263 2098 1306; x_wconf 80' lang='lat' dir='ltr'>captivan-</span> 
     </span>
     <span class='ocr_line' id='line_1_88' title="bbox 1218 1307 2096 1349; baseline 0.008 -8"><span class='ocrx_word' id='word_1_586' title='bbox 1218 1307 1321 1349; x_wconf 84' lang='lat' dir='ltr'>dum,</span> <span class='ocrx_word' id='word_1_587' title='bbox 1347 1308 1383 1341; x_wconf 87' lang='lat' dir='ltr'>in</span> <span class='ocrx_word' id='word_1_588' title='bbox 1403 1307 1469 1342; x_wconf 83' lang='lat' dir='ltr'>suis</span> <span class='ocrx_word' id='word_1_589' title='bbox 1495 1308 1631 1343; x_wconf 78' lang='lat' dir='ltr'>verfibus</span> <span class='ocrx_word' id='word_1_590' title='bbox 1652 1310 1789 1345; x_wconf 82' lang='lat' dir='ltr'>affirmat</span> <span class='ocrx_word' id='word_1_591' title='bbox 1810 1312 1981 1348; x_wconf 81' lang='lat' dir='ltr'>Domnizo</span> <span class='ocrx_word' id='word_1_592' title='bbox 2004 1312 2096 1348; x_wconf 69' lang='lat' dir='ltr'>Pres-</span> 
     </span>
     <span class='ocr_line' id='line_1_89' title="bbox 1221 1357 2089 1401; baseline 0.005 -10"><span class='ocrx_word' id='word_1_593' title='bbox 1221 1357 1340 1401; x_wconf 60' lang='lat' dir='ltr'>byten</span> <span class='ocrx_word' id='word_1_594' title='bbox 2088 1379 2089 1382; x_wconf 64' lang='lat'><em>=</em></span> 
     </span>
     <span class='ocr_line' id='line_1_90' title="bbox 1270 1406 2105 1455; baseline 0.008 -14"><span class='ocrx_word' id='word_1_595' title='bbox 1270 1406 1454 1442; x_wconf 83' lang='lat' dir='ltr'>Audiamus</span> <span class='ocrx_word' id='word_1_596' title='bbox 1463 1408 1543 1452; x_wconf 89' lang='lat' dir='ltr'>quid</span> <span class='ocrx_word' id='word_1_597' title='bbox 1563 1408 1605 1444; x_wconf 84' lang='lat' dir='ltr'>de</span> <span class='ocrx_word' id='word_1_598' title='bbox 1616 1409 1777 1446; x_wconf 87' lang='lat' dir='ltr'>Guiberto</span> <span class='ocrx_word' id='word_1_599' title='bbox 1798 1412 1954 1455; x_wconf 85' lang='lat' dir='ltr'>scripserit</span> <span class='ocrx_word' id='word_1_600' title='bbox 1973 1412 2007 1446; x_wconf 65' lang='grc' dir='ltr'>ὅτε</span> <span class='ocrx_word' id='word_1_601' title='bbox 2029 1414 2105 1448; x_wconf 49' lang='lat' dir='ltr'>sen-⁷</span> 
     </span>
     <span class='ocr_line' id='line_1_91' title="bbox 1222 1458 2095 1506; baseline 0.006 -15"><span class='ocrx_word' id='word_1_602' title='bbox 1222 1458 1295 1492; x_wconf 86' lang='lat' dir='ltr'>serit</span> <span class='ocrx_word' id='word_1_603' title='bbox 1311 1458 1378 1502; x_wconf 89' lang='lat' dir='ltr'>ipse</span> <span class='ocrx_word' id='word_1_604' title='bbox 1392 1458 1545 1502; x_wconf 87' lang='lat' dir='ltr'>septimus</span> <span class='ocrx_word' id='word_1_605' title='bbox 1556 1460 1735 1505; x_wconf 86' lang='lat' dir='ltr'>Gregorius</span> <span class='ocrx_word' id='word_1_606' title='bbox 1746 1487 1753 1493; x_wconf 87' lang='lat'><strong>.</strong></span> <span class='ocrx_word' id='word_1_607' title='bbox 1779 1462 1816 1495; x_wconf 81' lang='lat' dir='ltr'>ln</span> <span class='ocrx_word' id='word_1_608' title='bbox 1828 1463 1944 1496; x_wconf 87' lang='lat' dir='ltr'>litteris</span> <span class='ocrx_word' id='word_1_609' title='bbox 1953 1461 1994 1496; x_wconf 83' lang='lat' dir='ltr'>ad</span> <span class='ocrx_word' id='word_1_610' title='bbox 2007 1462 2034 1495; x_wconf 84' lang='lat' dir='ltr'>A</span> <span class='ocrx_word' id='word_1_611' title='bbox 2040 1474 2095 1506; x_wconf 92' lang='lat' dir='ltr'>pu·</span> 
     </span>
     <span class='ocr_line' id='line_1_92' title="bbox 1222 1508 2098 1555; baseline 0.007 -14"><span class='ocrx_word' id='word_1_612' title='bbox 1222 1508 1270 1542; x_wconf 84' lang='lat' dir='ltr'>liae</span> <span class='ocrx_word' id='word_1_613' title='bbox 1293 1509 1330 1543; x_wconf 72' lang='lat' dir='ltr'>&lt;Sc</span> <span class='ocrx_word' id='word_1_614' title='bbox 1355 1508 1514 1543; x_wconf 75' lang='lat' dir='ltr'>Calabriae</span> <span class='ocrx_word' id='word_1_615' title='bbox 1542 1509 1722 1555; x_wconf 88' lang='lat' dir='ltr'>Episcopos</span> <span class='ocrx_word' id='word_1_616' title='bbox 1748 1513 1885 1546; x_wconf 83' lang='lat' dir='ltr'>affirmat</span> <span class='ocrx_word' id='word_1_617' title='bbox 1911 1512 2098 1547; x_wconf 83' lang='lat' dir='ltr'>Henricum</span> 
     </span>
     <span class='ocr_line' id='line_1_93' title="bbox 1222 1558 2096 1606; baseline 0.007 -15"><span class='ocrx_word' id='word_1_618' title='bbox 1222 1558 1350 1603; x_wconf 83' lang='lat' dir='ltr'>Regem</span> <span class='ocrx_word' id='word_1_619' title='bbox 1367 1558 1400 1592; x_wconf 88' lang='lat'>&amp;</span> <span class='ocrx_word' id='word_1_620' title='bbox 1421 1559 1666 1604; x_wconf 84' lang='lat' dir='ltr'>Longobardiae</span> <span class='ocrx_word' id='word_1_621' title='bbox 1687 1562 1870 1606; x_wconf 74' lang='lat' dir='ltr'>Episcopos</span> <span class='ocrx_word' id='word_1_622' title='bbox 1895 1564 2018 1606; x_wconf 83' lang='lat' dir='ltr'>semper</span> <span class='ocrx_word' id='word_1_623' title='bbox 2037 1562 2096 1598; x_wconf 84' lang='lat' dir='ltr'>fibi</span> 
     </span>
     <span class='ocr_line' id='line_1_94' title="bbox 1220 1607 2097 1657; baseline 0.005 -15"><span class='ocrx_word' id='word_1_624' title='bbox 1220 1609 1312 1643; x_wconf 78' lang='lat' dir='ltr'>fuisse</span> <span class='ocrx_word' id='word_1_625' title='bbox 1323 1607 1485 1643; x_wconf 87' lang='lat' dir='ltr'>hostiliter</span> <span class='ocrx_word' id='word_1_626' title='bbox 1494 1610 1680 1645; x_wconf 84' lang='lat' dir='ltr'>adversatos</span> <span class='ocrx_word' id='word_1_627' title='bbox 1690 1635 1701 1652; x_wconf 91' lang='lat'>,</span> <span class='ocrx_word' id='word_1_628' title='bbox 1727 1611 1768 1646; x_wconf 90' lang='lat' dir='ltr'>ab</span> <span class='ocrx_word' id='word_1_629' title='bbox 1780 1611 1843 1647; x_wconf 88' lang='lat' dir='ltr'>illis</span> <span class='ocrx_word' id='word_1_630' title='bbox 1853 1611 1934 1646; x_wconf 87' lang='lat' dir='ltr'>olim</span> <span class='ocrx_word' id='word_1_631' title='bbox 1947 1623 2097 1657; x_wconf 75' lang='lat' dir='ltr'>procura-</span> 
     </span>
     <span class='ocr_line' id='line_1_95' title="bbox 1220 1657 2096 1702; baseline 0.005 -10"><span class='ocrx_word' id='word_1_632' title='bbox 1220 1670 1291 1693; x_wconf 85' lang='lat' dir='ltr'>tum</span> <span class='ocrx_word' id='word_1_633' title='bbox 1318 1657 1454 1693; x_wconf 84' lang='lat' dir='ltr'>schisma</span> <span class='ocrx_word' id='word_1_634' title='bbox 1481 1659 1620 1694; x_wconf 84' lang='lat' dir='ltr'>Cadaloi</span> <span class='ocrx_word' id='word_1_635' title='bbox 1647 1686 1658 1702; x_wconf 95' lang='lat'>‚</span> <span class='ocrx_word' id='word_1_636' title='bbox 1685 1672 1772 1696; x_wconf 88' lang='lat' dir='ltr'>nunc</span> <span class='ocrx_word' id='word_1_637' title='bbox 1798 1662 1910 1696; x_wconf 77' lang='lat' dir='ltr'>denuo</span> <span class='ocrx_word' id='word_1_638' title='bbox 1935 1663 2096 1697; x_wconf 83' lang='lat' dir='ltr'>intrusum</span> 
     </span>
     <span class='ocr_line' id='line_1_96' title="bbox 1221 1707 2094 1753; baseline 0.006 -12"><span class='ocrx_word' id='word_1_639' title='bbox 1221 1707 1420 1742; x_wconf 87' lang='lat' dir='ltr'>Guibertum</span> <span class='ocrx_word' id='word_1_640' title='bbox 1433 1733 1444 1748; x_wconf 93' lang='lat'>‚</span> <span class='ocrx_word' id='word_1_641' title='bbox 1465 1708 1668 1744; x_wconf 77' lang='lat' dir='ltr'>Ravennatis</span> <span class='ocrx_word' id='word_1_642' title='bbox 1679 1711 1825 1745; x_wconf 85' lang='lat' dir='ltr'>Ecclesiae</span> <span class='ocrx_word' id='word_1_643' title='bbox 1835 1711 2072 1746; x_wconf 83' lang='lat' dir='ltr'>devastatorem</span> <span class='ocrx_word' id='word_1_644' title='bbox 2082 1737 2094 1753; x_wconf 86' lang='lat'>,</span> 
     </span>
     <span class='ocr_line' id='line_1_97' title="bbox 1222 1756 2097 1804; baseline 0.005 -13"><span class='ocrx_word' id='word_1_645' title='bbox 1222 1756 1486 1792; x_wconf 74' lang='lat' dir='ltr'>Anti-Christum</span> <span class='ocrx_word' id='word_1_646' title='bbox 1515 1759 1604 1792; x_wconf 88' lang='lat' dir='ltr'>istius</span> <span class='ocrx_word' id='word_1_647' title='bbox 1641 1762 1797 1804; x_wconf 85' lang='lat' dir='ltr'>temporis</span> <span class='ocrx_word' id='word_1_648' title='bbox 1822 1785 1833 1802; x_wconf 92' lang='lat'><em>‚</em></span> <span class='ocrx_word' id='word_1_649' title='bbox 1868 1761 1903 1794; x_wconf 91' lang='lat'>&amp;</span> <span class='ocrx_word' id='word_1_650' title='bbox 1929 1761 2097 1795; x_wconf 65' lang='lat' dir='ltr'>Harenat-</span> 
     </span>
     <span class='ocr_line' id='line_1_98' title="bbox 1219 1807 2096 1851; baseline 0.007 -11"><span class='ocrx_word' id='word_1_651' title='bbox 1219 1807 1314 1840; x_wconf 85' lang='lat' dir='ltr'>cham</span> <span class='ocrx_word' id='word_1_652' title='bbox 1333 1831 1343 1847; x_wconf 87' lang='lat'>,</span> <span class='ocrx_word' id='word_1_653' title='bbox 1370 1817 1468 1850; x_wconf 79' lang='lat' dir='ltr'>atque</span> <span class='ocrx_word' id='word_1_654' title='bbox 1489 1809 1690 1851; x_wconf 86' lang='lat' dir='ltr'>prosequitur</span> <span class='ocrx_word' id='word_1_655' title='bbox 1716 1810 1757 1843; x_wconf 93' lang='lat' dir='ltr'>de</span> <span class='ocrx_word' id='word_1_656' title='bbox 1778 1810 1979 1844; x_wconf 85' lang='lat' dir='ltr'>Brixinensis</span> <span class='ocrx_word' id='word_1_657' title='bbox 2003 1811 2096 1846; x_wconf 85' lang='lat' dir='ltr'>Con-</span> 
     </span>
     <span class='ocr_line' id='line_1_99' title="bbox 1221 1855 2226 1901; baseline 0.008 -12"><span class='ocrx_word' id='word_1_658' title='bbox 1221 1855 1377 1890; x_wconf 86' lang='lat' dir='ltr'>venticuli</span> <span class='ocrx_word' id='word_1_659' title='bbox 1399 1857 1585 1901; x_wconf 86' lang='lat' dir='ltr'>Episcopis:</span> <span class='ocrx_word' id='word_1_660' title='bbox 1611 1861 1649 1891; x_wconf 85' lang='lat' dir='ltr'>In</span> <span class='ocrx_word' id='word_1_661' title='bbox 1669 1870 1725 1901; x_wconf 83' lang='lat' dir='ltr'>quo</span> <span class='ocrx_word' id='word_1_662' title='bbox 1737 1864 1877 1893; x_wconf 81' lang='lat' dir='ltr'>nimirum</span> <span class='ocrx_word' id='word_1_663' title='bbox 1896 1862 2022 1895; x_wconf 77' lang='lat' dir='ltr'>Satanae</span> <span class='ocrx_word' id='word_1_664' title='bbox 2031 1871 2095 1895; x_wconf 84' lang='lat' dir='ltr'>con-</span> <span class='ocrx_word' id='word_1_665' title='bbox 2107 1863 2171 1896; x_wconf 79' lang='lat' dir='ltr'>Lib-</span> <span class='ocrx_word' id='word_1_666' title='bbox 2197 1868 2226 1897; x_wconf 77' lang='lat'>8.</span> 
     </span>
     <span class='ocr_line' id='line_1_100' title="bbox 1219 1904 2234 1954; baseline 0.003 -15"><span class='ocrx_word' id='word_1_667' title='bbox 1219 1915 1312 1940; x_wconf 82' lang='lat' dir='ltr'>ventu</span> <span class='ocrx_word' id='word_1_668' title='bbox 1332 1907 1377 1938; x_wconf 82' lang='lat' dir='ltr'>illi</span> <span class='ocrx_word' id='word_1_669' title='bbox 1399 1906 1574 1947; x_wconf 74' lang='lat' dir='ltr'>interfuere,</span> <span class='ocrx_word' id='word_1_670' title='bbox 1601 1919 1721 1950; x_wconf 74' lang='lat' dir='ltr'>quorum</span> <span class='ocrx_word' id='word_1_671' title='bbox 1743 1915 1813 1942; x_wconf 78' lang='lat' dir='ltr'>viia</span> <span class='ocrx_word' id='word_1_672' title='bbox 1834 1910 1872 1946; x_wconf 78' lang='lat' dir='ltr'>est</span> <span class='ocrx_word' id='word_1_673' title='bbox 1889 1910 2094 1954; x_wconf 74' lang='lat' dir='ltr'>detestabilis,</span> <span class='ocrx_word' id='word_1_674' title='bbox 2107 1904 2190 1945; x_wconf 67' lang='lat' dir='ltr'>epist·</span> <span class='ocrx_word' id='word_1_675' title='bbox 2205 1915 2234 1942; x_wconf 88' lang='lat'>5-</span> 
     </span>
     <span class='ocr_line' id='line_1_101' title="bbox 1220 1955 2094 1999; baseline 0.007 -12"><span class='ocrx_word' id='word_1_676' title='bbox 1220 1957 1254 1990; x_wconf 74' lang='lat'><em>&amp;</em></span> <span class='ocrx_word' id='word_1_677' title='bbox 1271 1957 1419 1988; x_wconf 83' lang='lat' dir='ltr'>ordinatio</span> <span class='ocrx_word' id='word_1_678' title='bbox 1441 1955 1579 1990; x_wconf 84' lang='lat' dir='ltr'>baeretica</span> <span class='ocrx_word' id='word_1_679' title='bbox 1602 1957 1794 1999; x_wconf 76' lang='lat' dir='ltr'>immensitate</span> <span class='ocrx_word' id='word_1_680' title='bbox 1813 1961 1980 1992; x_wconf 81' lang='lat' dir='ltr'>multimodi</span> <span class='ocrx_word' id='word_1_681' title='bbox 1995 1965 2094 1993; x_wconf 78' lang='lat' dir='ltr'>crimi-</span> 
     </span>
     <span class='ocr_line' id='line_1_102' title="bbox 1220 2005 2093 2051; baseline 0.006 -12"><span class='ocrx_word' id='word_1_682' title='bbox 1220 2012 1268 2039; x_wconf 81' lang='lat' dir='ltr'>nis</span> <span class='ocrx_word' id='word_1_683' title='bbox 1295 2031 1302 2038; x_wconf 92' lang='lat'>.</span> <span class='ocrx_word' id='word_1_684' title='bbox 1328 2007 1480 2047; x_wconf 81' lang='lat' dir='ltr'>Siquidem</span> <span class='ocrx_word' id='word_1_685' title='bbox 1499 2007 1543 2038; x_wconf 83' lang='lat' dir='ltr'>ad</span> <span class='ocrx_word' id='word_1_686' title='bbox 1564 2005 1641 2039; x_wconf 76' lang='lat' dir='ltr'>banc</span> <span class='ocrx_word' id='word_1_687' title='bbox 1665 2006 1816 2051; x_wconf 83' lang='lat' dir='ltr'>insaniam</span> <span class='ocrx_word' id='word_1_688' title='bbox 1837 2010 1889 2042; x_wconf 84' lang='lat' dir='ltr'>illa</span> <span class='ocrx_word' id='word_1_689' title='bbox 1908 2010 2027 2044; x_wconf 64' lang='lat' dir='ltr'>demum</span> <span class='ocrx_word' id='word_1_690' title='bbox 2044 2022 2093 2044; x_wconf 78' lang='lat' dir='ltr'>eor</span> 
     </span>
     <span class='ocr_line' id='line_1_103' title="bbox 1220 2054 2095 2103; baseline 0.007 -15"><span class='ocrx_word' id='word_1_691' title='bbox 1220 2054 1385 2099; x_wconf 73' lang='lat' dir='ltr'>desperatio</span> <span class='ocrx_word' id='word_1_692' title='bbox 1399 2061 1500 2088; x_wconf 79' lang='lat' dir='ltr'>traxit</span> <span class='ocrx_word' id='word_1_693' title='bbox 1510 2079 1522 2096; x_wconf 87' lang='lat'>‚</span> <span class='ocrx_word' id='word_1_694' title='bbox 1546 2057 1627 2097; x_wconf 68' lang='lat' dir='ltr'>quod</span> <span class='ocrx_word' id='word_1_695' title='bbox 1644 2067 1736 2098; x_wconf 81' lang='lat' dir='ltr'>neque</span> <span class='ocrx_word' id='word_1_696' title='bbox 1745 2058 1883 2098; x_wconf 83' lang='lat' dir='ltr'>precibus</span> <span class='ocrx_word' id='word_1_697' title='bbox 1897 2083 1909 2099; x_wconf 92' lang='lat'>,</span> <span class='ocrx_word' id='word_1_698' title='bbox 1932 2070 2024 2102; x_wconf 81' lang='lat' dir='ltr'>neque</span> <span class='ocrx_word' id='word_1_699' title='bbox 2030 2058 2095 2103; x_wconf 88' lang='lat' dir='ltr'>ser-</span> 
     </span>
     <span class='ocr_line' id='line_1_104' title="bbox 1221 2106 2097 2152; baseline 0.005 -13"><span class='ocrx_word' id='word_1_700' title='bbox 1221 2111 1362 2139; x_wconf 82' lang='lat' dir='ltr'>vitiorum</span> <span class='ocrx_word' id='word_1_701' title='bbox 1382 2113 1435 2138; x_wconf 88' lang='lat' dir='ltr'>aut</span> <span class='ocrx_word' id='word_1_702' title='bbox 1451 2115 1602 2138; x_wconf 87' lang='lat' dir='ltr'>munerum</span> <span class='ocrx_word' id='word_1_703' title='bbox 1618 2107 1848 2148; x_wconf 73' lang='lat' dir='ltr'>promffonibus</span> <span class='ocrx_word' id='word_1_704' title='bbox 1871 2106 2013 2150; x_wconf 76' lang='lat' dir='ltr'>fi-elerum</span> <span class='ocrx_word' id='word_1_705' title='bbox 2030 2108 2097 2152; x_wconf 78' lang='lat' dir='ltr'>suo-</span> 
     </span>
     <span class='ocr_line' id='line_1_105' title="bbox 1221 2155 2098 2202; baseline 0.006 -14"><span class='ocrx_word' id='word_1_706' title='bbox 1221 2167 1285 2189; x_wconf 88' lang='lat' dir='ltr'>rum</span> <span class='ocrx_word' id='word_1_707' title='bbox 1296 2159 1417 2188; x_wconf 86' lang='lat' dir='ltr'>veniam</span> <span class='ocrx_word' id='word_1_708' title='bbox 1432 2155 1515 2196; x_wconf 85' lang='lat' dir='ltr'>apud</span> <span class='ocrx_word' id='word_1_709' title='bbox 1524 2166 1576 2188; x_wconf 82' lang='lat' dir='ltr'>nos</span> <span class='ocrx_word' id='word_1_710' title='bbox 1589 2157 1743 2190; x_wconf 84' lang='lat' dir='ltr'>valuerint</span> <span class='ocrx_word' id='word_1_711' title='bbox 1764 2163 1926 2200; x_wconf 83' lang='lat' dir='ltr'>impetrare</span> <span class='ocrx_word' id='word_1_712' title='bbox 1936 2184 1946 2200; x_wconf 91' lang='lat'>,</span> <span class='ocrx_word' id='word_1_713' title='bbox 1963 2157 2098 2202; x_wconf 70' lang='lat' dir='ltr'>&#39;nififhr-</span> 
     </span>
     <span class='ocr_line' id='line_1_106' title="bbox 1221 2204 2097 2253; baseline 0.006 -14"><span class='ocrx_word' id='word_1_714' title='bbox 1221 2207 1251 2239; x_wconf 66' lang='lat' dir='ltr'>t?</span> <span class='ocrx_word' id='word_1_715' title='bbox 1274 2205 1386 2239; x_wconf 86' lang='lat' dir='ltr'>vellent</span> <span class='ocrx_word' id='word_1_716' title='bbox 1401 2206 1515 2246; x_wconf 82' lang='lat' dir='ltr'>judicio</span> <span class='ocrx_word' id='word_1_717' title='bbox 1534 2204 1722 2247; x_wconf 81' lang='lat' dir='ltr'>Ecclesiastico</span> <span class='ocrx_word' id='word_1_718' title='bbox 1743 2232 1754 2247; x_wconf 90' lang='lat'>‚</span> <span class='ocrx_word' id='word_1_719' title='bbox 1785 2208 1944 2251; x_wconf 61' lang='lat' dir='ltr'>nostraeque</span> <span class='ocrx_word' id='word_1_720' title='bbox 1963 2209 2097 2253; x_wconf 71' lang='lat' dir='ltr'>censura·</span> 
     </span>
     <span class='ocr_line' id='line_1_107' title="bbox 1217 2253 2098 2301; baseline 0.006 -12"><span class='ocrx_word' id='word_1_721' title='bbox 1217 2254 1252 2299; x_wconf 92' lang='lat' dir='ltr'>se</span> <span class='ocrx_word' id='word_1_722' title='bbox 1265 2280 1276 2297; x_wconf 87' lang='lat'>,</span> <span class='ocrx_word' id='word_1_723' title='bbox 1300 2256 1451 2288; x_wconf 81' lang='lat' dir='ltr'>mediante</span> <span class='ocrx_word' id='word_1_724' title='bbox 1473 2253 1668 2298; x_wconf 84' lang='lat' dir='ltr'>misericordia</span> <span class='ocrx_word' id='word_1_725' title='bbox 1687 2280 1698 2296; x_wconf 93' lang='lat'>‚</span> <span class='ocrx_word' id='word_1_726' title='bbox 1715 2256 1790 2299; x_wconf 82' lang='lat' dir='ltr'>sicut</span> <span class='ocrx_word' id='word_1_727' title='bbox 1807 2259 1886 2291; x_wconf 87' lang='lat' dir='ltr'>decet</span> <span class='ocrx_word' id='word_1_728' title='bbox 1906 2261 2027 2301; x_wconf 81' lang='lat' dir='ltr'>officium</span> <span class='ocrx_word' id='word_1_729' title='bbox 2047 2272 2098 2294; x_wconf 86' lang='lat' dir='ltr'>no-</span> 
     </span>
     <span class='ocr_line' id='line_1_108' title="bbox 1213 2303 2099 2349; baseline 0.006 -11"><span class='ocrx_word' id='word_1_730' title='bbox 1213 2307 1307 2346; x_wconf 84' lang='lat' dir='ltr'>strum</span> <span class='ocrx_word' id='word_1_731' title='bbox 1337 2303 1510 2349; x_wconf 83' lang='lat' dir='ltr'>submittere</span> <span class='ocrx_word' id='word_1_732' title='bbox 1547 2330 1555 2337; x_wconf 92' lang='lat'><strong>.</strong></span> <span class='ocrx_word' id='word_1_733' title='bbox 1598 2310 1661 2339; x_wconf 79' lang='lat' dir='ltr'>Hos</span> <span class='ocrx_word' id='word_1_734' title='bbox 1680 2311 1781 2349; x_wconf 84' lang='lat' dir='ltr'>itaque</span> <span class='ocrx_word' id='word_1_735' title='bbox 1814 2308 1906 2341; x_wconf 88' lang='lat' dir='ltr'>nullis</span> <span class='ocrx_word' id='word_1_736' title='bbox 1931 2309 2099 2343; x_wconf 78' lang='lat' dir='ltr'>rationibus</span> 
     </span>
     <span class='ocr_line' id='line_1_109' title="bbox 1216 2356 2099 2401; baseline 0.006 -13"><span class='ocrx_word' id='word_1_737' title='bbox 1216 2356 1315 2397; x_wconf 88' lang='lat' dir='ltr'>fultos</span> <span class='ocrx_word' id='word_1_738' title='bbox 1326 2396 1330 2398; x_wconf 64' lang='lat'>‚</span> <span class='ocrx_word' id='word_1_739' title='bbox 1342 2380 1353 2396; x_wconf 92' lang='lat'>,</span> <span class='ocrx_word' id='word_1_740' title='bbox 1378 2357 1466 2388; x_wconf 61' lang='lat' dir='ltr'>imm&amp;</span> <span class='ocrx_word' id='word_1_741' title='bbox 1483 2361 1612 2389; x_wconf 82' lang='lat' dir='ltr'>omnium</span> <span class='ocrx_word' id='word_1_742' title='bbox 1632 2361 1790 2389; x_wconf 83' lang='lat' dir='ltr'>criminum</span> <span class='ocrx_word' id='word_1_743' title='bbox 1809 2356 1982 2401; x_wconf 80' lang='lat' dir='ltr'>conscientia</span> <span class='ocrx_word' id='word_1_744' title='bbox 1996 2361 2099 2401; x_wconf 76' lang='lat' dir='ltr'>perdi·</span> 
     </span>
     <span class='ocr_line' id='line_1_110' title="bbox 1223 2407 2098 2454; baseline 0.007 -16"><span class='ocrx_word' id='word_1_745' title='bbox 1223 2407 1359 2446; x_wconf 79' lang='lat' dir='ltr'>tiffimos,</span> <span class='ocrx_word' id='word_1_746' title='bbox 1385 2407 1471 2438; x_wconf 76' lang='lat' dir='ltr'>tanto</span> <span class='ocrx_word' id='word_1_747' title='bbox 1495 2411 1592 2450; x_wconf 77' lang='lat' dir='ltr'>magis</span> <span class='ocrx_word' id='word_1_748' title='bbox 1611 2407 1826 2448; x_wconf 82' lang='lat' dir='ltr'>vilipendimus</span> <span class='ocrx_word' id='word_1_749' title='bbox 1839 2431 1850 2448; x_wconf 96' lang='lat'>‚</span> <span class='ocrx_word' id='word_1_750' title='bbox 1875 2411 1986 2450; x_wconf 74' lang='lat' dir='ltr'>quanto</span> <span class='ocrx_word' id='word_1_751' title='bbox 2006 2408 2098 2454; x_wconf 79' lang='lat' dir='ltr'>ipfise&#39;</span> 
     </span>
     <span class='ocr_line' id='line_1_111' title="bbox 1223 2454 2098 2501; baseline 0.006 -14"><span class='ocrx_word' id='word_1_752' title='bbox 1223 2457 1330 2489; x_wconf 82' lang='lat' dir='ltr'>altiora</span> <span class='ocrx_word' id='word_1_753' title='bbox 1354 2454 1541 2498; x_wconf 71' lang='lat' dir='ltr'>conscendisse</span> <span class='ocrx_word' id='word_1_754' title='bbox 1565 2455 1715 2498; x_wconf 86' lang='lat' dir='ltr'>confidunt</span> <span class='ocrx_word' id='word_1_755' title='bbox 1741 2481 1748 2488; x_wconf 93' lang='lat'>.</span> <span class='ocrx_word' id='word_1_756' title='bbox 1782 2459 1842 2490; x_wconf 83' lang='lat' dir='ltr'>Per</span> <span class='ocrx_word' id='word_1_757' title='bbox 1868 2457 2098 2501; x_wconf 83' lang='lat' dir='ltr'>misericordiam</span> 
     </span>
     <span class='ocr_line' id='line_1_112' title="bbox 1222 2502 2100 2551; baseline 0.006 -13"><span class='ocrx_word' id='word_1_758' title='bbox 1222 2506 1330 2548; x_wconf 68' lang='lat' dir='ltr'>quippe</span> <span class='ocrx_word' id='word_1_759' title='bbox 1340 2502 1419 2545; x_wconf 85' lang='lat' dir='ltr'>Dei,</span> <span class='ocrx_word' id='word_1_760' title='bbox 1447 2506 1650 2539; x_wconf 72' lang='lat' dir='ltr'>&amp;orationem</span> <span class='ocrx_word' id='word_1_761' title='bbox 1670 2506 1771 2539; x_wconf 66' lang='lat' dir='ltr'>sancii</span> <span class='ocrx_word' id='word_1_762' title='bbox 1793 2509 1898 2548; x_wconf 87' lang='lat' dir='ltr'>Petri,</span> <span class='ocrx_word' id='word_1_763' title='bbox 1924 2520 1992 2551; x_wconf 83' lang='lat' dir='ltr'>quae</span> <span class='ocrx_word' id='word_1_764' title='bbox 2008 2511 2100 2542; x_wconf 75' lang='lat' dir='ltr'>simo-</span> 
     </span>
     <span class='ocr_line' id='line_1_113' title="bbox 1227 2555 2099 2600; baseline 0.005 -11"><span class='ocrx_word' id='word_1_765' title='bbox 1227 2567 1294 2589; x_wconf 84' lang='lat' dir='ltr'>nem</span> <span class='ocrx_word' id='word_1_766' title='bbox 1312 2557 1455 2599; x_wconf 85' lang='lat' dir='ltr'>Magum,</span> <span class='ocrx_word' id='word_1_767' title='bbox 1478 2566 1574 2588; x_wconf 89' lang='lat' dir='ltr'>eorum</span> <span class='ocrx_word' id='word_1_768' title='bbox 1589 2562 1691 2599; x_wconf 85' lang='lat' dir='ltr'>utique</span> <span class='ocrx_word' id='word_1_769' title='bbox 1711 2555 1906 2600; x_wconf 79' lang='lat' dir='ltr'>Magistrum,</span> <span class='ocrx_word' id='word_1_770' title='bbox 1930 2559 1974 2591; x_wconf 88' lang='lat' dir='ltr'>ad</span> <span class='ocrx_word' id='word_1_771' title='bbox 1992 2560 2099 2593; x_wconf 80' lang='lat' dir='ltr'>altiora</span> 
     </span>
     <span class='ocr_line' id='line_1_114' title="bbox 1228 2604 2100 2649; baseline 0.005 -10"><span class='ocrx_word' id='word_1_772' title='bbox 1228 2605 1395 2639; x_wconf 87' lang='lat' dir='ltr'>tendentem</span> <span class='ocrx_word' id='word_1_773' title='bbox 1406 2604 1581 2638; x_wconf 86' lang='lat' dir='ltr'>mirabiliter</span> <span class='ocrx_word' id='word_1_774' title='bbox 1600 2606 1707 2646; x_wconf 81' lang='lat' dir='ltr'>dejecit</span> <span class='ocrx_word' id='word_1_775' title='bbox 1720 2629 1732 2645; x_wconf 94' lang='lat'>‚</span> <span class='ocrx_word' id='word_1_776' title='bbox 1753 2604 1909 2649; x_wconf 88' lang='lat' dir='ltr'>speramus</span> <span class='ocrx_word' id='word_1_777' title='bbox 1933 2620 2029 2643; x_wconf 86' lang='lat' dir='ltr'>eorum</span> <span class='ocrx_word' id='word_1_778' title='bbox 2039 2614 2100 2642; x_wconf 85' lang='lat' dir='ltr'>rui-</span> 
     </span>
     <span class='ocr_line' id='line_1_115' title="bbox 1229 2656 2100 2700; baseline 0.005 -12"><span class='ocrx_word' id='word_1_779' title='bbox 1229 2667 1299 2689; x_wconf 89' lang='lat' dir='ltr'>nam</span> <span class='ocrx_word' id='word_1_780' title='bbox 1312 2666 1369 2688; x_wconf 89' lang='lat' dir='ltr'>non</span> <span class='ocrx_word' id='word_1_781' title='bbox 1381 2656 1433 2688; x_wconf 84' lang='lat' dir='ltr'>diu</span> <span class='ocrx_word' id='word_1_782' title='bbox 1442 2664 1654 2689; x_wconf 85' lang='lat' dir='ltr'>remoraturam</span> <span class='ocrx_word' id='word_1_783' title='bbox 1665 2679 1675 2694; x_wconf 95' lang='lat'><em>‚</em></span> <span class='ocrx_word' id='word_1_784' title='bbox 1699 2656 1732 2688; x_wconf 67' lang='lat' dir='ltr'>(et</span> <span class='ocrx_word' id='word_1_785' title='bbox 1743 2662 1865 2698; x_wconf 83' lang='lat' dir='ltr'>quietem</span> <span class='ocrx_word' id='word_1_786' title='bbox 1873 2656 1988 2700; x_wconf 72' lang='lat' dir='ltr'>sane‘lae</span> <span class='ocrx_word' id='word_1_787' title='bbox 1997 2659 2100 2692; x_wconf 79' lang='lat' dir='ltr'>Eccle-</span> 
     </span>
     <span class='ocr_line' id='line_1_116' title="bbox 1223 2704 2100 2752; baseline 0.001 -13"><span class='ocrx_word' id='word_1_788' title='bbox 1223 2706 1273 2748; x_wconf 83' lang='lat' dir='ltr'>fiae</span> <span class='ocrx_word' id='word_1_789' title='bbox 1284 2731 1294 2747; x_wconf 83' lang='lat'>,</span> <span class='ocrx_word' id='word_1_790' title='bbox 1319 2706 1410 2739; x_wconf 64' lang='lat' dir='ltr'>vitiis</span> <span class='ocrx_word' id='word_1_791' title='bbox 1428 2704 1593 2748; x_wconf 77' lang='lat' dir='ltr'>&amp;confusis</span> <span class='ocrx_word' id='word_1_792' title='bbox 1607 2705 1731 2746; x_wconf 86' lang='lat' dir='ltr'>hostibus</span> <span class='ocrx_word' id='word_1_793' title='bbox 1742 2705 1809 2749; x_wconf 75' lang='lat' dir='ltr'>suis</span> <span class='ocrx_word' id='word_1_794' title='bbox 1824 2731 1836 2748; x_wconf 92' lang='lat'>,</span> <span class='ocrx_word' id='word_1_795' title='bbox 1858 2719 1934 2741; x_wconf 88' lang='lat' dir='ltr'>more</span> <span class='ocrx_word' id='word_1_796' title='bbox 1947 2706 2100 2752; x_wconf 71' lang='lat' dir='ltr'>solitoglo·</span> 
     </span>
     <span class='ocr_line' id='line_1_117' title="bbox 1229 2755 2101 2798; baseline 0.002 -8"><span class='ocrx_word' id='word_1_797' title='bbox 1229 2755 1364 2798; x_wconf 71' lang='lat' dir='ltr'>riofiffime</span> <span class='ocrx_word' id='word_1_798' title='bbox 1385 2757 1594 2790; x_wconf 83' lang='lat' dir='ltr'>dilatandam.</span> <span class='ocrx_word' id='word_1_799' title='bbox 1622 2756 1659 2788; x_wconf 89' lang='lat' dir='ltr'>In</span> <span class='ocrx_word' id='word_1_800' title='bbox 1672 2756 1789 2790; x_wconf 84' lang='lat' dir='ltr'>litteris</span> <span class='ocrx_word' id='word_1_801' title='bbox 1809 2756 1850 2790; x_wconf 80' lang='lat' dir='ltr'>ad</span> <span class='ocrx_word' id='word_1_802' title='bbox 1860 2768 1975 2791; x_wconf 85' lang='lat' dir='ltr'>omnes</span> <span class='ocrx_word' id='word_1_803' title='bbox 1992 2759 2101 2792; x_wconf 74' lang='lat' dir='ltr'>Sansti</span> 
     </span>
     <span class='ocr_line' id='line_1_118' title="bbox 1231 2805 2102 2850; baseline 0 -10"><span class='ocrx_word' id='word_1_804' title='bbox 1231 2805 1318 2840; x_wconf 87' lang='lat' dir='ltr'>Petri</span> <span class='ocrx_word' id='word_1_805' title='bbox 1345 2807 1381 2840; x_wconf 90' lang='lat' dir='ltr'>in</span> <span class='ocrx_word' id='word_1_806' title='bbox 1403 2805 1496 2840; x_wconf 77' lang='lat' dir='ltr'>Italia</span> <span class='ocrx_word' id='word_1_807' title='bbox 1520 2805 1633 2840; x_wconf 80' lang='lat' dir='ltr'>fideles</span> <span class='ocrx_word' id='word_1_808' title='bbox 1654 2806 1790 2840; x_wconf 83' lang='lat' dir='ltr'>affirmat</span> <span class='ocrx_word' id='word_1_809' title='bbox 1809 2805 1867 2840; x_wconf 85' lang='lat' dir='ltr'>fibi</span> <span class='ocrx_word' id='word_1_810' title='bbox 1887 2808 1905 2840; x_wconf 68' lang='lat' dir='ltr'>a</span> <span class='ocrx_word' id='word_1_811' title='bbox 1929 2806 2076 2842; x_wconf 87' lang='lat' dir='ltr'>Roberto</span> <span class='ocrx_word' id='word_1_812' title='bbox 2089 2830 2102 2850; x_wconf 82' lang='lat'>,</span> 
     </span>
     <span class='ocr_line' id='line_1_119' title="bbox 1232 2855 2098 2901; baseline 0 -10"><span class='ocrx_word' id='word_1_813' title='bbox 1232 2856 1396 2901; x_wconf 82' lang='lat' dir='ltr'>Jordano,</span> <span class='ocrx_word' id='word_1_814' title='bbox 1422 2857 1456 2890; x_wconf 88' lang='lat'>&amp;</span> <span class='ocrx_word' id='word_1_815' title='bbox 1475 2855 1547 2888; x_wconf 87' lang='lat' dir='ltr'>aliis</span> <span class='ocrx_word' id='word_1_816' title='bbox 1570 2856 1855 2890; x_wconf 85' lang='lat' dir='ltr'>Nortmannorum</span> <span class='ocrx_word' id='word_1_817' title='bbox 1876 2855 2098 2899; x_wconf 86' lang='lat' dir='ltr'>Principibus,</span> 
     </span>
     <span class='ocr_line' id='line_1_120' title="bbox 1230 2904 2105 2943; baseline 0.005 -4"><span class='ocrx_word' id='word_1_818' title='bbox 1230 2918 1357 2941; x_wconf 88' lang='lat' dir='ltr'>necnon</span> <span class='ocrx_word' id='word_1_819' title='bbox 1375 2906 1393 2939; x_wconf 71' lang='grc' dir='ltr'>ὲ</span> <span class='ocrx_word' id='word_1_820' title='bbox 1405 2904 1558 2939; x_wconf 83' lang='lat' dir='ltr'>Thusciae</span> <span class='ocrx_word' id='word_1_821' title='bbox 1569 2917 1607 2939; x_wconf 88' lang='lat' dir='ltr'>ac</span> <span class='ocrx_word' id='word_1_822' title='bbox 1616 2905 1751 2940; x_wconf 88' lang='lat' dir='ltr'>aliarum</span> <span class='ocrx_word' id='word_1_823' title='bbox 1770 2905 1949 2941; x_wconf 86' lang='lat' dir='ltr'>vicinarum</span> <span class='ocrx_word' id='word_1_824' title='bbox 1967 2906 2105 2943; x_wconf 83' lang='lat' dir='ltr'>Provin-</span> 
     </span>
     <span class='ocr_line' id='line_1_121' title="bbox 1232 2953 2105 2999; baseline 0 -8"><span class='ocrx_word' id='word_1_825' title='bbox 1232 2958 1355 2991; x_wconf 87' lang='lat' dir='ltr'>ciarum</span> <span class='ocrx_word' id='word_1_826' title='bbox 1373 2953 1531 2999; x_wconf 80' lang='lat' dir='ltr'>Dynastis</span> <span class='ocrx_word' id='word_1_827' title='bbox 1552 2956 1703 2999; x_wconf 76' lang='lat' dir='ltr'>promissa</span> <span class='ocrx_word' id='word_1_828' title='bbox 1725 2955 1877 2990; x_wconf 88' lang='lat' dir='ltr'>militaria</span> <span class='ocrx_word' id='word_1_829' title='bbox 1900 2958 2045 2999; x_wconf 86' lang='lat' dir='ltr'>auxilia,</span> <span class='ocrx_word' id='word_1_830' title='bbox 2069 2958 2105 2991; x_wconf 77' lang='grc' dir='ltr'>δε</span> 
     </span>
     <span class='ocr_line' id='line_1_122' title="bbox 1232 3001 2246 3050; baseline -0.002 -9"><span class='ocrx_word' id='word_1_831' title='bbox 1232 3001 1421 3041; x_wconf 80' lang='lat' dir='ltr'>concludit.-</span> <span class='ocrx_word' id='word_1_832' title='bbox 1449 3007 1532 3039; x_wconf 70' lang='lat' dir='ltr'>Unde</span> <span class='ocrx_word' id='word_1_833' title='bbox 1550 3005 1612 3048; x_wconf 77' lang='lat' dir='ltr'>post</span> <span class='ocrx_word' id='word_1_834' title='bbox 1624 3006 1781 3039; x_wconf 87' lang='lat' dir='ltr'>Kalendas</span> <span class='ocrx_word' id='word_1_835' title='bbox 1802 3007 1983 3047; x_wconf 82' lang='lat' dir='ltr'>Septembris</span> <span class='ocrx_word' id='word_1_836' title='bbox 1995 3031 2006 3048; x_wconf 89' lang='lat'>‚</span> <span class='ocrx_word' id='word_1_837' title='bbox 2029 3007 2106 3050; x_wconf 78' lang='lat' dir='ltr'>post·</span> <span class='ocrx_word' id='word_1_838' title='bbox 2119 3007 2203 3049; x_wconf 81' lang='lat' dir='ltr'>Epist.</span> <span class='ocrx_word' id='word_1_839' title='bbox 2217 3018 2246 3044; x_wconf 83' lang='grc'>7-</span> 
     </span>
     <span class='ocr_line' id='line_1_123' title="bbox 1231 3054 2106 3100; baseline 0 -10"><span class='ocrx_word' id='word_1_840' title='bbox 1231 3069 1322 3100; x_wconf 84' lang='lat' dir='ltr'>quam</span> <span class='ocrx_word' id='word_1_841' title='bbox 1344 3063 1461 3098; x_wconf 85' lang='lat' dir='ltr'>tempus</span> <span class='ocrx_word' id='word_1_842' title='bbox 1474 3054 1633 3098; x_wconf 76' lang='lat' dir='ltr'>frigefiere</span> <span class='ocrx_word' id='word_1_843' title='bbox 1642 3061 1783 3097; x_wconf 84' lang='lat' dir='ltr'>coeperit,</span> <span class='ocrx_word' id='word_1_844' title='bbox 1808 3062 1956 3098; x_wconf 77' lang='lat' dir='ltr'>cupienter</span> <span class='ocrx_word' id='word_1_845' title='bbox 1965 3055 2106 3100; x_wconf 69' lang='lat' dir='ltr'>sanblam</span> 
     </span>
     <span class='ocr_line' id='line_1_124' title="bbox 1234 3104 2106 3150; baseline 0.001 -10"><span class='ocrx_word' id='word_1_846' title='bbox 1234 3111 1441 3143; x_wconf 84' lang='lat' dir='ltr'>Ravennatem</span> <span class='ocrx_word' id='word_1_847' title='bbox 1463 3104 1618 3146; x_wconf 76' lang='lat' dir='ltr'>Ecclesiam</span> <span class='ocrx_word' id='word_1_848' title='bbox 1637 3107 1676 3138; x_wconf 87' lang='lat' dir='ltr'>de</span> <span class='ocrx_word' id='word_1_849' title='bbox 1695 3106 1829 3138; x_wconf 84' lang='lat' dir='ltr'>manibus</span> <span class='ocrx_word' id='word_1_850' title='bbox 1849 3111 1949 3149; x_wconf 84' lang='lat' dir='ltr'>impiis</span> <span class='ocrx_word' id='word_1_851' title='bbox 1971 3113 2106 3150; x_wconf 86' lang='lat' dir='ltr'>eripere,</span> 
     </span>
     <span class='ocr_line' id='line_1_125' title="bbox 1235 3154 2106 3199; baseline 0.001 -11"><span class='ocrx_word' id='word_1_852' title='bbox 1235 3159 1268 3191; x_wconf 62' lang='grc' dir='ltr'>(ν</span> <span class='ocrx_word' id='word_1_853' title='bbox 1294 3159 1382 3189; x_wconf 87' lang='lat' dir='ltr'>Patri</span> <span class='ocrx_word' id='word_1_854' title='bbox 1402 3154 1456 3199; x_wconf 88' lang='lat' dir='ltr'>suo</span> <span class='ocrx_word' id='word_1_855' title='bbox 1475 3158 1569 3188; x_wconf 87' lang='lat' dir='ltr'>Beato</span> <span class='ocrx_word' id='word_1_856' title='bbox 1593 3157 1682 3188; x_wconf 88' lang='lat' dir='ltr'>Petro</span> <span class='ocrx_word' id='word_1_857' title='bbox 1706 3155 1853 3196; x_wconf 82' lang='lat' dir='ltr'>restituere</span> <span class='ocrx_word' id='word_1_858' title='bbox 1873 3180 1884 3196; x_wconf 90' lang='lat'>,</span> <span class='ocrx_word' id='word_1_859' title='bbox 1907 3164 2012 3199; x_wconf 85' lang='lat' dir='ltr'>partes</span> <span class='ocrx_word' id='word_1_860' title='bbox 2038 3158 2106 3190; x_wconf 81' lang='lat' dir='ltr'>illas</span> 
     </span>
     <span class='ocr_line' id='line_1_126' title="bbox 1236 3203 2105 3248; baseline -0.002 -8"><span class='ocrx_word' id='word_1_861' title='bbox 1236 3216 1355 3240; x_wconf 83' lang='lat' dir='ltr'>armata</span> <span class='ocrx_word' id='word_1_862' title='bbox 1367 3215 1457 3238; x_wconf 89' lang='lat' dir='ltr'>manu</span> <span class='ocrx_word' id='word_1_863' title='bbox 1470 3229 1481 3246; x_wconf 93' lang='lat'>,</span> <span class='ocrx_word' id='word_1_864' title='bbox 1501 3203 1573 3246; x_wconf 84' lang='lat' dir='ltr'>ficut</span> <span class='ocrx_word' id='word_1_865' title='bbox 1585 3206 1622 3237; x_wconf 86' lang='lat' dir='ltr'>de</span> <span class='ocrx_word' id='word_1_866' title='bbox 1634 3207 1757 3239; x_wconf 84' lang='lat' dir='ltr'>Domino</span> <span class='ocrx_word' id='word_1_867' title='bbox 1761 3204 1919 3248; x_wconf 85' lang='lat' dir='ltr'>speramus</span> <span class='ocrx_word' id='word_1_868' title='bbox 1930 3231 1941 3247; x_wconf 93' lang='lat'>,</span> <span class='ocrx_word' id='word_1_869' title='bbox 1952 3215 2086 3248; x_wconf 81' lang='lat' dir='ltr'>petemus</span> <span class='ocrx_word' id='word_1_870' title='bbox 2093 3209 2105 3244; x_wconf 78' lang='lat'>,‘</span> 
     </span>
     <span class='ocr_line' id='line_1_127' title="bbox 1237 3253 2110 3298; baseline -0.003 -8"><span class='ocrx_word' id='word_1_871' title='bbox 1237 3269 1271 3290; x_wconf 87' lang='lat' dir='ltr'>ac</span> <span class='ocrx_word' id='word_1_872' title='bbox 1291 3264 1346 3298; x_wconf 85' lang='lat' dir='ltr'>per</span> <span class='ocrx_word' id='word_1_873' title='bbox 1367 3253 1451 3298; x_wconf 81' lang='lat' dir='ltr'>ipfius</span> <span class='ocrx_word' id='word_1_874' title='bbox 1483 3255 1628 3288; x_wconf 84' lang='lat' dir='ltr'>auxilium</span> <span class='ocrx_word' id='word_1_875' title='bbox 1652 3267 1704 3288; x_wconf 82' lang='lat' dir='ltr'>nos</span> <span class='ocrx_word' id='word_1_876' title='bbox 1738 3267 1804 3289; x_wconf 82' lang='lat' dir='ltr'>eam</span> <span class='ocrx_word' id='word_1_877' title='bbox 1828 3254 2000 3290; x_wconf 85' lang='lat' dir='ltr'>liberaturos</span> <span class='ocrx_word' id='word_1_878' title='bbox 2026 3255 2110 3288; x_wconf 83' lang='lat' dir='ltr'>haud</span> 
     </span>
     <span class='ocr_line' id='line_1_128' title="bbox 1239 3305 2110 3340; baseline -0.001 -1"><span class='ocrx_word' id='word_1_879' title='bbox 1239 3306 1328 3340; x_wconf 64' lang='lat' dir='ltr'>dubie*</span> <span class='ocrx_word' id='word_1_880' title='bbox 1353 3307 1498 3339; x_wconf 82' lang='lat' dir='ltr'>credimus</span> <span class='ocrx_word' id='word_1_881' title='bbox 1521 3329 1528 3337; x_wconf 94' lang='lat'><strong>.</strong></span> <span class='ocrx_word' id='word_1_882' title='bbox 1567 3305 1713 3339; x_wconf 64' lang='lat' dir='ltr'>Cunctos</span> <span class='ocrx_word' id='word_1_883' title='bbox 1737 3306 1842 3340; x_wconf 63' lang='lat' dir='ltr'>Sancti</span> <span class='ocrx_word' id='word_1_884' title='bbox 1883 3305 1970 3339; x_wconf 85' lang='lat' dir='ltr'>Petri</span> <span class='ocrx_word' id='word_1_885' title='bbox 1998 3305 2110 3339; x_wconf 84' lang='lat' dir='ltr'>fideles</span> 
     </span>
     <span class='ocr_line' id='line_1_129' title="bbox 1241 3353 2111 3391; baseline -0.005 0"><span class='ocrx_word' id='word_1_886' title='bbox 1241 3356 1388 3391; x_wconf 85' lang='lat' dir='ltr'>hortatur</span> <span class='ocrx_word' id='word_1_887' title='bbox 1404 3354 1445 3389; x_wconf 86' lang='lat' dir='ltr'>ad</span> <span class='ocrx_word' id='word_1_888' title='bbox 1464 3353 1520 3388; x_wconf 88' lang='lat' dir='ltr'>sibi</span> <span class='ocrx_word' id='word_1_889' title='bbox 1543 3353 1770 3389; x_wconf 80' lang='lat' dir='ltr'>auxiliandum</span> <span class='ocrx_word' id='word_1_890' title='bbox 1785 3380 1793 3387; x_wconf 92' lang='lat'><strong>.</strong></span> <span class='ocrx_word' id='word_1_891' title='bbox 1820 3354 1945 3389; x_wconf 75' lang='lat' dir='ltr'>Verum</span> <span class='ocrx_word' id='word_1_892' title='bbox 1966 3365 2014 3387; x_wconf 89' lang='lat' dir='ltr'>res</span> <span class='ocrx_word' id='word_1_893' title='bbox 2039 3365 2111 3388; x_wconf 86' lang='lat' dir='ltr'>non</span> 
     </span>
     <span class='ocr_line' id='line_1_130' title="bbox 1242 3403 2113 3440; baseline -0.001 -1"><span class='ocrx_word' id='word_1_894' title='bbox 1242 3406 1399 3440; x_wconf 84' lang='lat' dir='ltr'>succeffit.</span> <span class='ocrx_word' id='word_1_895' title='bbox 1428 3405 1589 3438; x_wconf 85' lang='lat' dir='ltr'>Henricus</span> <span class='ocrx_word' id='word_1_896' title='bbox 1608 3405 1695 3438; x_wconf 89' lang='lat' dir='ltr'>enim</span> <span class='ocrx_word' id='word_1_897' title='bbox 1708 3405 1780 3439; x_wconf 83' lang='lat' dir='ltr'>Rex</span> <span class='ocrx_word' id='word_1_898' title='bbox 1791 3403 1895 3438; x_wconf 88' lang='lat' dir='ltr'>multo</span> <span class='ocrx_word' id='word_1_899' title='bbox 1916 3415 1991 3437; x_wconf 91' lang='lat' dir='ltr'>cum</span> <span class='ocrx_word' id='word_1_900' title='bbox 2005 3404 2113 3438; x_wconf 87' lang='lat' dir='ltr'>milite</span> 
     </span>
     <span class='ocr_line' id='line_1_131' title="bbox 1243 3453 2113 3499; baseline -0.002 -9"><span class='ocrx_word' id='word_1_901' title='bbox 1243 3455 1374 3491; x_wconf 83' lang='lat' dir='ltr'>intravit</span> <span class='ocrx_word' id='word_1_902' title='bbox 1381 3454 1509 3489; x_wconf 88' lang='lat' dir='ltr'>Italiam</span> <span class='ocrx_word' id='word_1_903' title='bbox 1523 3478 1534 3497; x_wconf 88' lang='lat'>‚</span> <span class='ocrx_word' id='word_1_904' title='bbox 1546 3454 1581 3492; x_wconf 86' lang='lat'>&amp;</span> <span class='ocrx_word' id='word_1_905' title='bbox 1593 3464 1725 3491; x_wconf 86' lang='lat' dir='ltr'>omnem</span> <span class='ocrx_word' id='word_1_906' title='bbox 1736 3453 1889 3499; x_wconf 88' lang='lat' dir='ltr'>Gregorii</span> <span class='ocrx_word' id='word_1_907' title='bbox 1900 3463 2054 3488; x_wconf 83' lang='lat' dir='ltr'>conatum</span> <span class='ocrx_word' id='word_1_908' title='bbox 2068 3455 2113 3488; x_wconf 82' lang='lat' dir='ltr'>est</span> 
     </span>
     <span class='ocr_line' id='line_1_132' title="bbox 2003 3505 2067 3539; baseline 0 -1"><span class='ocrx_word' id='word_1_909' title='bbox 2003 3505 2067 3539; x_wconf 83' lang='lat' dir='ltr'>fru-</span> 
     </span>
    </p>
   </div>
  </div>
 </body>
</html>
