2352 3756
353 191 449 238 354
666 178 1752 244 QUINTILINOBURGENS'E

274 267 365 308 Regis
386 272 475 297 aures
496 262 675 305 pei-dueum
696 258 784 308 effer,
811 274 867 296 non
891 264 962 297 tulit
981 261 1160 304 fidellffimus
1191 301 1194 303 ,
1234 262 1324 295 rudes
1351 263 1539 298 Decimarum
1562 267 1704 312 Religioni
1736 268 1911 312 affut-'fame
1927 276 2114 319 emebatur,

275 313 437 347 Catholicae
455 312 529 353 fidei
549 322 754 358 propugnator
777 312 950 358 gliscentem
975 309 1163 354 conspiratio·
1225 310 1284 354 sed
1312 317 1404 347 irrita
1421 312 1515 357 suafio
1528 315 1616 358 fun.
1642 320 1767 362 ,Quippe
1787 328 1992 357 maturitatem
2011 339 2113 361 rerum

276 374 342 397 nem
355 361 518 407 confingere
532 388 543 405 ,
564 363 658 408 sedin
667 362 731 409 ipso
738 363 792 408 suo
803 373 868 397 ortu
882 364 968 395 illam
983 372 1051 394 mox
1062 359 1168 401 exstin-
1228 370 1335 404 capere
1366 367 1485 399 novella
1518 368 1614 401 cultus
1649 372 1818 404 rudimenta
1847 373 2009 415 nequibant
2034 401 2042 408 .
2067 378 2111 413 Et

275 418 330 446 xit.
344 412 484 448 authores
495 421 574 448 enlm
584 415 662 448 illius
676 416 759 454 miffis
773 413 921 446 militibus
932 410 1167 452 comprehendit,
1230 413 1420 449 Demetrius
1441 416 1617 452 Dalmatiae
1638 418 1712 454 Rex
1730 432 1840 455 coram
1851 421 2008 467 Gregorii
2019 426 2113 469 septi.

279 467 314 499 (y
346 469 447 506 capita
481 463 703 509 censpirationis
726 468 844 505 partim
874 461 999 503 capitali
1022 459 1168 504 supplicio
1229 461 1274 495 mi
1298 464 1433 509 Legatis
1452 466 1529 502 fecit
1541 467 1627 502 hanc
1636 470 1838 512 Synodalem
1861 474 2110 516 professionem:

275 511 421 553 exstinxit
430 538 442 554 ‚
462 522 580 556 partim
590 512 764 547 verberibus
775 511 935 544 muldavit
945 536 956 552 ‚
984 517 1101 544 caeteris
1113 516 1166 543 mi-
1228 514 1379 548 Primm'ae
1389 539 1402 557 ‚
1428 519 1558 552 Decima
1568 542 1579 559 ,
1605 525 1792 564 omniumque
1812 523 1857 554 ad
1874 523 2031 566 Ecclefiam
2044 533 2111 568 per-

277 563 333 595 m'cs
343 569 401 597 reis
413 587 424 604 ,
451 565 484 598 e·
491 563 556 607 sola
566 567 733 605 contagione
736 561 869 603 foedatis
879 585 890 602 ,
908 560 1162 604 altorumquesua-
1229 567 1387 597 tinentium
1400 572 1572 607 procurator
1595 569 1719 610 existam
1730 596 1737 602 .
1764 572 1867 620 Qdd
1881 574 1996 618 nempe
2008 586 2111 620 popu.

269 610 377 655 fionem
394 612 501 657 fi’cutis
515 638 526 654 ,
548 613 737 660 parcendurn
757 613 909 646 decrevit.
935 611 1013 646 Fuit
1026 613 1052 645 is
1069 611 1165 646 Bole-
1229 612 1278 647 lus
1303 615 1458 650 istioneri
1482 619 1712 664 refragaretur.
1741 622 1785 656 Et
1798 622 1875 667 quid
1886 624 1995 659 dicam
2004 625 2045 660 de
2057 625 2110 661 his

275 663 362 698 slaus
372 664 508 707 primus.
540 661 646 708 Qdd
659 663 737 696 item
747 661 843 696 Dani
856 686 867 702 ,
880 661 1002 702 Sclavi,
1015 662 1160 697 Norvve·
1200 694 1205 697 Δ
1226 665 1368 700 novellis
1389 666 1585 703 Christianis
1604 671 1622 704 ἓ
1650 671 1792 716 Antiqui
1815 672 1994 709 Christiani
2013 675 2110 711 Thu.

274 711 334 757 gi,
363 725 400 769 ac
420 712 474 745 alii
496 711 649 768 Boreales
672 711 785 756 populi
812 711 966 747 Decimas
992 712 1161 746 admittere
1225 715 1312 760 ringi
1335 726 1474 757 quantas
1493 728 1567 752 curn
1595 721 1760 765 sigefrido
1782 722 2033 768 Moguntinenfi
2049 725 2109 760 Ar-

274 763 460 800 noluerint,
485 771 523 794 ac
545 761 633 794 illam
646 763 691 796 ob
705 773 770 796 rem
791 761 977 796 Adebertus
997 762 1162 796 Hambur-
1224 763 1436 810 chiepiscopo
1459 768 1530 802 lites
1552 769 1593 803 de
1614 769 1676 805 hac
1699 783 1732 805 re
1750 770 1932 808 habuerunt
1947 775 1965 805 .²
1989 773 2111 810 Parum

274 811 377 855 gensis
386 809 661 855 Archiepiscopus
674 814 817 847 summos
827 813 1009 846 sustinuerit
1021 812 1160 852 1ab0res,
1223 814 1396 850 abfuerunt
1407 818 1424 851 a
1436 820 1659 855 eruentiffimo
1673 820 1761 856 bello
1773 846 1780 855 .
1809 823 1871 857 Rei
1885 824 1997 858 seriem
2022 825 2112 871 large

272 860 420 897 scribunt
437 859 548 895 Adam
562 861 765 902 Bremen'fis,
791 862 1003 898 Hemboldus
1021 863 1159 904 Presby-
1226 863 1323 900 habes
1343 867 1429 911 apud
1451 869 1664 904 Lambertum
1682 871 1994 918 Scafnaburgensem
2006 901 2014 907 .
2041 877 2110 910 lsso

272 918 346 952 ter,
372 922 410 946 ae
431 910 600 945 Arnoldus
624 911 736 948 Abbas
763 913 974 947 Lubecenfis.
1004 913 1156 957 Episcopi
1224 924 1369 959 tempore
1390 915 1497 952 adhuc
1522 920 1622 954 etiam
1645 919 1772 956 vivebat
1806 923 1960 968 sacrilega
1993 925 2110 960 Caroli

271 962 348 996 cu‘m
370 963 436 997 illis
458 961 543 996 inire
562 962 746 999 debuerunt
760 964 847 997 varia
866 962 1155 1007 patracemodera-
1224 965 1369 1000 Martelli
1394 968 1567 1003 violentia:
1597 971 1745 1017 Qidam
1768 971 1861 1007 Laici
1887 973 1998 1008 adhuc
2017 976 2110 1019 poffi-

271 1013 361 1047 mim
383 1035 394 1051 ‚
419 1012 575 1056 quae'late
606 1014 744 1058 exponit
765 1013 853 1048 idem
876 1013 1048 1048 Arnoldns
1068 1038 1075 1046 .
1103 1014 1155 1047 De
1221 1014 1343 1050 debunt
1366 1016 1547 1058 Decimas,
1574 1022 1685 1063 easque
1708 1022 1780 1056 aliis
1803 1024 1851 1056 vel
1876 1023 1911 1057 in
1934 1027 2109 1068 proprieta-

271 1063 388 1097 saneto
399 1061 536 1100 Canuto
546 1064 826 1109 Danorum'Rege
839 1064 948 1099 scribit·
957 1065 1057 1099 etiam
1069 1064 1154 1098 Saxo
1225 1072 1289 1100 tem
1302 1090 1313 1106 ,
1340 1066 1389 1100 vel
1402 1065 1436 1100 in
1449 1066 1651 1102 Beneficium
1662 1072 1844 1108 vendebant
1854 1082 1909 1107 aut
1919 1074 2087 1110 donabant
2096 1099 2105 1109 .

271 1112 532 1150 Grammaticus.
558 1119 697 1149 canutus
710 1116 874 1160 populares
895 1115 992 1150 adhuc
1001 1118 1154 1149 sacrorum
1221 1116 1303 1150 Haec
1314 1116 1427 1152 omnia
1438 1119 1572 1163 praesens
1586 1119 1707 1154 Canon
1736 1121 1843 1157 studet
1852 1124 2029 1170 corrigere.

834 1318 1352 1387 CANON
1457 1325 1548 1370 lx,

327 1463 443 1511 Tem
479 1477 529 1511 ut
564 1480 744 1513 vernum
770 1462 996 1529 Jejunium
1034 1463 1080 1509 in
1115 1461 1258 1527 prima
1286 1459 1564 1512 hebdomada
1590 1464 1966 1537 Qadragefimae,
2001 1464 2108 1516 aesti-

362 1550 468 1583 vum
505 1534 552 1581 in
589 1533 847 1583 Pentecoste
883 1531 1051 1602 semper
1087 1530 1350 1582 celebretur.

462 1677 490 1724 S
519 1692 555 1722 ,C
591 1693 622 1723 Η
657 1693 689 1723 0
725 1693 749 1723 L
785 1694 802 1724 1
840 1693 872 1724 0
907 1693 938 1724 N
952 1710 966 1723 ,
1198 1673 1315 1739 Jmense
1320 1674 1466 1721 septimo,
1489 1675 1615 1717 hyemale
1626 1688 1728 1714 nutem
1746 1684 1780 1712 in
1793 1680 1903 1714 declmo
1911 1679 2102 1713 celebramus.

1219 1726 1471 1772 Qodaestivale
1493 1727 1672 1770 celebretur
1692 1729 1728 1763 in
1752 1728 1968 1769 Pentecoste,
1994 1727 2106 1762 scribit

1160 1777 1164 1781 '
1210 1776 1314 1809 *etiam
1336 1775 1370 1809 in
1397 1778 1506 1820 primo
1528 1777 1693 1812 sermone.
1724 1777 1773 1812 At
1794 1778 1873 1812 vero
1895 1777 2009 1811 Caroli
2031 1777 2106 1809 Ma·

384 1825 435 1861 Ac
458 1822 498 1858 de
518 1835 552 1858 re
573 1824 609 1873 in
631 1825 685 1859 sua
699 1821 940 1860 Constantienfi
953 1821 1090 1866 synodo
1101 1820 1157 1853 sta·
1218 1826 1276 1868 gni
1297 1825 1497 1868 Capitnlaria
1522 1824 1664 1861 habent:
1692 1826 1902 1867 Censtituimus
1926 1835 1961 1859 m
1978 1833 2105 1869 quatuor

407 1875 577 1910 tuitetiam
591 1874 798 1910 Geberardus
808 1871 1070 1907 Constantienfis
1085 1846 1179 1923 Epi-¹
1219 1878 1295 1906 anni
1314 1874 1507 1916 tempora.ab
1532 1875 1666 1909 omnibus
1688 1887 1752 1910 cum
1761 1878 1883 1919 jejun„
1894 1875 2083 1919 observem„
2097 1898 2107 1907 ⁸

271 1929 415 1970 scopus,
441 1933 526 1959 unus
535 1935 576 1958 ex
589 1923 685 1967 hujus
704 1922 831 1967 Synodi
845 1921 1015 1961 Patribus,
1042 1932 1079 1954 ac
1093 1919 1171 1955 Urr
1219 1925 1258 1955 Id
1275 1922 1316 1962 est
1338 1948 1348 1963 ‚
1376 1930 1409 1956 tn
1429 1923 1525 1967 mense
1552 1928 1665 1959 Manto
1696 1926 1880 1959 bebdomada
1899 1933 2003 1969 prima
2025 1949 2032 1956 .
2058 1927 2107 1958 Ee

271 1974 497 2011 banisecundi
521 1975 554 2008 in
580 1973 758 2007 Germania
785 1973 947 2018 Legatus:
967 1974 1077 2015 Juxta
1097 1970 1172 2001 ἔην’
1211 1970 1296 2013 ferra
1316 1982 1450 2014 quarta,
1477 1975 1512 2007 ee
1529 1972 1621 2016 sima
1635 1998 1645 2014 ‚
1672 1975 1849 2008 &sabbato
1858 1981 1986 2009 ventam
2001 1986 2104 2007 omne,-

271 2036 341 2060 tuta
362 2025 534 2069 sanc‘lorum
559 2025 706 2063 Parrum,
725 2024 880 2064 jejunium
901 2025 1006 2054 Martll
1017 2027 1051 2053 in
1058 2024 1161 2062 prima
1218 2022 1263 2054 ad
1282 2021 1438 2063 Ecclesiam
1462 2046 1474 2063 ,
1499 2021 1573 2055 hora
1595 2035 1672 2056 nona
1703 2035 1770 2057 cum
1797 2028 1923 2058 Litanra
1941 2026 1987 2058 ad
2005 2024 2105 2067 Mtffa.

271 2076 458 2110 hebdomada
483 2072 728 2116 ,Quadragefimae
755 2096 765 2111 ,
791 2072 826 2105 (ἓν
841 2073 995 2113 jejunium
1008 2073 1108 2115 Junn
1128 2073 1161 2100 in
1218 2081 1287 2103 rum
1300 2069 1446 2113 solemnia
1464 2096 1471 2103 .
1502 2074 1646 2105 Similiter
1667 2078 1700 2106 ln
1721 2073 1819 2116 mense
1842 2077 1945 2118 Junio
1965 2098 1976 2115 ,
2002 2073 2106 2108 bebdo-

271 2125 460 2160 hebdomada
488 2123 666 2162 Pentecostes
688 2121 804 2165 s'emper
832 2119 990 2153 celebretur
1012 2144 1019 2151 .
1048 2117 1161 2151 Habes

274 2175 367 2211 istam
391 2170 565 2215 Synodum
586 2169 672 2213 apud
703 2167 917 2204 Bettholdum
932 2167 1161 2211 Presbyterum

274 2219 537 2260 Constantienfis
560 2220 709 2255 Ecclefiae
729 2245 735 2252 .
770 2218 880 2262 Hujus
900 2219 1013 2253 nostrae
1035 2217 1161 2261 Synodi

273 2277 411 2321 praesens
433 2272 553 2306 Canon
579 2270 719 2304 necdum
739 2279 807 2304 erat
838 2279 919 2303 tunc
951 2265 1105 2303 admissus
1127 2267 1161 2301 in

274 2325 383 2363 'mores
396 2349 404 2357 .
431 2323 526 2356 Hinc
545 2320 754 2356 Geberardus
775 2319 898 2354 studuit
917 2319 1012 2353 illum
1036 2319 1164 2362 adjuva-

275 2389 326 2411 re.
354 2372 459 2423 Quid
485 2372 632 2407 solemne
657 2380 861 2415 perquatuor
877 2367 1164 2414 annitemporaje-

272 2427 406 2472 junium
429 2425 466 2457 stt
480 2422 598 2457 Latina
613 2422 711 2466 pietas
727 2446 738 2462 ,
764 2419 884 2454 Graecis
896 2420 1011 2465 ignota
1024 2444 1035 2460 ‚
1061 2418 1106 2452 est
1118 2419 1164 2452 su-

277 2478 333 2522 'pta
353 2473 611 2511 demonstratum
627 2496 634 2504 .
663 2470 763 2505 Edixi
783 2471 816 2504 ὅ(
836 2471 905 2513 ejus
926 2470 1011 2514 apud
1031 2479 1091 2503 nos
1103 2469 1166 2502 ori-

276 2529 391 2572 ginem
414 2551 421 2558 .
450 2521 550 2567 Apud
587 2521 747 2556 Isidorum
782 2520 1002 2555 Mercatorem
1033 2519 1165 2553 Sanetus

278 2579 367 2622 Papa
379 2576 529 2610 Calixtus
542 2568 606 2607 haec
619 2572 728 2607 scribit
743 2571 782 2606 ad
795 2572 905 2606 nescio
916 2582 1014 2615 quem
1029 2568 1166 2603 Benedi-

278 2632 366 2662 etum
383 2627 581 2669 Episcopum
592 2625 773 2668 :Jejumum
785 2623 886 2664 ‚quod
894 2630 940 2655 ter
949 2626 984 2653 in
995 2630 1075 2653 anno
1084 2619 1169 2661 apud

281 2692 332 2712 nos
355 2677 500 2711 celebrare
524 2673 669 2713 didicisti,
693 2673 916 2708 convenientias
940 2682 1018 2704 nunc
1030 2678 1086 2712 per
1096 2680 1163 2712 qua-

282 2739 344 2761 tuor
357 2735 487 2769 tempora
497 2724 562 2767 fieri
576 2725 756 2756 decernimus
769 2748 779 2763 ,
804 2730 835 2755 ut
839 2721 912 2763 ficut
922 2733 1020 2756 annm
1029 2727 1084 2762 per
1096 2730 1163 2762 qua·

283 2790 348 2811 tuor
372 2778 505 2810 volvitur
527 2782 680 2816 tempora,
699 2773 740 2812 sic
762 2777 852 2806 etiam
874 2783 927 2804 nos
938 2780 1119 2814 quaternum
1122 2766 1166 2812 so-

282 2829 377 2861 lemne
388 2836 511 2870 agamus
527 2826 681 2866 jejunium
695 2832 752 2866 per
773 2826 848 2855 anm·
871 2831 994 2863 quatuor
1017 2829 1166 2862 tempora.

282 2877 410 2910 :Verum
433 2873 522 2918 parvi
545 2873 697 2918 ponderis
721 2874 794 2906 sunt
818 2871 884 2905 istae
906 2870 1076 2915 Epistolae.
1104 2869 1167 2903 Ve-

285 2928 350 2962 rius
374 2926 419 2961 est
443 2925 593 2957 omnium
612 2934 753 2965 quatuor
771 2931 957 2965 temporum
976 2920 1168 2965 religionem

285 2977 379 3011 simul
402 2973 550 3017 coepiffe.
577 2972 679 3006 Porro
704 2973 854 3006 Romana
879 2970 1021 3005 Ecclefia
1034 2979 1166 3003 vernum

285 3027 442 3072 jejunium
464 3025 499 3058 in
533 3021 635 3066 prima
660 3020 919 3070 Qadragefimae
939 3019 1168 3059 hebdomada,

286 3076 426 3112 aestivale
449 3074 483 3108 in
501 3072 705 3107 hebdomada
725 3071 933 3106 pentecostes
945 3095 956 3111 ,
981 3071 1168 3105 autumnale

289 3129 323 3162 in
345 3128 439 3162 tertia
461 3122 638 3168 septimana
659 3121 857 3165 Septembris
878 3145 890 3162 ,
916 3121 1067 3164 hyemale
1086 3121 1167 3154 olim

290 3176 467 3212 celebravit
490 3175 524 3207 in
547 3172 723 3217 septimana
744 3196 754 3213 ‚
780 3172 870 3214 cujus
896 3170 1068 3206 Sabbatum
1097 3183 1169 3215 prae*

290 3228 425 3262 cedebat
440 3225 601 3270 vigiliam
625 3223 808 3256 Dominicae
831 3222 1039 3256 Nativitatis.
1067 3221 1168 3255 Lucet

292 3288 335 3309 ex
357 3280 473 3311 octavo
495 3270 601 3309 Sancti
624 3273 747 3306 Leonis
770 3271 887 3316 Magni
913 3273 1061 3305 sermone
1081 3270 1168 3313 deje-

293 3319 412 3369 junio.-
434 3328 569 3370 Jejum'a
589 3330 635 3356 ita
652 3331 708 3365 per
730 3328 820 3355 totius
842 3326 918 3354 anni
932 3323 1068 3354 circulum
1079 3319 1171 3361 distr}-

293 3377 371 3409 ὀπτα
388 3373 480 3417 sunt,
503 3383 536 3408 ut
555 3375 604 3408 Iex
614 3373 798 3413 abstinentia
818 3371 948 3404 omnibus
963 3371 1001 3413 fit
1020 3369 1170 3414 adscripta

294 3424 473 3467 temporibus
496 3449 503 3455 .
529 3427 558 3456 51·
582 3425 701 3465 quidem
718 3425 867 3464 jejunium
888 3433 1013 3456 vernum
1035 3427 1066 3452 in
1087 3422 1168 3463 ,Qua-

292 3475 457 3520 dragefima
479 3494 490 3512 ,
515 3472 645 3513 aestivale
678 3479 710 3505 in
731 3471 892 3512 Pentecoste
911 3494 922 3511 ‚
948 3471 1119 3504 autumnale
1139 3476 1172 3503 in

1220 2121 1311 2153 mada
1330 2118 1480 2164 secunda,
1497 2120 1585 2162 feria
1607 2131 1717 2164 quarta
1735 2125 1771 2157 Θ
1777 2122 1894 2167 sexta,
1919 2125 1954 2158 θ
1974 2121 2106 2156 sabbato

1214 2171 1367 2211 jejunetur
1378 2169 1466 2214 usque
1476 2172 1520 2204 ad
1529 2170 1632 2204 horam
1644 2182 1751 2205 nonam
1761 2198 1772 2214 ,
1796 2175 1833 2207 ό·
1854 2175 1874 2206 ἃ
1894 2185 1985 2207 carne
1995 2173 2034 2206 ab
2044 2184 2106 2206 om-

1221 2221 1308 2254 nibus
1319 2220 1501 2262 abstineatur
1515 2246 1522 2253 .
1548 2224 1567 2254 5
1570 2223 1690 2256 imiliter
1703 2228 1735 2255 in
1756 2222 1853 2267 mense
1862 2224 2027 2267 septembri
2037 2223 2105 2256 beb-

1221 2272 1350 2303 domada
1371 2276 1475 2304 tertia.
1505 2275 1551 2304 Et
1573 2278 1604 2305 in
1625 2271 1722 2315 mense
1742 2274 1894 2307 Decembri
1913 2300 1924 2315 ‚
1950 2273 2104 2308 hebdoma-

1220 2322 1263 2353 da
1272 2333 1339 2363 quae
1352 2320 1451 2362 fuerit
1470 2321 1562 2363 plena
1578 2331 1651 2355 ante
1669 2324 1808 2366 vigiliam
1820 2325 1947 2357 Natalir
1963 2327 2083 2356 Domini
2093 2347 2103 2355 .

1220 2374 1299 2404 Sicut
1324 2371 1361 2412 est
1387 2378 1419 2404 in
1442 2375 1577 2405 Romana
1597 2372 1724 2414 Ecclefia
1741 2373 1907 2406 traditum.
1938 2373 1992 2406 Est
2004 2373 2105 2417 trige-

1221 2422 1317 2455 fimus
1340 2432 1471 2465 quartus
1492 2421 1609 2456 Canon
1624 2422 1994 2467 MoguntinaeSynodi,
2020 2424 2106 2457 cele.

1222 2472 1317 2506 bratae
1328 2482 1381 2515 per
1399 2472 1604 2515 Riculphum
1628 2472 1920 2516 Archiepiscopum
1934 2497 1942 2505 .
1967 2473 2010 2507 Et
2022 2471 2103 2506 hinc

1222 2522 1388 2566 intelliges
1413 2521 1623 2555 Abbatialem
1657 2523 1692 2555 in
1723 2522 1977 2566 Aquisgranenfi
2011 2523 2104 2557 Con·

1222 2582 1325 2605 ventu
1347 2571 1406 2604 sub
1430 2571 1604 2606 Ludovico
1628 2571 1691 2606 Pio
1711 2573 1886 2607 Canonem
1905 2598 1913 2606 .
1939 2576 1977 2605 In
1998 2571 2102 2605 bebdo-

1222 2623 1316 2654 mada
1339 2620 1516 2660 'Penta-costes
1540 2634 1597 2654 non
1615 2621 1776 2660 fleHamur
1785 2633 1883 2666 genua
1896 2648 1906 2663 ‚
1933 2621 2102 2663 mfistatut!

1215 2671 1453 2714 fuerintjejunii
1464 2672 1527 2704 dies
1540 2697 1547 2704 .
1578 2672 1655 2705 Hoc
1667 2673 1711 2706 est
1726 2696 1738 2712 ,
1765 2673 1823 2706 nifi
1838 2684 1916 2707 tunc
1925 2672 2102 2706 occurrerit

1223 2722 1362 2755 secunda
1372 2721 1552 2764 septimana
1564 2722 1678 2755 mensis
1690 2721 1778 2765 Junii
1790 2747 1800 2762 ‚
1811 2722 1994 2756 Clausulam
2004 2745 2014 2761 ,
2026 2722 2102 2753 sicut

1224 2777 1256 2804 in
1268 2775 1402 2804 Romana
1414 2770 1538 2811 Ecclefia
1550 2772 1697 2805 traditum
1707 2771 1757 2813 est,
1767 2772 1900 2814 quidam
1910 2772 2104 2815 intelligunt

1223 2820 1264 2856 de
1287 2822 1358 2855 solo
1379 2821 1576 2865 Septembris
1595 2821 1739 2864 jejunio,
1765 2823 1822 2855 alii
1842 2823 1973 2855 censent
1984 2819 2024 2854 de
2034 2832 2105 2854 om·

1228 2873 1320 2906 nium
1341 2881 1482 2914 quatuor
1503 2883 1686 2914 temporum
1697 2871 1819 2914 jejunio
1831 2871 2083 2915 intelligendum
2094 2894 2102 2902 .

1227 2922 1369 2957 Censent
1405 2922 1591 2955 Romanam
1614 2922 1788 2955 Ecclesiam
1811 2922 1920 2955 nescio
1941 2931 2007 2963 quo
2024 2928 2102 2953 tem-

1227 2981 1303 3016 pore
1324 2972 1493 3006 disceffiffe
1516 2972 1533 3004 ὲ
1557 2969 1690 3006 laudato
1711 2983 1764 3015 per
1775 2972 1920 3006 Leonem
1936 2970 2102 3014 Magnum

1228 3034 1333 3062 more,
1360 3023 1393 3056 &
1406 3021 1561 3056 acceffiss‘e
1572 3021 1613 3055 ad
1627 3022 1786 3055 laudatam
1799 3022 1817 3054 a
1832 3021 2033 3064 Moguntina
2046 3020 2103 3060 Sy-

1228 3074 1317 3107 nodo
1327 3071 1595 3106 consuetudinem
1609 3096 1616 3103 .
1646 3070 1820 3115 Augienfis
1840 3070 2033 3105 Monasterii
2053 3080 2105 3102 ve-

1229 3123 1386 3157 nerandus
1412 3121 1525 3154 Abbas
1546 3121 1653 3154 Berno
1676 3122 1710 3154 in
1725 3118 1835 3154 libello
1854 3120 1894 3154 de
1908 3115 2103 3163 quibdsdam

1229 3174 1267 3207 ad
1292 3172 1426 3205 Missam
1446 3171 1661 3214 spectantibus
1684 3169 1794 3205 scribit
1816 3171 1849 3203 in
1878 3171 1998 3204 cunctis
2029 3181 2104 3211 qua-

1228 3273 1408 3315 junandum
1429 3272 1463 3305 &
1495 3270 1671 3304 Sabbatum
1699 3295 1710 3311 ‚
1735 3271 1777 3305 de
1810 3269 1903 3304 distis
1933 3270 2020 3304 feriis
2046 3269 2104 3301 dat

1229 3324 1356 3356 causam
1375 3344 1387 3361 ,
1411 3322 1445 3355 &
1466 3321 1568 3364 pergit
1591 3321 1632 3354 de
1653 3319 1814 3355 Sabbato:
1841 3321 1969 3353 sabbato
1992 3330 2029 3350 ex
2051 3329 2104 3349 au-

1230 3372 1370 3405 thoritate
1393 3370 1505 3414 sanHae
1537 3374 1686 3404 Romame
1705 3370 1839 3409 Ecclefiae
1860 3370 2041 3403 concluditur
2054 3369 2105 3408 je-

1227 3425 1367 3461 junium,
1390 3430 1513 3462 propter
1534 3420 1684 3460 trssltiam
1705 3420 1895 3461 Apostolorum
1916 3442 1926 3459 ‚
1953 3419 2044 3459 qutim
2067 3419 2105 3451 de

1233 3480 1322 3505 morte
1356 3470 1444 3510 »nostrl
1478 3471 1681 3513 Redemptoris
1720 3469 1885 3503 babuerunt
1915 3492 1926 3510 ,
1954 3465 2025 3507 ficut
2060 3471 2107 3501 In·

1957 3527 2058 3550 nocen-

2129 433 2164 462 A.
2179 434 2266 466 9076.

1228 3234 1303 3257 tuor
1321 3221 1519 3265 temporibus
1540 3221 1602 3254 effe
1613 3232 1689 3254 cum
1711 3231 1821 3265 quarta
1832 3220 1866 3253 &
1879 3222 1963 3254 sexta
1974 3219 2051 3253 feria
2062 3219 2104 3262 je-
2126 3220 2128 3225 ’

2122 3340 2195 3379 Cap.
2215 3350 2242 3375 ⁷·
