<?xml version="1.0" encoding="UTF-8"?>
<!DOCTYPE html PUBLIC "-//W3C//DTD XHTML 1.0 Transitional//EN"
    "http://www.w3.org/TR/xhtml1/DTD/xhtml1-transitional.dtd">
<html xmlns="http://www.w3.org/1999/xhtml" xml:lang="en" lang="en">
 <head>
  <title>
</title>
<meta http-equiv="Content-Type" content="text/html;charset=utf-8" />
  <meta name='ocr-system' content='tesseract 3.04.00' />
  <meta name='ocr-capabilities' content='ocr_page ocr_carea ocr_par ocr_line ocrx_word'/>
</head>
<body>
  <div class='ocr_page' id='page_1' title='image "./operaomniastudio06lupuuoft/operaomniastudio06lupuuoft_0172.png"; bbox 0 0 2372 3756; ppageno 0'>
   <div class='ocr_carea' id='block_1_1' title="bbox 142 2836 275 2919">
    <p class='ocr_par' dir='ltr' id='par_1_1' title="bbox 142 2836 275 2919">
     <span class='ocr_line' id='line_1_1' title="bbox 142 2836 275 2872; baseline -0.023 0"><span class='ocrx_word' id='word_1_1' title='bbox 142 2836 208 2872; x_wconf 61' lang='lat' dir='ltr'>&#39;nb-</span> <span class='ocrx_word' id='word_1_2' title='bbox 230 2853 275 2872; x_wconf 64' lang='grc' dir='ltr'>ω.</span> 
     </span>
     <span class='ocr_line' id='line_1_2' title="bbox 147 2891 241 2919; baseline -0.011 -7"><span class='ocrx_word' id='word_1_3' title='bbox 147 2891 175 2912; x_wconf 89' lang='lat' dir='ltr'>c.</span> <span class='ocrx_word' id='word_1_4' title='bbox 198 2892 241 2919; x_wconf 63' lang='grc' dir='ltr'>ις.</span> 
     </span>
    </p>
   </div>
   <div class='ocr_carea' id='block_1_2' title="bbox 383 136 477 174">
    <p class='ocr_par' dir='ltr' id='par_1_2' title="bbox 383 136 477 174">
     <span class='ocr_line' id='line_1_3' title="bbox 383 136 477 174; baseline -0.021 -1"><span class='ocrx_word' id='word_1_5' title='bbox 383 136 477 174; x_wconf 82' lang='lat'>162</span> 
     </span>
    </p>
   </div>
   <div class='ocr_carea' id='block_1_3' title="bbox 306 207 1187 761">
    <p class='ocr_par' dir='ltr' id='par_1_3' title="bbox 306 207 1187 761">
     <span class='ocr_line' id='line_1_4' title="bbox 309 207 1184 253; baseline -0.006 -8"><span class='ocrx_word' id='word_1_6' title='bbox 309 212 452 253; x_wconf 60' lang='lat' dir='ltr'>quomoda</span> <span class='ocrx_word' id='word_1_7' title='bbox 462 210 528 253; x_wconf 72' lang='lat' dir='ltr'>fieri</span> <span class='ocrx_word' id='word_1_8' title='bbox 534 210 615 253; x_wconf 83' lang='lat' dir='ltr'>poffit</span> <span class='ocrx_word' id='word_1_9' title='bbox 627 214 660 244; x_wconf 76' lang='lat' dir='ltr'>in</span> <span class='ocrx_word' id='word_1_10' title='bbox 673 210 786 244; x_wconf 71' lang='lat' dir='ltr'>bomine</span> <span class='ocrx_word' id='word_1_11' title='bbox 798 233 809 249; x_wconf 90' lang='lat'><strong>,</strong></span> <span class='ocrx_word' id='word_1_12' title='bbox 828 215 893 253; x_wconf 84' lang='lat' dir='ltr'>quis</span> <span class='ocrx_word' id='word_1_13' title='bbox 901 209 1048 251; x_wconf 79' lang='lat' dir='ltr'>intelligat</span> <span class='ocrx_word' id='word_1_14' title='bbox 1063 208 1076 240; x_wconf 83' lang='lat'>?</span> <span class='ocrx_word' id='word_1_15' title='bbox 1102 207 1184 248; x_wconf 52' lang='lat' dir='ltr'>,Quis</span> 
     </span>
     <span class='ocr_line' id='line_1_5' title="bbox 310 257 1186 303; baseline -0.01 -9"><span class='ocrx_word' id='word_1_16' title='bbox 310 266 390 294; x_wconf 83' lang='lat' dir='ltr'>enim</span> <span class='ocrx_word' id='word_1_17' title='bbox 410 269 551 303; x_wconf 84' lang='lat' dir='ltr'>portatur</span> <span class='ocrx_word' id='word_1_18' title='bbox 570 267 602 294; x_wconf 75' lang='lat' dir='ltr'>in</span> <span class='ocrx_word' id='word_1_19' title='bbox 618 260 683 303; x_wconf 78' lang='lat' dir='ltr'>suis</span> <span class='ocrx_word' id='word_1_20' title='bbox 704 260 869 293; x_wconf 68' lang='lat' dir='ltr'>manilius?</span> <span class='ocrx_word' id='word_1_21' title='bbox 895 258 1038 291; x_wconf 79' lang='lat' dir='ltr'><em>Manibus</em></span> <span class='ocrx_word' id='word_1_22' title='bbox 1060 257 1186 289; x_wconf 82' lang='lat' dir='ltr'>aliorum</span> 
     </span>
     <span class='ocr_line' id='line_1_6' title="bbox 306 309 1182 353; baseline -0.009 -10"><span class='ocrx_word' id='word_1_23' title='bbox 306 311 399 353; x_wconf 83' lang='lat' dir='ltr'>potest</span> <span class='ocrx_word' id='word_1_24' title='bbox 416 318 537 353; x_wconf 78' lang='lat' dir='ltr'>portari</span> <span class='ocrx_word' id='word_1_25' title='bbox 556 311 658 353; x_wconf 83' lang='lat' dir='ltr'>homo,</span> <span class='ocrx_word' id='word_1_26' title='bbox 682 312 821 343; x_wconf 82' lang='lat' dir='ltr'>manibus</span> <span class='ocrx_word' id='word_1_27' title='bbox 839 309 904 352; x_wconf 72' lang='lat' dir='ltr'>suls</span> <span class='ocrx_word' id='word_1_28' title='bbox 926 319 1009 341; x_wconf 88' lang='lat' dir='ltr'>nemo</span> <span class='ocrx_word' id='word_1_29' title='bbox 1024 315 1182 349; x_wconf 84' lang='lat' dir='ltr'>portatur.</span> 
     </span>
     <span class='ocr_line' id='line_1_7' title="bbox 310 357 1187 406; baseline -0.01 -11"><span class='ocrx_word' id='word_1_30' title='bbox 310 363 466 403; x_wconf 59' lang='lat' dir='ltr'>,Quomodo</span> <span class='ocrx_word' id='word_1_31' title='bbox 475 362 655 406; x_wconf 70' lang='lat' dir='ltr'>intelligatur</span> <span class='ocrx_word' id='word_1_32' title='bbox 663 366 696 394; x_wconf 70' lang='lat' dir='ltr'>in</span> <span class='ocrx_word' id='word_1_33' title='bbox 706 360 769 404; x_wconf 86' lang='lat' dir='ltr'>ipso</span> <span class='ocrx_word' id='word_1_34' title='bbox 796 361 906 392; x_wconf 78' lang='lat' dir='ltr'>David</span> <span class='ocrx_word' id='word_1_35' title='bbox 918 357 1080 400; x_wconf 59' lang='lat' dir='ltr'>‚secundum</span> <span class='ocrx_word' id='word_1_36' title='bbox 1104 357 1187 388; x_wconf 80' lang='lat' dir='ltr'>litte·</span> 
     </span>
     <span class='ocr_line' id='line_1_8' title="bbox 309 408 1186 455; baseline -0.016 -7"><span class='ocrx_word' id='word_1_37' title='bbox 309 427 378 448; x_wconf 78' lang='lat' dir='ltr'>ram</span> <span class='ocrx_word' id='word_1_38' title='bbox 388 438 400 455; x_wconf 93' lang='lat'>,</span> <span class='ocrx_word' id='word_1_39' title='bbox 424 424 485 447; x_wconf 83' lang='lat' dir='ltr'>non</span> <span class='ocrx_word' id='word_1_40' title='bbox 494 418 667 447; x_wconf 71' lang='lat' dir='ltr'>invenimus</span> <span class='ocrx_word' id='word_1_41' title='bbox 677 423 691 452; x_wconf 86' lang='lat'><em>;</em></span> <span class='ocrx_word' id='word_1_42' title='bbox 715 416 750 444; x_wconf 82' lang='lat' dir='ltr'>in</span> <span class='ocrx_word' id='word_1_43' title='bbox 761 408 876 446; x_wconf 74' lang='lat' dir='ltr'>cbristo</span> <span class='ocrx_word' id='word_1_44' title='bbox 886 415 984 441; x_wconf 81' lang='lat' dir='ltr'>autem</span> <span class='ocrx_word' id='word_1_45' title='bbox 994 411 1165 440; x_wconf 80' lang='lat' dir='ltr'>invenimus</span> <span class='ocrx_word' id='word_1_46' title='bbox 1178 426 1186 434; x_wconf 86' lang='lat'><strong><em>.</em></strong></span> 
     </span>
     <span class='ocr_line' id='line_1_9' title="bbox 311 454 1187 504; baseline -0.023 0"><span class='ocrx_word' id='word_1_47' title='bbox 311 464 474 504; x_wconf 72' lang='lat' dir='ltr'><em>Ferebatur</em></span> <span class='ocrx_word' id='word_1_48' title='bbox 483 459 563 501; x_wconf 72' lang='lat' dir='ltr'>enim</span> <span class='ocrx_word' id='word_1_49' title='bbox 584 462 721 503; x_wconf 72' lang='lat' dir='ltr'>cbristus</span> <span class='ocrx_word' id='word_1_50' title='bbox 743 467 777 492; x_wconf 82' lang='lat' dir='ltr'>in</span> <span class='ocrx_word' id='word_1_51' title='bbox 798 458 935 491; x_wconf 81' lang='lat' dir='ltr'>manibus</span> <span class='ocrx_word' id='word_1_52' title='bbox 952 455 1019 501; x_wconf 82' lang='lat' dir='ltr'>suis</span> <span class='ocrx_word' id='word_1_53' title='bbox 1031 480 1041 495; x_wconf 87' lang='lat'>‚</span> <span class='ocrx_word' id='word_1_54' title='bbox 1064 454 1187 497; x_wconf 82' lang='lat' dir='ltr'>quando</span> 
     </span>
     <span class='ocr_line' id='line_1_10' title="bbox 308 502 1186 560; baseline -0.022 -7"><span class='ocrx_word' id='word_1_55' title='bbox 308 520 460 553; x_wconf 84' lang='lat' dir='ltr'>comedens</span> <span class='ocrx_word' id='word_1_56' title='bbox 486 514 580 560; x_wconf 75' lang='lat' dir='ltr'>ipfiim</span> <span class='ocrx_word' id='word_1_57' title='bbox 605 521 708 553; x_wconf 77' lang='lat' dir='ltr'>corpus</span> <span class='ocrx_word' id='word_1_58' title='bbox 726 509 813 551; x_wconf 86' lang='lat' dir='ltr'>suum</span> <span class='ocrx_word' id='word_1_59' title='bbox 837 514 884 541; x_wconf 83' lang='lat' dir='ltr'>ait</span> <span class='ocrx_word' id='word_1_60' title='bbox 909 519 917 538; x_wconf 74' lang='grc' dir='ltr'><strong><em>ι</em></strong></span> <span class='ocrx_word' id='word_1_61' title='bbox 949 506 1060 542; x_wconf 79' lang='lat' dir='ltr'>‘HOC</span> <span class='ocrx_word' id='word_1_62' title='bbox 1096 502 1186 536; x_wconf 88' lang='lat' dir='ltr'>EST</span> 
     </span>
     <span class='ocr_line' id='line_1_11' title="bbox 311 556 1186 605; baseline -0.024 1"><span class='ocrx_word' id='word_1_63' title='bbox 311 567 506 605; x_wconf 82' lang='lat' dir='ltr'><strong>CORPUS</strong></span> <span class='ocrx_word' id='word_1_64' title='bbox 530 562 707 598; x_wconf 82' lang='lat' dir='ltr'><strong>MEUM.</strong></span> <span class='ocrx_word' id='word_1_65' title='bbox 736 558 867 592; x_wconf 80' lang='lat' dir='ltr'>Ferebat</span> <span class='ocrx_word' id='word_1_66' title='bbox 886 563 966 590; x_wconf 79' lang='lat' dir='ltr'>enim</span> <span class='ocrx_word' id='word_1_67' title='bbox 986 556 1063 589; x_wconf 79' lang='lat' dir='ltr'>illud</span> <span class='ocrx_word' id='word_1_68' title='bbox 1084 562 1186 594; x_wconf 82' lang='lat' dir='ltr'>corpus</span> 
     </span>
     <span class='ocr_line' id='line_1_12' title="bbox 311 605 1187 659; baseline -0.024 -5"><span class='ocrx_word' id='word_1_69' title='bbox 311 627 344 654; x_wconf 73' lang='lat' dir='ltr'>in</span> <span class='ocrx_word' id='word_1_70' title='bbox 353 619 492 653; x_wconf 78' lang='lat' dir='ltr'>manibus</span> <span class='ocrx_word' id='word_1_71' title='bbox 498 614 578 659; x_wconf 80' lang='lat' dir='ltr'>suis.</span> <span class='ocrx_word' id='word_1_72' title='bbox 613 612 656 645; x_wconf 86' lang='lat' dir='ltr'>Et</span> <span class='ocrx_word' id='word_1_73' title='bbox 679 611 782 643; x_wconf 65' lang='lat' dir='ltr'>infra:</span> <span class='ocrx_word' id='word_1_74' title='bbox 811 610 962 651; x_wconf 70' lang='lat' dir='ltr'>,Quomodci</span> <span class='ocrx_word' id='word_1_75' title='bbox 974 605 1131 648; x_wconf 79' lang='lat' dir='ltr'>ferebatur</span> <span class='ocrx_word' id='word_1_76' title='bbox 1154 607 1187 634; x_wconf 77' lang='lat' dir='ltr'>in</span> 
     </span>
     <span class='ocr_line' id='line_1_13' title="bbox 310 651 1187 708; baseline -0.022 -4"><span class='ocrx_word' id='word_1_77' title='bbox 310 669 448 704; x_wconf 85' lang='lat' dir='ltr'>manibus</span> <span class='ocrx_word' id='word_1_78' title='bbox 465 664 529 708; x_wconf 81' lang='lat' dir='ltr'>suis</span> <span class='ocrx_word' id='word_1_79' title='bbox 543 664 560 695; x_wconf 73' lang='lat'>,2</span> <span class='ocrx_word' id='word_1_80' title='bbox 587 664 672 705; x_wconf 75' lang='lat' dir='ltr'>,Quia</span> <span class='ocrx_word' id='word_1_81' title='bbox 683 672 749 693; x_wconf 89' lang='lat' dir='ltr'>cum</span> <span class='ocrx_word' id='word_1_82' title='bbox 769 659 965 691; x_wconf 79' lang='lat' dir='ltr'><em>manducaret</em></span> <span class='ocrx_word' id='word_1_83' title='bbox 986 653 1083 697; x_wconf 82' lang='lat' dir='ltr'>ipsum</span> <span class='ocrx_word' id='word_1_84' title='bbox 1098 651 1187 696; x_wconf 85' lang='lat' dir='ltr'>suum</span> 
     </span>
     <span class='ocr_line' id='line_1_14' title="bbox 309 701 1185 761; baseline -0.021 -8"><span class='ocrx_word' id='word_1_85' title='bbox 309 729 411 761; x_wconf 82' lang='lat' dir='ltr'>corpus</span> <span class='ocrx_word' id='word_1_86' title='bbox 422 714 638 759; x_wconf 75' lang='lat' dir='ltr'>&amp;sanguinem</span> <span class='ocrx_word' id='word_1_87' title='bbox 651 709 762 755; x_wconf 85' lang='lat' dir='ltr'>suum,</span> <span class='ocrx_word' id='word_1_88' title='bbox 788 714 897 749; x_wconf 80' lang='lat' dir='ltr'>accepit</span> <span class='ocrx_word' id='word_1_89' title='bbox 917 713 951 740; x_wconf 78' lang='lat' dir='ltr'>tn</span> <span class='ocrx_word' id='word_1_90' title='bbox 978 715 1086 738; x_wconf 86' lang='lat' dir='ltr'>manus</span> <span class='ocrx_word' id='word_1_91' title='bbox 1111 701 1185 746; x_wconf 74' lang='lat' dir='ltr'>ficas</span> 
     </span>
    </p>
   </div>
   <div class='ocr_carea' id='block_1_4' title="bbox 307 754 1186 857">
    <p class='ocr_par' dir='ltr' id='par_1_4' title="bbox 307 754 1186 857">
     <span class='ocr_line' id='line_1_15' title="bbox 308 754 1186 813; baseline -0.022 -11"><span class='ocrx_word' id='word_1_92' title='bbox 308 769 387 813; x_wconf 75' lang='lat' dir='ltr'>‘quod</span> <span class='ocrx_word' id='word_1_93' title='bbox 407 775 514 799; x_wconf 85' lang='lat' dir='ltr'>norunt</span> <span class='ocrx_word' id='word_1_94' title='bbox 534 761 656 803; x_wconf 76' lang='lat' dir='ltr'>fideles,</span> <span class='ocrx_word' id='word_1_95' title='bbox 691 762 726 794; x_wconf 57' lang='grc' dir='ltr'>(ν</span> <span class='ocrx_word' id='word_1_96' title='bbox 755 757 816 801; x_wconf 69' lang='lat' dir='ltr'>ipsi:</span> <span class='ocrx_word' id='word_1_97' title='bbox 839 756 870 800; x_wconf 80' lang='lat' dir='ltr'>sc</span> <span class='ocrx_word' id='word_1_98' title='bbox 891 756 1034 798; x_wconf 82' lang='lat' dir='ltr'>portabat</span> <span class='ocrx_word' id='word_1_99' title='bbox 1057 754 1186 796; x_wconf 81' lang='lat' dir='ltr'>quodam</span> 
     </span>
     <span class='ocr_line' id='line_1_16' title="bbox 307 803 1186 857; baseline -0.016 -6"><span class='ocrx_word' id='word_1_100' title='bbox 307 818 390 851; x_wconf 85' lang='lat' dir='ltr'>modo</span> <span class='ocrx_word' id='word_1_101' title='bbox 412 841 422 857; x_wconf 88' lang='lat'>,</span> <span class='ocrx_word' id='word_1_102' title='bbox 456 827 521 849; x_wconf 87' lang='lat' dir='ltr'>cum</span> <span class='ocrx_word' id='word_1_103' title='bbox 556 814 695 846; x_wconf 78' lang='lat' dir='ltr'>diceret:</span> <span class='ocrx_word' id='word_1_104' title='bbox 722 809 827 844; x_wconf 90' lang='lat' dir='ltr'>HOC</span> <span class='ocrx_word' id='word_1_105' title='bbox 864 806 954 840; x_wconf 85' lang='lat' dir='ltr'>EST</span> <span class='ocrx_word' id='word_1_106' title='bbox 991 803 1186 840; x_wconf 84' lang='lat' dir='ltr'>CORPUS</span> 
     </span>
    </p>
   </div>
   <div class='ocr_carea' id='block_1_5' title="bbox 300 856 1186 1661">
    <p class='ocr_par' dir='ltr' id='par_1_5' title="bbox 300 856 1186 1661">
     <span class='ocr_line' id='line_1_17' title="bbox 307 856 1186 903; baseline -0.019 0"><span class='ocrx_word' id='word_1_107' title='bbox 307 867 487 903; x_wconf 72' lang='lat' dir='ltr'>MEUM.</span> <span class='ocrx_word' id='word_1_108' title='bbox 516 865 558 898; x_wconf 88' lang='lat' dir='ltr'>Et</span> <span class='ocrx_word' id='word_1_109' title='bbox 579 858 696 896; x_wconf 82' lang='lat' dir='ltr'>iterum</span> <span class='ocrx_word' id='word_1_110' title='bbox 718 874 726 893; x_wconf 90' lang='lat'>:</span> <span class='ocrx_word' id='word_1_111' title='bbox 755 860 863 900; x_wconf 61' lang='lat' dir='ltr'>Aperte</span> <span class='ocrx_word' id='word_1_112' title='bbox 885 857 968 889; x_wconf 72' lang='lat' dir='ltr'>modi</span> <span class='ocrx_word' id='word_1_113' title='bbox 994 857 1062 889; x_wconf 81' lang='lat' dir='ltr'>vult</span> <span class='ocrx_word' id='word_1_114' title='bbox 1089 856 1186 887; x_wconf 78' lang='lat' dir='ltr'>dicere</span> 
     </span>
     <span class='ocr_line' id='line_1_18' title="bbox 306 904 1182 962; baseline -0.019 -10"><span class='ocrx_word' id='word_1_115' title='bbox 306 917 417 962; x_wconf 75' lang='lat' dir='ltr'>deipfh</span> <span class='ocrx_word' id='word_1_116' title='bbox 427 920 633 954; x_wconf 83' lang='lat' dir='ltr'>sacramento,</span> <span class='ocrx_word' id='word_1_117' title='bbox 658 923 715 954; x_wconf 83' lang='lat' dir='ltr'>quo</span> <span class='ocrx_word' id='word_1_118' title='bbox 729 909 885 952; x_wconf 83' lang='lat' dir='ltr'>ferebatur</span> <span class='ocrx_word' id='word_1_119' title='bbox 908 915 942 940; x_wconf 83' lang='lat' dir='ltr'>in</span> <span class='ocrx_word' id='word_1_120' title='bbox 952 906 1091 939; x_wconf 83' lang='lat' dir='ltr'>manibus</span> <span class='ocrx_word' id='word_1_121' title='bbox 1097 904 1182 947; x_wconf 71' lang='lat' dir='ltr'>suis.</span> 
     </span>
     <span class='ocr_line' id='line_1_19' title="bbox 307 954 1183 1017; baseline -0.019 -13"><span class='ocrx_word' id='word_1_122' title='bbox 307 971 420 1017; x_wconf 82' lang='lat' dir='ltr'>Qem</span> <span class='ocrx_word' id='word_1_123' title='bbox 455 960 724 999; x_wconf 85' lang='lat' dir='ltr'>commentarium</span> <span class='ocrx_word' id='word_1_124' title='bbox 757 960 872 1003; x_wconf 85' lang='lat' dir='ltr'>probat</span> <span class='ocrx_word' id='word_1_125' title='bbox 900 970 937 991; x_wconf 85' lang='lat' dir='ltr'>ac</span> <span class='ocrx_word' id='word_1_126' title='bbox 964 959 1072 990; x_wconf 83' lang='lat' dir='ltr'>firmat</span> <span class='ocrx_word' id='word_1_127' title='bbox 1098 954 1183 997; x_wconf 82' lang='lat' dir='ltr'>apud</span> 
     </span>
     <span class='ocr_line' id='line_1_20' title="bbox 307 1005 1183 1057; baseline -0.017 -4"><span class='ocrx_word' id='word_1_128' title='bbox 307 1015 459 1053; x_wconf 49' lang='lat' dir='ltr'>&#39;santium</span> <span class='ocrx_word' id='word_1_129' title='bbox 482 1016 676 1057; x_wconf 86' lang='lat' dir='ltr'>Prosperum</span> <span class='ocrx_word' id='word_1_130' title='bbox 697 1011 821 1046; x_wconf 72' lang='lat' dir='ltr'>Auster</span> <span class='ocrx_word' id='word_1_131' title='bbox 843 1009 1001 1042; x_wconf 88' lang='lat' dir='ltr'>librorum</span> <span class='ocrx_word' id='word_1_132' title='bbox 1022 1005 1064 1040; x_wconf 90' lang='lat' dir='ltr'>de</span> <span class='ocrx_word' id='word_1_133' title='bbox 1088 1005 1183 1039; x_wconf 89' lang='lat' dir='ltr'>Divi·</span> 
     </span>
     <span class='ocr_line' id='line_1_21' title="bbox 304 1056 1182 1112; baseline -0.016 -10"><span class='ocrx_word' id='word_1_134' title='bbox 304 1070 356 1102; x_wconf 75' lang='lat' dir='ltr'>nis</span> <span class='ocrx_word' id='word_1_135' title='bbox 381 1064 647 1112; x_wconf 76' lang='lat' dir='ltr'>pomiffionibus</span> <span class='ocrx_word' id='word_1_136' title='bbox 667 1088 675 1095; x_wconf 93' lang='lat'><em>.</em></span> <span class='ocrx_word' id='word_1_137' title='bbox 716 1059 880 1094; x_wconf 88' lang='lat' dir='ltr'>Notauda&#39;</span> <span class='ocrx_word' id='word_1_138' title='bbox 901 1059 974 1091; x_wconf 89' lang='lat' dir='ltr'>sunt</span> <span class='ocrx_word' id='word_1_139' title='bbox 1002 1056 1182 1100; x_wconf 79' lang='lat' dir='ltr'>Augustini</span> 
     </span>
     <span class='ocr_line' id='line_1_22' title="bbox 307 1106 1181 1157; baseline -0.015 -6"><span class='ocrx_word' id='word_1_140' title='bbox 307 1118 403 1153; x_wconf 76' lang='lat' dir='ltr'>verba</span> <span class='ocrx_word' id='word_1_141' title='bbox 420 1132 431 1151; x_wconf 87' lang='lat'>.·</span> <span class='ocrx_word' id='word_1_142' title='bbox 459 1117 672 1157; x_wconf 80' lang='lat' dir='ltr'>Illudcorpus.</span> <span class='ocrx_word' id='word_1_143' title='bbox 701 1111 835 1155; x_wconf 89' lang='lat' dir='ltr'>Utique</span> <span class='ocrx_word' id='word_1_144' title='bbox 848 1107 1067 1150; x_wconf 87' lang='lat' dir='ltr'>illudipsum,</span> <span class='ocrx_word' id='word_1_145' title='bbox 1094 1106 1181 1149; x_wconf 86' lang='lat' dir='ltr'>quod</span> 
     </span>
     <span class='ocr_line' id='line_1_23' title="bbox 304 1158 1180 1212; baseline -0.018 -9"><span class='ocrx_word' id='word_1_146' title='bbox 304 1168 454 1212; x_wconf 62' lang='lat' dir='ltr'>portabit</span> <span class='ocrx_word' id='word_1_147' title='bbox 478 1192 486 1200; x_wconf 91' lang='lat'>.</span> <span class='ocrx_word' id='word_1_148' title='bbox 513 1165 587 1200; x_wconf 89' lang='lat' dir='ltr'>Nec</span> <span class='ocrx_word' id='word_1_149' title='bbox 613 1163 733 1198; x_wconf 86' lang='lat' dir='ltr'>obsunt</span> <span class='ocrx_word' id='word_1_150' title='bbox 759 1160 854 1196; x_wconf 87' lang='lat' dir='ltr'>verba</span> <span class='ocrx_word' id='word_1_151' title='bbox 875 1173 886 1192; x_wconf 87' lang='lat'>.·</span> <span class='ocrx_word' id='word_1_152' title='bbox 912 1159 1054 1202; x_wconf 81' lang='lat' dir='ltr'>‚Quodam</span> <span class='ocrx_word' id='word_1_153' title='bbox 1080 1158 1180 1189; x_wconf 84' lang='lat' dir='ltr'>modo.</span> 
     </span>
     <span class='ocr_line' id='line_1_24' title="bbox 305 1205 1183 1253; baseline -0.016 1"><span class='ocrx_word' id='word_1_154' title='bbox 305 1220 432 1253; x_wconf 76' lang='lat' dir='ltr'>Revera</span> <span class='ocrx_word' id='word_1_155' title='bbox 454 1217 547 1250; x_wconf 89' lang='lat' dir='ltr'>enim</span> <span class='ocrx_word' id='word_1_156' title='bbox 568 1225 636 1250; x_wconf 84' lang='lat' dir='ltr'>erat</span> <span class='ocrx_word' id='word_1_157' title='bbox 661 1224 796 1247; x_wconf 83' lang='lat' dir='ltr'>arcanus</span> <span class='ocrx_word' id='word_1_158' title='bbox 819 1223 856 1244; x_wconf 88' lang='lat' dir='ltr'>ac</span> <span class='ocrx_word' id='word_1_159' title='bbox 876 1205 1183 1251; x_wconf 71' lang='lat' dir='ltr'>incomprehensibi-</span> 
     </span>
     <span class='ocr_line' id='line_1_25' title="bbox 304 1259 1182 1309; baseline -0.017 -7"><span class='ocrx_word' id='word_1_160' title='bbox 304 1269 343 1303; x_wconf 89' lang='lat' dir='ltr'>lis</span> <span class='ocrx_word' id='word_1_161' title='bbox 357 1268 476 1303; x_wconf 77' lang='lat' dir='ltr'>modus</span> <span class='ocrx_word' id='word_1_162' title='bbox 486 1293 496 1307; x_wconf 94' lang='lat'>,</span> <span class='ocrx_word' id='word_1_163' title='bbox 521 1266 562 1300; x_wconf 85' lang='lat' dir='ltr'>de</span> <span class='ocrx_word' id='word_1_164' title='bbox 574 1277 642 1309; x_wconf 86' lang='lat' dir='ltr'>quo</span> <span class='ocrx_word' id='word_1_165' title='bbox 653 1264 734 1297; x_wconf 91' lang='lat' dir='ltr'>olim</span> <span class='ocrx_word' id='word_1_166' title='bbox 747 1263 901 1295; x_wconf 76' lang='lat' dir='ltr'>dixerunt</span> <span class='ocrx_word' id='word_1_167' title='bbox 914 1260 1012 1293; x_wconf 77' lang='lat' dir='ltr'>etiam</span> <span class='ocrx_word' id='word_1_168' title='bbox 1026 1259 1182 1301; x_wconf 87' lang='lat' dir='ltr'>Berenga-</span> 
     </span>
     <span class='ocr_line' id='line_1_26' title="bbox 304 1308 1183 1353; baseline -0.018 0"><span class='ocrx_word' id='word_1_169' title='bbox 304 1319 516 1353; x_wconf 87' lang='lat' dir='ltr'>rianorum&amp;</span> <span class='ocrx_word' id='word_1_170' title='bbox 540 1315 791 1349; x_wconf 85' lang='lat' dir='ltr'>Calvinistarum</span> <span class='ocrx_word' id='word_1_171' title='bbox 819 1310 1004 1352; x_wconf 79' lang='lat' dir='ltr'>Principes:</span> <span class='ocrx_word' id='word_1_172' title='bbox 1032 1308 1183 1350; x_wconf 75' lang='lat' dir='ltr'>‚Quomodo</span> 
     </span>
     <span class='ocr_line' id='line_1_27' title="bbox 301 1357 1181 1412; baseline -0.016 -10"><span class='ocrx_word' id='word_1_173' title='bbox 301 1370 392 1412; x_wconf 70' lang='lat' dir='ltr'>potes}</span> <span class='ocrx_word' id='word_1_174' title='bbox 402 1379 522 1403; x_wconf 85' lang='lat' dir='ltr'>carnem</span> <span class='ocrx_word' id='word_1_175' title='bbox 529 1365 616 1410; x_wconf 81' lang='lat' dir='ltr'>suam</span> <span class='ocrx_word' id='word_1_176' title='bbox 630 1366 701 1398; x_wconf 79' lang='lat' dir='ltr'>dare</span> <span class='ocrx_word' id='word_1_177' title='bbox 714 1363 753 1395; x_wconf 81' lang='lat' dir='ltr'>ad</span> <span class='ocrx_word' id='word_1_178' title='bbox 777 1360 1019 1393; x_wconf 76' lang='lat' dir='ltr'>manducandum</span> <span class='ocrx_word' id='word_1_179' title='bbox 1036 1359 1049 1390; x_wconf 86' lang='lat'>?</span> <span class='ocrx_word' id='word_1_180' title='bbox 1076 1357 1181 1390; x_wconf 85' lang='lat' dir='ltr'>Tene-</span> 
     </span>
     <span class='ocr_line' id='line_1_28' title="bbox 307 1410 1030 1454; baseline -0.021 0"><span class='ocrx_word' id='word_1_181' title='bbox 307 1420 403 1454; x_wconf 82' lang='lat' dir='ltr'>brofis</span> <span class='ocrx_word' id='word_1_182' title='bbox 414 1418 580 1453; x_wconf 85' lang='lat' dir='ltr'>mentibus</span> <span class='ocrx_word' id='word_1_183' title='bbox 593 1415 719 1448; x_wconf 82' lang='lat' dir='ltr'>videtur</span> <span class='ocrx_word' id='word_1_184' title='bbox 730 1412 857 1445; x_wconf 86' lang='lat' dir='ltr'>insania</span> <span class='ocrx_word' id='word_1_185' title='bbox 872 1420 912 1442; x_wconf 86' lang='lat' dir='ltr'>ac</span> <span class='ocrx_word' id='word_1_186' title='bbox 924 1410 1030 1442; x_wconf 85' lang='lat' dir='ltr'>furor.</span> 
     </span>
     <span class='ocr_line' id='line_1_29' title="bbox 357 1456 1182 1503; baseline -0.019 1"><span class='ocrx_word' id='word_1_187' title='bbox 357 1469 516 1503; x_wconf 86' lang='lat' dir='ltr'>Eamdem</span> <span class='ocrx_word' id='word_1_188' title='bbox 529 1466 696 1499; x_wconf 86' lang='lat' dir='ltr'>veritatem</span> <span class='ocrx_word' id='word_1_189' title='bbox 712 1461 810 1496; x_wconf 85' lang='lat' dir='ltr'>tradit</span> <span class='ocrx_word' id='word_1_190' title='bbox 821 1460 954 1494; x_wconf 66' lang='lat' dir='ltr'>Sanetus</span> <span class='ocrx_word' id='word_1_191' title='bbox 977 1456 1182 1500; x_wconf 76' lang='lat' dir='ltr'>Augustinus</span> 
     </span>
     <span class='ocr_line' id='line_1_30' title="bbox 303 1506 1183 1556; baseline -0.016 -3"><span class='ocrx_word' id='word_1_192' title='bbox 303 1520 336 1553; x_wconf 89' lang='lat' dir='ltr'>in</span> <span class='ocrx_word' id='word_1_193' title='bbox 350 1516 592 1553; x_wconf 80' lang='lat' dir='ltr'>commentario</span> <span class='ocrx_word' id='word_1_194' title='bbox 604 1512 749 1556; x_wconf 76' lang='lat' dir='ltr'>vigesimi</span> <span class='ocrx_word' id='word_1_195' title='bbox 765 1511 859 1554; x_wconf 87' lang='lat' dir='ltr'>primi</span> <span class='ocrx_word' id='word_1_196' title='bbox 872 1506 1001 1542; x_wconf 81' lang='lat' dir='ltr'>Psalmi.</span> <span class='ocrx_word' id='word_1_197' title='bbox 1027 1507 1107 1540; x_wconf 76' lang='lat' dir='ltr'>Haec</span> <span class='ocrx_word' id='word_1_198' title='bbox 1118 1517 1183 1540; x_wconf 86' lang='lat' dir='ltr'>ver·</span> 
     </span>
     <span class='ocr_line' id='line_1_31' title="bbox 305 1558 1181 1609; baseline -0.016 -6"><span class='ocrx_word' id='word_1_199' title='bbox 305 1570 344 1603; x_wconf 87' lang='lat' dir='ltr'>ba</span> <span class='ocrx_word' id='word_1_200' title='bbox 359 1594 369 1609; x_wconf 89' lang='lat'>,</span> <span class='ocrx_word' id='word_1_201' title='bbox 397 1569 659 1600; x_wconf 80' lang='lat' dir='ltr'>Manducaverum</span> <span class='ocrx_word' id='word_1_202' title='bbox 673 1563 922 1597; x_wconf 73' lang='lat' dir='ltr'>&amp;adoraverunt</span> <span class='ocrx_word' id='word_1_203' title='bbox 944 1569 1046 1591; x_wconf 79' lang='lat' dir='ltr'>omncs</span> <span class='ocrx_word' id='word_1_204' title='bbox 1068 1558 1181 1590; x_wconf 74' lang='lat' dir='ltr'>divites</span> 
     </span>
     <span class='ocr_line' id='line_1_32' title="bbox 300 1607 1182 1661; baseline -0.016 -8"><span class='ocrx_word' id='word_1_205' title='bbox 300 1632 411 1657; x_wconf 83' lang='lat' dir='ltr'>terrae,</span> <span class='ocrx_word' id='word_1_206' title='bbox 437 1617 575 1661; x_wconf 80' lang='lat' dir='ltr'>exponit</span> <span class='ocrx_word' id='word_1_207' title='bbox 592 1629 604 1648; x_wconf 83' lang='lat'>.·</span> <span class='ocrx_word' id='word_1_208' title='bbox 634 1613 893 1647; x_wconf 73' lang='lat' dir='ltr'>manducaverunt</span> <span class='ocrx_word' id='word_1_209' title='bbox 903 1618 1008 1651; x_wconf 83' lang='lat' dir='ltr'>corpus</span> <span class='ocrx_word' id='word_1_210' title='bbox 1029 1607 1182 1647; x_wconf 81' lang='lat' dir='ltr'>humilita-</span> 
     </span>
    </p>
   </div>
   <div class='ocr_carea' id='block_1_6' title="bbox 897 122 1539 169">
    <p class='ocr_par' dir='ltr' id='par_1_6' title="bbox 897 122 1539 169">
     <span class='ocr_line' id='line_1_33' title="bbox 897 122 1539 169; baseline -0.005 1"><span class='ocrx_word' id='word_1_211' title='bbox 897 122 1539 169; x_wconf 59' lang='lat' dir='ltr'>Disseurnr1o</span> 
     </span>
    </p>
   </div>
   <div class='ocr_carea' id='block_1_7' title="bbox 1246 204 2125 1152">
    <p class='ocr_par' dir='ltr' id='par_1_7' title="bbox 1246 204 2125 1152">
     <span class='ocr_line' id='line_1_34' title="bbox 1251 204 2124 254; baseline 0.013 -16"><span class='ocrx_word' id='word_1_212' title='bbox 1251 216 1313 238; x_wconf 84' lang='lat' dir='ltr'>cem</span> <span class='ocrx_word' id='word_1_213' title='bbox 1335 204 1462 244; x_wconf 82' lang='lat' dir='ltr'>nostrum</span> <span class='ocrx_word' id='word_1_214' title='bbox 1476 229 1486 244; x_wconf 94' lang='lat'><em>‚</em></span> <span class='ocrx_word' id='word_1_215' title='bbox 1512 204 1547 239; x_wconf 71' lang='lat'>&amp;⁵</span> <span class='ocrx_word' id='word_1_216' title='bbox 1562 214 1670 247; x_wconf 83' lang='lat' dir='ltr'>parem</span> <span class='ocrx_word' id='word_1_217' title='bbox 1689 210 1856 252; x_wconf 69' lang='lat' dir='ltr'>religionem</span> <span class='ocrx_word' id='word_1_218' title='bbox 1869 214 1945 247; x_wconf 72' lang='lat' dir='ltr'>dicis</span> <span class='ocrx_word' id='word_1_219' title='bbox 1962 238 1973 254; x_wconf 90' lang='lat'>,</span> <span class='ocrx_word' id='word_1_220' title='bbox 1997 225 2124 248; x_wconf 84' lang='lat' dir='ltr'>errorem</span> 
     </span>
     <span class='ocr_line' id='line_1_35' title="bbox 1250 255 2123 308; baseline 0.015 -23"><span class='ocrx_word' id='word_1_221' title='bbox 1250 256 1334 296; x_wconf 77' lang='lat' dir='ltr'>longe?</span> <span class='ocrx_word' id='word_1_222' title='bbox 1354 257 1376 286; x_wconf 75' lang='grc' dir='ltr'><em>ἃ</em></span> <span class='ocrx_word' id='word_1_223' title='bbox 1399 259 1531 287; x_wconf 81' lang='lat' dir='ltr'>veritate</span> <span class='ocrx_word' id='word_1_224' title='bbox 1550 255 1708 298; x_wconf 77' lang='lat' dir='ltr'>discretum</span> <span class='ocrx_word' id='word_1_225' title='bbox 1731 283 1743 299; x_wconf 95' lang='lat'>,</span> <span class='ocrx_word' id='word_1_226' title='bbox 1764 261 1854 301; x_wconf 68' lang='lat' dir='ltr'>peius</span> <span class='ocrx_word' id='word_1_227' title='bbox 1872 262 2013 304; x_wconf 60' lang='lat' dir='ltr'>desipiens</span> <span class='ocrx_word' id='word_1_228' title='bbox 2031 277 2123 308; x_wconf 85' lang='lat' dir='ltr'>quam</span> 
     </span>
     <span class='ocr_line' id='line_1_36' title="bbox 1251 306 2123 354; baseline 0.016 -19"><span class='ocrx_word' id='word_1_229' title='bbox 1251 306 1383 337; x_wconf 79' lang='lat' dir='ltr'>nonnulli</span> <span class='ocrx_word' id='word_1_230' title='bbox 1395 329 1405 345; x_wconf 81' lang='grc'>,</span> <span class='ocrx_word' id='word_1_231' title='bbox 1432 311 1481 347; x_wconf 84' lang='lat' dir='ltr'>qut</span> <span class='ocrx_word' id='word_1_232' title='bbox 1493 317 1544 338; x_wconf 81' lang='lat' dir='ltr'>nos</span> <span class='ocrx_word' id='word_1_233' title='bbox 1552 315 1674 348; x_wconf 83' lang='lat' dir='ltr'>propter</span> <span class='ocrx_word' id='word_1_234' title='bbox 1680 316 1794 350; x_wconf 83' lang='lat' dir='ltr'>panem</span> <span class='ocrx_word' id='word_1_235' title='bbox 1813 313 1848 344; x_wconf 63' lang='lat'>(5</span> <span class='ocrx_word' id='word_1_236' title='bbox 1870 313 2014 354; x_wconf 72' lang='lat' dir='ltr'>calicem,</span> <span class='ocrx_word' id='word_1_237' title='bbox 2035 320 2123 348; x_wconf 83' lang='lat' dir='ltr'>cere-</span> 
     </span>
     <span class='ocr_line' id='line_1_37' title="bbox 1250 356 2122 405; baseline 0.015 -19"><span class='ocrx_word' id='word_1_238' title='bbox 1250 365 1314 387; x_wconf 85' lang='lat' dir='ltr'>rem</span> <span class='ocrx_word' id='word_1_239' title='bbox 1340 357 1374 388; x_wconf 77' lang='lat'><em>&amp;</em></span> <span class='ocrx_word' id='word_1_240' title='bbox 1402 356 1542 388; x_wconf 78' lang='lat' dir='ltr'>Liberum</span> <span class='ocrx_word' id='word_1_241' title='bbox 1566 359 1652 390; x_wconf 84' lang='lat' dir='ltr'>colere</span> <span class='ocrx_word' id='word_1_242' title='bbox 1675 359 1846 393; x_wconf 61' lang='lat' dir='ltr'>existimant</span> <span class='ocrx_word' id='word_1_243' title='bbox 1862 386 1870 393; x_wconf 90' lang='lat'><strong>.</strong></span> <span class='ocrx_word' id='word_1_244' title='bbox 1899 360 2122 405; x_wconf 75' lang='lat' dir='ltr'>Manichaeos,</span> 
     </span>
     <span class='ocr_line' id='line_1_38' title="bbox 1250 404 2122 454; baseline 0.013 -17"><span class='ocrx_word' id='word_1_245' title='bbox 1250 404 1341 447; x_wconf 75' lang='lat' dir='ltr'>quod</span> <span class='ocrx_word' id='word_1_246' title='bbox 1353 405 1435 439; x_wconf 69' lang='lat' dir='ltr'>intra</span> <span class='ocrx_word' id='word_1_247' title='bbox 1446 407 1545 440; x_wconf 87' lang='lat' dir='ltr'>solem</span> <span class='ocrx_word' id='word_1_248' title='bbox 1557 408 1591 441; x_wconf 88' lang='lat'>&amp;</span> <span class='ocrx_word' id='word_1_249' title='bbox 1613 408 1727 443; x_wconf 85' lang='lat' dir='ltr'>lunam</span> <span class='ocrx_word' id='word_1_250' title='bbox 1747 412 1907 454; x_wconf 81' lang='lat' dir='ltr'>garrirent</span> <span class='ocrx_word' id='word_1_251' title='bbox 1925 412 2022 446; x_wconf 85' lang='lat' dir='ltr'>latere</span> <span class='ocrx_word' id='word_1_252' title='bbox 2039 414 2122 448; x_wconf 82' lang='lat' dir='ltr'>divi-</span> 
     </span>
     <span class='ocr_line' id='line_1_39' title="bbox 1253 455 2120 504; baseline 0.012 -17"><span class='ocrx_word' id='word_1_253' title='bbox 1253 467 1328 489; x_wconf 85' lang='lat' dir='ltr'>nam</span> <span class='ocrx_word' id='word_1_254' title='bbox 1341 455 1550 491; x_wconf 83' lang='lat' dir='ltr'>substantiam</span> <span class='ocrx_word' id='word_1_255' title='bbox 1560 482 1570 497; x_wconf 92' lang='lat'><em>,</em></span> <span class='ocrx_word' id='word_1_256' title='bbox 1589 457 1730 502; x_wconf 89' lang='lat' dir='ltr'>ideoque</span> <span class='ocrx_word' id='word_1_257' title='bbox 1741 461 1797 495; x_wconf 84' lang='lat' dir='ltr'>illa</span> <span class='ocrx_word' id='word_1_258' title='bbox 1811 461 1921 496; x_wconf 79' lang='lat' dir='ltr'>latrice</span> <span class='ocrx_word' id='word_1_259' title='bbox 1930 463 2100 498; x_wconf 81' lang='lat' dir='ltr'>adorarent</span> <span class='ocrx_word' id='word_1_260' title='bbox 2110 489 2120 504; x_wconf 86' lang='lat'>,</span> 
     </span>
     <span class='ocr_line' id='line_1_40' title="bbox 1251 505 2125 555; baseline 0.013 -18"><span class='ocrx_word' id='word_1_261' title='bbox 1251 505 1444 540; x_wconf 76' lang='lat' dir='ltr'>idololatriae</span> <span class='ocrx_word' id='word_1_262' title='bbox 1453 508 1562 551; x_wconf 86' lang='lat' dir='ltr'>arguit</span> <span class='ocrx_word' id='word_1_263' title='bbox 1583 510 1717 543; x_wconf 66' lang='lat' dir='ltr'>Sanctus</span> <span class='ocrx_word' id='word_1_264' title='bbox 1735 509 1939 555; x_wconf 87' lang='lat' dir='ltr'>Augustinus</span> <span class='ocrx_word' id='word_1_265' title='bbox 1954 537 1965 553; x_wconf 92' lang='lat'><strong>,</strong></span> <span class='ocrx_word' id='word_1_266' title='bbox 1991 514 2024 547; x_wconf 91' lang='lat'>&amp;</span> <span class='ocrx_word' id='word_1_267' title='bbox 2043 514 2125 548; x_wconf 75' lang='lat' dir='ltr'>Fau-</span> 
     </span>
     <span class='ocr_line' id='line_1_41' title="bbox 1253 555 2124 607; baseline 0.009 -20"><span class='ocrx_word' id='word_1_268' title='bbox 1253 555 1316 588; x_wconf 87' lang='lat' dir='ltr'>stus</span> <span class='ocrx_word' id='word_1_269' title='bbox 1328 555 1467 591; x_wconf 80' lang='lat' dir='ltr'>reddidit</span> <span class='ocrx_word' id='word_1_270' title='bbox 1480 556 1568 591; x_wconf 85' lang='lat' dir='ltr'>hunc</span> <span class='ocrx_word' id='word_1_271' title='bbox 1588 559 1763 593; x_wconf 87' lang='lat' dir='ltr'>talionem:</span> <span class='ocrx_word' id='word_1_272' title='bbox 1790 561 1880 594; x_wconf 74' lang='lat' dir='ltr'>Vobis</span> <span class='ocrx_word' id='word_1_273' title='bbox 1895 562 2030 604; x_wconf 83' lang='lat' dir='ltr'>fimiliter</span> <span class='ocrx_word' id='word_1_274' title='bbox 2053 575 2124 607; x_wconf 80' lang='lat' dir='ltr'>erga</span> 
     </span>
     <span class='ocr_line' id='line_1_42' title="bbox 1246 608 2124 657; baseline 0.013 -20"><span class='ocrx_word' id='word_1_275' title='bbox 1246 608 1403 647; x_wconf 77' lang='lat' dir='ltr'>panem&amp;</span> <span class='ocrx_word' id='word_1_276' title='bbox 1414 609 1530 640; x_wconf 81' lang='lat' dir='ltr'>calicem</span> <span class='ocrx_word' id='word_1_277' title='bbox 1537 616 1598 649; x_wconf 85' lang='lat' dir='ltr'>par</span> <span class='ocrx_word' id='word_1_278' title='bbox 1618 610 1716 654; x_wconf 77' lang='lat' dir='ltr'>religio</span> <span class='ocrx_word' id='word_1_279' title='bbox 1735 609 1773 650; x_wconf 76' lang='lat' dir='ltr'>est</span> <span class='ocrx_word' id='word_1_280' title='bbox 1787 635 1798 651; x_wconf 88' lang='lat'>‚</span> <span class='ocrx_word' id='word_1_281' title='bbox 1824 613 1937 657; x_wconf 89' lang='lat' dir='ltr'>utique</span> <span class='ocrx_word' id='word_1_282' title='bbox 1958 614 2058 648; x_wconf 81' lang='lat' dir='ltr'>latriae</span> <span class='ocrx_word' id='word_1_283' title='bbox 2079 626 2124 648; x_wconf 81' lang='lat' dir='ltr'>re·</span> 
     </span>
     <span class='ocr_line' id='line_1_43' title="bbox 1252 656 2124 704; baseline 0.01 -15"><span class='ocrx_word' id='word_1_284' title='bbox 1252 656 1355 700; x_wconf 85' lang='lat' dir='ltr'>ligio.</span> <span class='ocrx_word' id='word_1_285' title='bbox 1385 657 1517 692; x_wconf 85' lang='lat' dir='ltr'>Nam&amp;</span> <span class='ocrx_word' id='word_1_286' title='bbox 1542 657 1620 692; x_wconf 91' lang='lat' dir='ltr'>hinc</span> <span class='ocrx_word' id='word_1_287' title='bbox 1643 660 1748 704; x_wconf 84' lang='lat' dir='ltr'>Pagni</span> <span class='ocrx_word' id='word_1_288' title='bbox 1772 662 1946 697; x_wconf 83' lang='lat' dir='ltr'>censebant</span> <span class='ocrx_word' id='word_1_289' title='bbox 1965 664 1984 697; x_wconf 72' lang='lat' dir='ltr'>a</span> <span class='ocrx_word' id='word_1_290' title='bbox 2007 665 2124 698; x_wconf 82' lang='lat' dir='ltr'>nostris</span> 
     </span>
     <span class='ocr_line' id='line_1_44' title="bbox 1252 705 2122 750; baseline 0.01 -12"><span class='ocrx_word' id='word_1_291' title='bbox 1252 717 1331 739; x_wconf 88' lang='lat' dir='ltr'>tunc</span> <span class='ocrx_word' id='word_1_292' title='bbox 1355 705 1539 750; x_wconf 83' lang='lat' dir='ltr'>parentibus</span> <span class='ocrx_word' id='word_1_293' title='bbox 1558 709 1687 743; x_wconf 84' lang='lat' dir='ltr'>adorari</span> <span class='ocrx_word' id='word_1_294' title='bbox 1707 711 1857 746; x_wconf 83' lang='lat' dir='ltr'>Cererem</span> <span class='ocrx_word' id='word_1_295' title='bbox 1879 713 1913 747; x_wconf 90' lang='lat'>&amp;</span> <span class='ocrx_word' id='word_1_296' title='bbox 1933 712 2122 747; x_wconf 87' lang='lat' dir='ltr'>Bacchum.</span> 
     </span>
     <span class='ocr_line' id='line_1_45' title="bbox 1253 756 2124 806; baseline 0.008 -17"><span class='ocrx_word' id='word_1_297' title='bbox 1253 756 1295 790; x_wconf 88' lang='lat' dir='ltr'>Et</span> <span class='ocrx_word' id='word_1_298' title='bbox 1306 758 1399 791; x_wconf 77' lang='lat' dir='ltr'>fuisse</span> <span class='ocrx_word' id='word_1_299' title='bbox 1419 759 1515 792; x_wconf 85' lang='lat' dir='ltr'>latriae</span> <span class='ocrx_word' id='word_1_300' title='bbox 1536 759 1730 804; x_wconf 84' lang='lat' dir='ltr'>religionem</span> <span class='ocrx_word' id='word_1_301' title='bbox 1753 761 1958 806; x_wconf 85' lang='lat' dir='ltr'>Augustinus</span> <span class='ocrx_word' id='word_1_302' title='bbox 1980 762 2124 798; x_wconf 70' lang='lat' dir='ltr'>omnino</span> 
     </span>
     <span class='ocr_line' id='line_1_46' title="bbox 1251 807 2124 860; baseline 0.01 -22"><span class='ocrx_word' id='word_1_303' title='bbox 1251 807 1395 841; x_wconf 84' lang='lat' dir='ltr'>admittit</span> <span class='ocrx_word' id='word_1_304' title='bbox 1407 820 1445 843; x_wconf 82' lang='lat' dir='ltr'>ac</span> <span class='ocrx_word' id='word_1_305' title='bbox 1457 809 1642 852; x_wconf 85' lang='lat' dir='ltr'>profitetur.</span> <span class='ocrx_word' id='word_1_306' title='bbox 1671 811 1776 860; x_wconf 77' lang='lat' dir='ltr'>Qdd</span> <span class='ocrx_word' id='word_1_307' title='bbox 1790 822 1906 856; x_wconf 86' lang='lat' dir='ltr'>nempe</span> <span class='ocrx_word' id='word_1_308' title='bbox 1919 814 1952 847; x_wconf 91' lang='lat' dir='ltr'>in</span> <span class='ocrx_word' id='word_1_309' title='bbox 1968 812 2124 847; x_wconf 85' lang='lat' dir='ltr'>Euchari-</span> 
     </span>
     <span class='ocr_line' id='line_1_47' title="bbox 1249 856 2121 907; baseline 0.01 -18"><span class='ocrx_word' id='word_1_310' title='bbox 1249 856 1339 891; x_wconf 83' lang='lat' dir='ltr'>ssicis</span> <span class='ocrx_word' id='word_1_311' title='bbox 1364 858 1535 894; x_wconf 88' lang='lat' dir='ltr'>elementis</span> <span class='ocrx_word' id='word_1_312' title='bbox 1562 860 1816 896; x_wconf 83' lang='lat' dir='ltr'>substantialiter</span> <span class='ocrx_word' id='word_1_313' title='bbox 1845 863 1962 897; x_wconf 86' lang='lat' dir='ltr'>existat</span> <span class='ocrx_word' id='word_1_314' title='bbox 1982 863 2121 907; x_wconf 79' lang='lat' dir='ltr'><strong>JEsUs</strong></span> 
     </span>
     <span class='ocr_line' id='line_1_48' title="bbox 1251 906 2122 949; baseline 0.007 -9"><span class='ocrx_word' id='word_1_315' title='bbox 1251 906 1397 943; x_wconf 82' lang='lat' dir='ltr'>Christus</span> <span class='ocrx_word' id='word_1_316' title='bbox 1411 933 1421 949; x_wconf 87' lang='lat'>,</span> <span class='ocrx_word' id='word_1_317' title='bbox 1448 909 1540 943; x_wconf 82' lang='lat' dir='ltr'>Deus</span> <span class='ocrx_word' id='word_1_318' title='bbox 1549 907 1734 945; x_wconf 59' lang='lat' dir='ltr'>benedictus</span> <span class='ocrx_word' id='word_1_319' title='bbox 1746 912 1780 945; x_wconf 87' lang='lat' dir='ltr'>in</span> <span class='ocrx_word' id='word_1_320' title='bbox 1795 913 1905 947; x_wconf 87' lang='lat' dir='ltr'>saecula</span> <span class='ocrx_word' id='word_1_321' title='bbox 1916 937 1924 945; x_wconf 87' lang='lat'><strong>.</strong></span> <span class='ocrx_word' id='word_1_322' title='bbox 1945 913 1988 948; x_wconf 85' lang='lat' dir='ltr'>Et</span> <span class='ocrx_word' id='word_1_323' title='bbox 1999 925 2040 948; x_wconf 82' lang='lat' dir='ltr'>ex</span> <span class='ocrx_word' id='word_1_324' title='bbox 2054 912 2122 947; x_wconf 86' lang='lat' dir='ltr'>istis</span> 
     </span>
     <span class='ocr_line' id='line_1_49' title="bbox 1249 957 2122 1009; baseline 0.006 -18"><span class='ocrx_word' id='word_1_325' title='bbox 1249 957 1446 993; x_wconf 82' lang='lat' dir='ltr'>testimoniis</span> <span class='ocrx_word' id='word_1_326' title='bbox 1471 960 1665 994; x_wconf 86' lang='lat' dir='ltr'>evanescunt</span> <span class='ocrx_word' id='word_1_327' title='bbox 1698 962 1797 996; x_wconf 89' lang='lat' dir='ltr'>etiam</span> <span class='ocrx_word' id='word_1_328' title='bbox 1824 965 1938 998; x_wconf 88' lang='lat' dir='ltr'>omnia</span> <span class='ocrx_word' id='word_1_329' title='bbox 1959 988 1970 1005; x_wconf 91' lang='lat'><strong>,</strong></span> <span class='ocrx_word' id='word_1_330' title='bbox 2005 961 2122 1009; x_wconf 88' lang='lat' dir='ltr'>quibus</span> 
     </span>
     <span class='ocr_line' id='line_1_50' title="bbox 1249 1008 2122 1056; baseline 0.008 -15"><span class='ocrx_word' id='word_1_331' title='bbox 1249 1008 1343 1042; x_wconf 79' lang='lat' dir='ltr'>istam</span> <span class='ocrx_word' id='word_1_332' title='bbox 1369 1009 1595 1043; x_wconf 84' lang='lat' dir='ltr'>adorationem</span> <span class='ocrx_word' id='word_1_333' title='bbox 1618 1010 1758 1053; x_wconf 75' lang='lat' dir='ltr'>Ioannes</span> <span class='ocrx_word' id='word_1_334' title='bbox 1781 1012 1952 1048; x_wconf 87' lang='lat' dir='ltr'>Wicleffus</span> <span class='ocrx_word' id='word_1_335' title='bbox 1972 1014 2006 1048; x_wconf 89' lang='lat'>&amp;</span> <span class='ocrx_word' id='word_1_336' title='bbox 2027 1014 2122 1056; x_wconf 84' lang='lat' dir='ltr'>Joan-</span> 
     </span>
     <span class='ocr_line' id='line_1_51' title="bbox 1250 1059 2121 1104; baseline 0.007 -12"><span class='ocrx_word' id='word_1_337' title='bbox 1250 1069 1306 1092; x_wconf 87' lang='lat' dir='ltr'>nes</span> <span class='ocrx_word' id='word_1_338' title='bbox 1328 1059 1487 1093; x_wconf 85' lang='lat' dir='ltr'>Calvinus</span> <span class='ocrx_word' id='word_1_339' title='bbox 1504 1059 1662 1094; x_wconf 81' lang='lat' dir='ltr'>damnant</span> <span class='ocrx_word' id='word_1_340' title='bbox 1683 1061 1733 1095; x_wconf 90' lang='lat' dir='ltr'>uti</span> <span class='ocrx_word' id='word_1_341' title='bbox 1755 1072 1898 1104; x_wconf 84' lang='lat' dir='ltr'>novam,</span> <span class='ocrx_word' id='word_1_342' title='bbox 1923 1063 1957 1097; x_wconf 88' lang='lat'>&amp;</span> <span class='ocrx_word' id='word_1_343' title='bbox 1978 1064 2121 1098; x_wconf 82' lang='lat' dir='ltr'>alienam</span> 
     </span>
     <span class='ocr_line' id='line_1_52' title="bbox 1246 1108 1601 1152; baseline 0 -10"><span class='ocrx_word' id='word_1_344' title='bbox 1246 1108 1288 1142; x_wconf 85' lang='lat' dir='ltr'>ab</span> <span class='ocrx_word' id='word_1_345' title='bbox 1297 1110 1434 1152; x_wconf 84' lang='lat' dir='ltr'>antiqua</span> <span class='ocrx_word' id='word_1_346' title='bbox 1444 1109 1583 1143; x_wconf 83' lang='lat' dir='ltr'>Ecclesia</span> <span class='ocrx_word' id='word_1_347' title='bbox 1593 1134 1601 1142; x_wconf 91' lang='lat'><strong>.</strong></span> 
     </span>
    </p>
   </div>
   <div class='ocr_carea' id='block_1_8' title="bbox 2146 600 2264 638">
    <p class='ocr_par' dir='ltr' id='par_1_8' title="bbox 2146 600 2264 638">
     <span class='ocr_line' id='line_1_53' title="bbox 2146 600 2264 638; baseline -0.008 -8"><span class='ocrx_word' id='word_1_348' title='bbox 2146 600 2218 638; x_wconf 73' lang='lat' dir='ltr'>Cap·</span> <span class='ocrx_word' id='word_1_349' title='bbox 2240 612 2264 630; x_wconf 84' lang='lat' dir='ltr'>z.</span> 
     </span>
    </p>
   </div>
   <div class='ocr_carea' id='block_1_9' title="bbox 1297 1160 2278 1212">
    <p class='ocr_par' dir='ltr' id='par_1_9' title="bbox 1297 1160 2278 1212">
     <span class='ocr_line' id='line_1_54' title="bbox 1297 1160 2278 1212; baseline 0.011 -20"><span class='ocrx_word' id='word_1_350' title='bbox 1297 1160 1460 1193; x_wconf 88' lang='lat' dir='ltr'>Omittere</span> <span class='ocrx_word' id='word_1_351' title='bbox 1472 1160 1576 1193; x_wconf 86' lang='lat' dir='ltr'>nolim</span> <span class='ocrx_word' id='word_1_352' title='bbox 1584 1160 1652 1194; x_wconf 88' lang='lat' dir='ltr'>duo</span> <span class='ocrx_word' id='word_1_353' title='bbox 1664 1160 1736 1195; x_wconf 88' lang='lat' dir='ltr'>loca</span> <span class='ocrx_word' id='word_1_354' title='bbox 1746 1172 1786 1195; x_wconf 89' lang='lat' dir='ltr'>ex</span> <span class='ocrx_word' id='word_1_355' title='bbox 1795 1163 1892 1198; x_wconf 85' lang='lat' dir='ltr'>tertio</span> <span class='ocrx_word' id='word_1_356' title='bbox 1903 1161 1990 1198; x_wconf 86' lang='lat' dir='ltr'>libro</span> <span class='ocrx_word' id='word_1_357' title='bbox 1998 1163 2040 1198; x_wconf 89' lang='lat' dir='ltr'>de</span> <span class='ocrx_word' id='word_1_358' title='bbox 2047 1165 2124 1199; x_wconf 84' lang='lat' dir='ltr'>Sau-</span> <span class='ocrx_word' id='word_1_359' title='bbox 2140 1175 2213 1212; x_wconf 74' lang='lat' dir='ltr'>cap.</span> <span class='ocrx_word' id='word_1_360' title='bbox 2233 1184 2263 1209; x_wconf 87' lang='lat'>4·</span> <span class='ocrx_word' id='word_1_361' title='bbox 2276 1161 2278 1164; x_wconf 45' lang='grc'>’</span> 
     </span>
    </p>
   </div>
   <div class='ocr_carea' id='block_1_10' title="bbox 1245 1208 2125 1355">
    <p class='ocr_par' dir='ltr' id='par_1_10' title="bbox 1245 1208 2125 1355">
     <span class='ocr_line' id='line_1_55' title="bbox 1248 1208 2125 1256; baseline 0.006 -14"><span class='ocrx_word' id='word_1_362' title='bbox 1248 1208 1381 1243; x_wconf 67' lang='lat' dir='ltr'>&amp;iffima</span> <span class='ocrx_word' id='word_1_363' title='bbox 1392 1209 1563 1244; x_wconf 84' lang='lat' dir='ltr'>Trinitate</span> <span class='ocrx_word' id='word_1_364' title='bbox 1573 1235 1580 1242; x_wconf 90' lang='lat'><strong>.</strong></span> <span class='ocrx_word' id='word_1_365' title='bbox 1593 1211 1663 1244; x_wconf 88' lang='lat' dir='ltr'>Hic</span> <span class='ocrx_word' id='word_1_366' title='bbox 1672 1210 1718 1245; x_wconf 83' lang='lat' dir='ltr'>est</span> <span class='ocrx_word' id='word_1_367' title='bbox 1731 1212 1868 1254; x_wconf 85' lang='lat' dir='ltr'>primus:</span> <span class='ocrx_word' id='word_1_368' title='bbox 1883 1214 1998 1247; x_wconf 84' lang='lat' dir='ltr'>Paulus</span> <span class='ocrx_word' id='word_1_369' title='bbox 2010 1214 2125 1256; x_wconf 80' lang='lat' dir='ltr'>Aposto-</span> 
     </span>
     <span class='ocr_line' id='line_1_56' title="bbox 1245 1259 2122 1306; baseline 0.006 -14"><span class='ocrx_word' id='word_1_370' title='bbox 1245 1262 1293 1292; x_wconf 85' lang='lat' dir='ltr'>lus</span> <span class='ocrx_word' id='word_1_371' title='bbox 1300 1266 1399 1300; x_wconf 71' lang='lat' dir='ltr'>potuit</span> <span class='ocrx_word' id='word_1_372' title='bbox 1405 1259 1598 1303; x_wconf 72' lang='lat' dir='ltr'>fignificando</span> <span class='ocrx_word' id='word_1_373' title='bbox 1603 1262 1772 1302; x_wconf 75' lang='lat' dir='ltr'>praedicare</span> <span class='ocrx_word' id='word_1_374' title='bbox 1783 1265 1943 1296; x_wconf 83' lang='lat' dir='ltr'>Dominum</span> <span class='ocrx_word' id='word_1_375' title='bbox 1963 1263 2122 1306; x_wconf 84' lang='lat' dir='ltr'>JESUM</span> 
     </span>
     <span class='ocr_line' id='line_1_57' title="bbox 1251 1308 2122 1355; baseline 0.01 -16"><span class='ocrx_word' id='word_1_376' title='bbox 1251 1308 1400 1348; x_wconf 81' lang='lat' dir='ltr'>Christum</span> <span class='ocrx_word' id='word_1_377' title='bbox 1412 1334 1434 1348; x_wconf 81' lang='grc'>,,</span> <span class='ocrx_word' id='word_1_378' title='bbox 1447 1310 1537 1343; x_wconf 83' lang='lat' dir='ltr'>aliter</span> <span class='ocrx_word' id='word_1_379' title='bbox 1541 1319 1599 1352; x_wconf 82' lang='lat' dir='ltr'>per</span> <span class='ocrx_word' id='word_1_380' title='bbox 1608 1311 1739 1353; x_wconf 76' lang='lat' dir='ltr'>linguam</span> <span class='ocrx_word' id='word_1_381' title='bbox 1748 1310 1833 1353; x_wconf 82' lang='lat' dir='ltr'>suam</span> <span class='ocrx_word' id='word_1_382' title='bbox 1846 1337 1857 1353; x_wconf 93' lang='lat'><strong>,</strong></span> <span class='ocrx_word' id='word_1_383' title='bbox 1882 1315 1971 1347; x_wconf 77' lang='lat' dir='ltr'>aliter</span> <span class='ocrx_word' id='word_1_384' title='bbox 1978 1322 2034 1355; x_wconf 84' lang='lat' dir='ltr'>per</span> <span class='ocrx_word' id='word_1_385' title='bbox 2047 1317 2122 1355; x_wconf 76' lang='lat' dir='ltr'>Epi-</span> 
     </span>
    </p>
   </div>
   <div class='ocr_carea' id='block_1_11' title="bbox 1241 1357 2120 1406">
    <p class='ocr_par' dir='ltr' id='par_1_11' title="bbox 1241 1357 2120 1406">
     <span class='ocr_line' id='line_1_58' title="bbox 1241 1357 2120 1406; baseline 0.006 -15"><span class='ocrx_word' id='word_1_386' title='bbox 1241 1358 1346 1398; x_wconf 73' lang='lat' dir='ltr'>stulam</span> <span class='ocrx_word' id='word_1_387' title='bbox 1358 1384 1368 1398; x_wconf 90' lang='lat'>‚</span> <span class='ocrx_word' id='word_1_388' title='bbox 1393 1360 1481 1392; x_wconf 83' lang='lat' dir='ltr'>aliter</span> <span class='ocrx_word' id='word_1_389' title='bbox 1487 1367 1543 1401; x_wconf 81' lang='lat' dir='ltr'>per</span> <span class='ocrx_word' id='word_1_390' title='bbox 1551 1357 1773 1392; x_wconf 80' lang='lat' dir='ltr'>sacramentum</span> <span class='ocrx_word' id='word_1_391' title='bbox 1782 1367 1909 1403; x_wconf 70' lang='lat' dir='ltr'>corporis</span> <span class='ocrx_word' id='word_1_392' title='bbox 1919 1365 1953 1396; x_wconf 64' lang='grc' dir='ltr'>ὑ</span> <span class='ocrx_word' id='word_1_393' title='bbox 1959 1362 2120 1406; x_wconf 79' lang='lat' dir='ltr'>sanguinis</span> 
     </span>
    </p>
   </div>
   <div class='ocr_carea' id='block_1_12' title="bbox 1247 1410 2121 1552">
    <p class='ocr_par' dir='ltr' id='par_1_12' title="bbox 1247 1410 2121 1552">
     <span class='ocr_line' id='line_1_59' title="bbox 1247 1410 2119 1454; baseline 0.006 -13"><span class='ocrx_word' id='word_1_394' title='bbox 1247 1411 1310 1448; x_wconf 82' lang='lat' dir='ltr'>ejus</span> <span class='ocrx_word' id='word_1_395' title='bbox 1321 1433 1330 1441; x_wconf 87' lang='lat'><strong>.</strong></span> <span class='ocrx_word' id='word_1_396' title='bbox 1359 1412 1427 1442; x_wconf 83' lang='lat' dir='ltr'>Nec</span> <span class='ocrx_word' id='word_1_397' title='bbox 1435 1410 1568 1452; x_wconf 73' lang='lat' dir='ltr'>linguam</span> <span class='ocrx_word' id='word_1_398' title='bbox 1590 1411 1701 1452; x_wconf 61' lang='lat' dir='ltr'>quippe*</span> <span class='ocrx_word' id='word_1_399' title='bbox 1721 1412 1785 1451; x_wconf 85' lang='lat' dir='ltr'>ejus</span> <span class='ocrx_word' id='word_1_400' title='bbox 1796 1434 1807 1450; x_wconf 92' lang='lat'>‚</span> <span class='ocrx_word' id='word_1_401' title='bbox 1834 1422 1884 1444; x_wconf 80' lang='lat' dir='ltr'>nec</span> <span class='ocrx_word' id='word_1_402' title='bbox 1903 1412 2095 1446; x_wconf 83' lang='lat' dir='ltr'>membranas</span> <span class='ocrx_word' id='word_1_403' title='bbox 2106 1437 2119 1454; x_wconf 87' lang='lat'>,</span> 
     </span>
     <span class='ocr_line' id='line_1_60' title="bbox 1251 1458 2121 1506; baseline 0.006 -15"><span class='ocrx_word' id='word_1_404' title='bbox 1251 1469 1301 1492; x_wconf 87' lang='lat' dir='ltr'>nec</span> <span class='ocrx_word' id='word_1_405' title='bbox 1314 1466 1538 1500; x_wconf 78' lang='lat' dir='ltr'>atramentum,</span> <span class='ocrx_word' id='word_1_406' title='bbox 1565 1470 1617 1492; x_wconf 85' lang='lat' dir='ltr'>nec</span> <span class='ocrx_word' id='word_1_407' title='bbox 1621 1458 1697 1502; x_wconf 76' lang='lat' dir='ltr'>figm’</span> <span class='ocrx_word' id='word_1_408' title='bbox 1694 1460 1822 1501; x_wconf 83' lang='lat' dir='ltr'>ficantes</span> <span class='ocrx_word' id='word_1_409' title='bbox 1828 1459 1918 1503; x_wconf 77' lang='lat' dir='ltr'>sbnos</span> <span class='ocrx_word' id='word_1_410' title='bbox 1938 1462 2040 1506; x_wconf 80' lang='lat' dir='ltr'>lingua</span> <span class='ocrx_word' id='word_1_411' title='bbox 2058 1465 2121 1496; x_wconf 83' lang='lat' dir='ltr'>edt-</span> 
     </span>
     <span class='ocr_line' id='line_1_61' title="bbox 1247 1506 2120 1552; baseline 0.006 -12"><span class='ocrx_word' id='word_1_412' title='bbox 1247 1518 1291 1542; x_wconf 82' lang='lat' dir='ltr'>tos</span> <span class='ocrx_word' id='word_1_413' title='bbox 1300 1533 1311 1548; x_wconf 91' lang='lat'>,</span> <span class='ocrx_word' id='word_1_414' title='bbox 1338 1506 1477 1552; x_wconf 78' lang='lat' dir='ltr'>necfigna</span> <span class='ocrx_word' id='word_1_415' title='bbox 1487 1510 1657 1542; x_wconf 77' lang='lat' dir='ltr'>litterarum</span> <span class='ocrx_word' id='word_1_416' title='bbox 1666 1508 1833 1552; x_wconf 80' lang='lat' dir='ltr'>conscripta</span> <span class='ocrx_word' id='word_1_417' title='bbox 1849 1512 1999 1552; x_wconf 80' lang='lat' dir='ltr'>pelliculis</span> <span class='ocrx_word' id='word_1_418' title='bbox 2013 1536 2023 1552; x_wconf 93' lang='lat'><strong>,</strong></span> <span class='ocrx_word' id='word_1_419' title='bbox 2050 1517 2120 1545; x_wconf 82' lang='lat' dir='ltr'>Cor-</span> 
     </span>
    </p>
   </div>
   <div class='ocr_carea' id='block_1_13' title="bbox 1243 1558 2118 1604">
    <p class='ocr_par' dir='ltr' id='par_1_13' title="bbox 1243 1558 2118 1604">
     <span class='ocr_line' id='line_1_62' title="bbox 1243 1558 2118 1604; baseline 0.007 -14"><span class='ocrx_word' id='word_1_420' title='bbox 1243 1567 1301 1600; x_wconf 82' lang='lat' dir='ltr'>pus</span> <span class='ocrx_word' id='word_1_421' title='bbox 1311 1558 1422 1599; x_wconf 76' lang='lat' dir='ltr'>christi</span> <span class='ocrx_word' id='word_1_422' title='bbox 1432 1561 1467 1593; x_wconf 56' lang='grc' dir='ltr'>(τ</span> <span class='ocrx_word' id='word_1_423' title='bbox 1478 1562 1654 1603; x_wconf 75' lang='lat' dir='ltr'>sanguinem</span> <span class='ocrx_word' id='word_1_424' title='bbox 1663 1561 1790 1593; x_wconf 75' lang='lat' dir='ltr'>dicimus</span> <span class='ocrx_word' id='word_1_425' title='bbox 1802 1584 1813 1600; x_wconf 91' lang='lat'><em>,</em></span> <span class='ocrx_word' id='word_1_426' title='bbox 1836 1559 1897 1604; x_wconf 85' lang='lat' dir='ltr'>sed</span> <span class='ocrx_word' id='word_1_427' title='bbox 1903 1562 1981 1594; x_wconf 78' lang='lat' dir='ltr'>illud</span> <span class='ocrx_word' id='word_1_428' title='bbox 1988 1563 2118 1604; x_wconf 70' lang='lat' dir='ltr'>tantum,</span> 
     </span>
    </p>
   </div>
   <div class='ocr_carea' id='block_1_14' title="bbox 1246 1608 2118 1653">
    <p class='ocr_par' dir='ltr' id='par_1_14' title="bbox 1246 1608 2118 1653">
     <span class='ocr_line' id='line_1_63' title="bbox 1246 1608 2118 1653; baseline 0.007 -13"><span class='ocrx_word' id='word_1_429' title='bbox 1246 1611 1325 1651; x_wconf 86' lang='lat' dir='ltr'>quod</span> <span class='ocrx_word' id='word_1_430' title='bbox 1332 1608 1527 1651; x_wconf 73' lang='lat' dir='ltr'>exfrulltbus</span> <span class='ocrx_word' id='word_1_431' title='bbox 1539 1617 1628 1643; x_wconf 78' lang='lat' dir='ltr'>terrae</span> <span class='ocrx_word' id='word_1_432' title='bbox 1647 1617 1795 1651; x_wconf 81' lang='lat' dir='ltr'>acceptum</span> <span class='ocrx_word' id='word_1_433' title='bbox 1806 1634 1817 1651; x_wconf 91' lang='lat'><strong>,</strong></span> <span class='ocrx_word' id='word_1_434' title='bbox 1845 1612 1880 1645; x_wconf 69' lang='grc'>6*</span> <span class='ocrx_word' id='word_1_435' title='bbox 1899 1619 1984 1653; x_wconf 83' lang='lat' dir='ltr'>prece</span> <span class='ocrx_word' id='word_1_436' title='bbox 2006 1611 2118 1653; x_wconf 73' lang='lat' dir='ltr'>mystica</span> 
     </span>
    </p>
   </div>
   <div class='ocr_carea' id='block_1_15' title="bbox 302 1657 2119 1710">
    <p class='ocr_par' dir='ltr' id='par_1_15' title="bbox 302 1657 2119 1710">
     <span class='ocr_line' id='line_1_64' title="bbox 302 1657 2119 1710; baseline -0.003 -8"><span class='ocrx_word' id='word_1_437' title='bbox 302 1676 344 1703; x_wconf 77' lang='lat' dir='ltr'>ris</span> <span class='ocrx_word' id='word_1_438' title='bbox 358 1673 477 1702; x_wconf 80' lang='lat' dir='ltr'>Domini</span> <span class='ocrx_word' id='word_1_439' title='bbox 484 1665 535 1710; x_wconf 84' lang='lat' dir='ltr'>sui</span> <span class='ocrx_word' id='word_1_440' title='bbox 545 1672 634 1698; x_wconf 83' lang='lat' dir='ltr'>etiam</span> <span class='ocrx_word' id='word_1_441' title='bbox 644 1666 760 1696; x_wconf 73' lang='lat' dir='ltr'>divites</span> <span class='ocrx_word' id='word_1_442' title='bbox 770 1672 859 1697; x_wconf 79' lang='lat' dir='ltr'>terrae</span> <span class='ocrx_word' id='word_1_443' title='bbox 872 1684 882 1700; x_wconf 82' lang='lat'>‚</span> <span class='ocrx_word' id='word_1_444' title='bbox 906 1671 957 1692; x_wconf 87' lang='lat' dir='ltr'>nec</span> <span class='ocrx_word' id='word_1_445' title='bbox 971 1657 1043 1700; x_wconf 83' lang='lat' dir='ltr'>ficut</span> <span class='ocrx_word' id='word_1_446' title='bbox 1067 1665 1181 1699; x_wconf 86' lang='lat' dir='ltr'>paupe·</span> <span class='ocrx_word' id='word_1_447' title='bbox 1222 1658 1225 1660; x_wconf 68' lang='grc'><strong><em>’</em></strong></span> <span class='ocrx_word' id='word_1_448' title='bbox 1245 1657 1443 1701; x_wconf 78' lang='lat' dir='ltr'>consecratum</span> <span class='ocrx_word' id='word_1_449' title='bbox 1465 1683 1476 1699; x_wconf 94' lang='lat'><strong>,</strong></span> <span class='ocrx_word' id='word_1_450' title='bbox 1498 1658 1647 1702; x_wconf 78' lang='lat' dir='ltr'>sumimus</span> <span class='ocrx_word' id='word_1_451' title='bbox 1672 1658 1858 1702; x_wconf 82' lang='lat' dir='ltr'>adsalutem</span> <span class='ocrx_word' id='word_1_452' title='bbox 1872 1659 2062 1703; x_wconf 67' lang='lat' dir='ltr'>spiritualem</span> <span class='ocrx_word' id='word_1_453' title='bbox 2084 1669 2119 1696; x_wconf 81' lang='lat' dir='ltr'>tn</span> 
     </span>
    </p>
   </div>
   <div class='ocr_carea' id='block_1_16' title="bbox 302 1707 1181 1762">
    <p class='ocr_par' dir='ltr' id='par_1_16' title="bbox 302 1707 1181 1762">
     <span class='ocr_line' id='line_1_65' title="bbox 302 1707 1181 1762; baseline -0.017 -9"><span class='ocrx_word' id='word_1_454' title='bbox 302 1732 351 1753; x_wconf 81' lang='lat' dir='ltr'>res</span> <span class='ocrx_word' id='word_1_455' title='bbox 360 1718 495 1762; x_wconf 82' lang='lat' dir='ltr'>saturati</span> <span class='ocrx_word' id='word_1_456' title='bbox 505 1715 577 1759; x_wconf 85' lang='lat' dir='ltr'>sunt</span> <span class='ocrx_word' id='word_1_457' title='bbox 588 1713 675 1757; x_wconf 78' lang='lat' dir='ltr'>usquc</span> <span class='ocrx_word' id='word_1_458' title='bbox 696 1714 740 1744; x_wconf 79' lang='lat' dir='ltr'>ad</span> <span class='ocrx_word' id='word_1_459' title='bbox 758 1716 979 1748; x_wconf 69' lang='lat' dir='ltr'>imitationem,</span> <span class='ocrx_word' id='word_1_460' title='bbox 1002 1707 1061 1750; x_wconf 88' lang='lat' dir='ltr'>sed</span> <span class='ocrx_word' id='word_1_461' title='bbox 1080 1717 1181 1739; x_wconf 79' lang='lat' dir='ltr'>tamen</span> 
     </span>
    </p>
   </div>
   <div class='ocr_carea' id='block_1_17' title="bbox 1245 1710 2119 1755">
    <p class='ocr_par' dir='ltr' id='par_1_17' title="bbox 1245 1710 2119 1755">
     <span class='ocr_line' id='line_1_66' title="bbox 1245 1710 2119 1755; baseline 0.006 -14"><span class='ocrx_word' id='word_1_462' title='bbox 1245 1716 1415 1742; x_wconf 78' lang='lat' dir='ltr'>memoriam</span> <span class='ocrx_word' id='word_1_463' title='bbox 1426 1718 1481 1749; x_wconf 86' lang='lat' dir='ltr'>pro</span> <span class='ocrx_word' id='word_1_464' title='bbox 1494 1710 1576 1742; x_wconf 82' lang='lat' dir='ltr'>nobis</span> <span class='ocrx_word' id='word_1_465' title='bbox 1589 1711 1749 1744; x_wconf 81' lang='lat' dir='ltr'>Dominicae</span> <span class='ocrx_word' id='word_1_466' title='bbox 1763 1710 1902 1750; x_wconf 84' lang='lat' dir='ltr'>Paffiom&#39;s</span> <span class='ocrx_word' id='word_1_467' title='bbox 1911 1735 1919 1744; x_wconf 89' lang='lat'>.</span> <span class='ocrx_word' id='word_1_468' title='bbox 1938 1713 2031 1755; x_wconf 77' lang='lat' dir='ltr'>,Quod</span> <span class='ocrx_word' id='word_1_469' title='bbox 2038 1718 2119 1746; x_wconf 83' lang='lat' dir='ltr'>entm</span> 
     </span>
    </p>
   </div>
   <div class='ocr_carea' id='block_1_18' title="bbox 304 1756 2121 1804">
    <p class='ocr_par' dir='ltr' id='par_1_18' title="bbox 304 1756 2121 1804">
     <span class='ocr_line' id='line_1_67' title="bbox 304 1756 2121 1804; baseline -0.004 -2"><span class='ocrx_word' id='word_1_470' title='bbox 304 1771 511 1802; x_wconf 81' lang='lat' dir='ltr'>adoraverunt</span> <span class='ocrx_word' id='word_1_471' title='bbox 527 1790 534 1797; x_wconf 94' lang='lat'><strong>.</strong></span> <span class='ocrx_word' id='word_1_472' title='bbox 563 1765 603 1797; x_wconf 86' lang='lat' dir='ltr'>Et</span> <span class='ocrx_word' id='word_1_473' title='bbox 617 1761 657 1797; x_wconf 88' lang='lat' dir='ltr'>ad</span> <span class='ocrx_word' id='word_1_474' title='bbox 667 1761 734 1795; x_wconf 84' lang='lat' dir='ltr'>haec</span> <span class='ocrx_word' id='word_1_475' title='bbox 747 1773 796 1794; x_wconf 74' lang='lat' dir='ltr'>ver</span> <span class='ocrx_word' id='word_1_476' title='bbox 802 1761 840 1794; x_wconf 87' lang='lat' dir='ltr'>ba</span> <span class='ocrx_word' id='word_1_477' title='bbox 851 1784 860 1799; x_wconf 92' lang='lat'><strong>,</strong></span> <span class='ocrx_word' id='word_1_478' title='bbox 890 1756 1182 1800; x_wconf 76' lang='lat' dir='ltr'>Adoratescabellum</span> <span class='ocrx_word' id='word_1_479' title='bbox 1211 1771 1216 1777; x_wconf 68' lang='lat'><strong><em>¹</em></strong></span> <span class='ocrx_word' id='word_1_480' title='bbox 1242 1760 1296 1800; x_wconf 80' lang='lat' dir='ltr'>per</span> <span class='ocrx_word' id='word_1_481' title='bbox 1305 1770 1411 1793; x_wconf 84' lang='lat' dir='ltr'>manus</span> <span class='ocrx_word' id='word_1_482' title='bbox 1423 1758 1572 1792; x_wconf 78' lang='lat' dir='ltr'>hominum</span> <span class='ocrx_word' id='word_1_483' title='bbox 1583 1761 1629 1792; x_wconf 84' lang='lat' dir='ltr'>ad</span> <span class='ocrx_word' id='word_1_484' title='bbox 1635 1761 1717 1793; x_wconf 73' lang='lat' dir='ltr'>illam</span> <span class='ocrx_word' id='word_1_485' title='bbox 1729 1761 1868 1802; x_wconf 74' lang='lat' dir='ltr'>visibilem</span> <span class='ocrx_word' id='word_1_486' title='bbox 1875 1759 2121 1804; x_wconf 72' lang='lat' dir='ltr'>speciemperdu-</span> 
     </span>
    </p>
   </div>
   <div class='ocr_carea' id='block_1_19' title="bbox 300 1806 1185 1906">
    <p class='ocr_par' dir='ltr' id='par_1_19' title="bbox 300 1806 1185 1906">
     <span class='ocr_line' id='line_1_68' title="bbox 300 1806 1180 1862; baseline -0.017 -9"><span class='ocrx_word' id='word_1_487' title='bbox 300 1821 415 1862; x_wconf 83' lang='lat' dir='ltr'>pedum</span> <span class='ocrx_word' id='word_1_488' title='bbox 425 1820 492 1859; x_wconf 87' lang='lat' dir='ltr'>ejus</span> <span class='ocrx_word' id='word_1_489' title='bbox 506 1841 516 1856; x_wconf 87' lang='lat'><em>,</em></span> <span class='ocrx_word' id='word_1_490' title='bbox 546 1814 657 1848; x_wconf 85' lang='lat' dir='ltr'>scribit</span> <span class='ocrx_word' id='word_1_491' title='bbox 670 1813 703 1846; x_wconf 90' lang='lat' dir='ltr'>in</span> <span class='ocrx_word' id='word_1_492' title='bbox 718 1808 1037 1854; x_wconf 66' lang='lat' dir='ltr'>nonagesimiostavi</span> <span class='ocrx_word' id='word_1_493' title='bbox 1061 1806 1180 1840; x_wconf 84' lang='lat' dir='ltr'>Psalmi</span> 
     </span>
     <span class='ocr_line' id='line_1_69' title="bbox 304 1857 1185 1906; baseline -0.02 -2"><span class='ocrx_word' id='word_1_494' title='bbox 304 1867 545 1904; x_wconf 79' lang='lat' dir='ltr'>commentario</span> <span class='ocrx_word' id='word_1_495' title='bbox 558 1877 566 1896; x_wconf 79' lang='lat' dir='ltr'><em>z</em></span> <span class='ocrx_word' id='word_1_496' title='bbox 596 1867 623 1896; x_wconf 86' lang='lat' dir='ltr'>E</span> <span class='ocrx_word' id='word_1_497' title='bbox 627 1872 760 1906; x_wconf 82' lang='lat' dir='ltr'>xponens</span> <span class='ocrx_word' id='word_1_498' title='bbox 771 1858 845 1892; x_wconf 85' lang='lat' dir='ltr'>mihi</span> <span class='ocrx_word' id='word_1_499' title='bbox 856 1858 942 1902; x_wconf 77' lang='lat' dir='ltr'>sacer</span> <span class='ocrx_word' id='word_1_500' title='bbox 954 1867 1060 1890; x_wconf 86' lang='lat' dir='ltr'>textus</span> <span class='ocrx_word' id='word_1_501' title='bbox 1071 1882 1082 1897; x_wconf 90' lang='lat'>‚</span> <span class='ocrx_word' id='word_1_502' title='bbox 1107 1857 1185 1898; x_wconf 80' lang='lat' dir='ltr'>quid</span> 
     </span>
    </p>
   </div>
   <div class='ocr_carea' id='block_1_20' title="bbox 295 1907 1182 1962">
    <p class='ocr_par' dir='ltr' id='par_1_20' title="bbox 295 1907 1182 1962">
     <span class='ocr_line' id='line_1_70' title="bbox 295 1907 1182 1962; baseline -0.016 -9"><span class='ocrx_word' id='word_1_503' title='bbox 295 1919 336 1962; x_wconf 78' lang='lat' dir='ltr'>sit</span> <span class='ocrx_word' id='word_1_504' title='bbox 347 1917 507 1962; x_wconf 80' lang='lat' dir='ltr'>scabellum</span> <span class='ocrx_word' id='word_1_505' title='bbox 528 1915 638 1958; x_wconf 72' lang='lat' dir='ltr'>pedum</span> <span class='ocrx_word' id='word_1_506' title='bbox 650 1916 713 1952; x_wconf 69' lang='lat' dir='ltr'>eius</span> <span class='ocrx_word' id='word_1_507' title='bbox 724 1937 735 1954; x_wconf 96' lang='lat'>‚</span> <span class='ocrx_word' id='word_1_508' title='bbox 764 1913 858 1949; x_wconf 58' lang='lat' dir='ltr'>dicit4</span> <span class='ocrx_word' id='word_1_509' title='bbox 882 1908 990 1941; x_wconf 71' lang='lat' dir='ltr'>Terra</span> <span class='ocrx_word' id='word_1_510' title='bbox 1001 1919 1108 1942; x_wconf 81' lang='lat' dir='ltr'>autem</span> <span class='ocrx_word' id='word_1_511' title='bbox 1121 1907 1182 1940; x_wconf 82' lang='lat' dir='ltr'>sca-</span> 
     </span>
    </p>
   </div>
   <div class='ocr_carea' id='block_1_21' title="bbox 305 1956 1188 2455">
    <p class='ocr_par' dir='ltr' id='par_1_21' title="bbox 305 1956 1188 2455">
     <span class='ocr_line' id='line_1_71' title="bbox 307 1956 1183 2011; baseline -0.018 -8"><span class='ocrx_word' id='word_1_512' title='bbox 307 1970 429 2004; x_wconf 76' lang='lat' dir='ltr'>bellum</span> <span class='ocrx_word' id='word_1_513' title='bbox 444 1967 564 2011; x_wconf 87' lang='lat' dir='ltr'>pedum</span> <span class='ocrx_word' id='word_1_514' title='bbox 589 1974 754 1999; x_wconf 83' lang='lat' dir='ltr'>meorum.</span> <span class='ocrx_word' id='word_1_515' title='bbox 781 1964 892 2001; x_wconf 80' lang='lat' dir='ltr'><em>Anceps</em></span> <span class='ocrx_word' id='word_1_516' title='bbox 907 1957 1011 2000; x_wconf 75' lang='lat' dir='ltr'>fac‘lus</span> <span class='ocrx_word' id='word_1_517' title='bbox 1028 1956 1120 2001; x_wconf 84' lang='lat' dir='ltr'>sum,</span> <span class='ocrx_word' id='word_1_518' title='bbox 1145 1962 1183 1988; x_wconf 81' lang='lat' dir='ltr'>ti·</span> 
     </span>
     <span class='ocr_line' id='line_1_72' title="bbox 307 2006 1184 2054; baseline -0.018 -1"><span class='ocrx_word' id='word_1_519' title='bbox 307 2031 369 2053; x_wconf 81' lang='lat' dir='ltr'>meo</span> <span class='ocrx_word' id='word_1_520' title='bbox 380 2020 505 2051; x_wconf 82' lang='lat' dir='ltr'>adorare</span> <span class='ocrx_word' id='word_1_521' title='bbox 525 2026 639 2049; x_wconf 81' lang='lat' dir='ltr'>terram</span> <span class='ocrx_word' id='word_1_522' title='bbox 652 2039 662 2054; x_wconf 89' lang='lat'>‚</span> <span class='ocrx_word' id='word_1_523' title='bbox 688 2025 724 2046; x_wconf 85' lang='lat' dir='ltr'>ne</span> <span class='ocrx_word' id='word_1_524' title='bbox 736 2024 780 2044; x_wconf 84' lang='lat' dir='ltr'>me</span> <span class='ocrx_word' id='word_1_525' title='bbox 791 2012 915 2043; x_wconf 79' lang='lat' dir='ltr'>damnet</span> <span class='ocrx_word' id='word_1_526' title='bbox 925 2014 977 2050; x_wconf 86' lang='lat' dir='ltr'>qui</span> <span class='ocrx_word' id='word_1_527' title='bbox 983 2006 1059 2048; x_wconf 80' lang='lat' dir='ltr'>fecit</span> <span class='ocrx_word' id='word_1_528' title='bbox 1081 2007 1184 2040; x_wconf 82' lang='lat' dir='ltr'>coelum</span> 
     </span>
     <span class='ocr_line' id='line_1_73' title="bbox 310 2056 1185 2109; baseline -0.019 -5"><span class='ocrx_word' id='word_1_529' title='bbox 310 2073 344 2104; x_wconf 67' lang='lat'>&lt;5</span> <span class='ocrx_word' id='word_1_530' title='bbox 360 2079 488 2102; x_wconf 78' lang='lat' dir='ltr'>terram.</span> <span class='ocrx_word' id='word_1_531' title='bbox 519 2064 643 2109; x_wconf 77' lang='lat' dir='ltr'>Rursum</span> <span class='ocrx_word' id='word_1_532' title='bbox 656 2071 742 2096; x_wconf 81' lang='lat' dir='ltr'>timeo</span> <span class='ocrx_word' id='word_1_533' title='bbox 756 2073 812 2093; x_wconf 86' lang='lat' dir='ltr'>non</span> <span class='ocrx_word' id='word_1_534' title='bbox 829 2060 951 2091; x_wconf 83' lang='lat' dir='ltr'>adorare</span> <span class='ocrx_word' id='word_1_535' title='bbox 957 2056 1115 2100; x_wconf 81' lang='lat' dir='ltr'>scabellum</span> <span class='ocrx_word' id='word_1_536' title='bbox 1133 2065 1185 2097; x_wconf 82' lang='lat' dir='ltr'>pe-</span> 
     </span>
     <span class='ocr_line' id='line_1_74' title="bbox 308 2107 1185 2156; baseline -0.018 -4"><span class='ocrx_word' id='word_1_537' title='bbox 308 2123 382 2152; x_wconf 83' lang='lat' dir='ltr'>dum</span> <span class='ocrx_word' id='word_1_538' title='bbox 396 2122 513 2150; x_wconf 84' lang='lat' dir='ltr'>Domini</span> <span class='ocrx_word' id='word_1_539' title='bbox 526 2120 582 2148; x_wconf 76' lang='lat' dir='ltr'>mei</span> <span class='ocrx_word' id='word_1_540' title='bbox 596 2141 606 2155; x_wconf 94' lang='lat'>,</span> <span class='ocrx_word' id='word_1_541' title='bbox 630 2119 702 2156; x_wconf 80' lang='lat' dir='ltr'>quia</span> <span class='ocrx_word' id='word_1_542' title='bbox 726 2109 863 2153; x_wconf 82' lang='lat' dir='ltr'>Psalmus</span> <span class='ocrx_word' id='word_1_543' title='bbox 884 2108 958 2141; x_wconf 75' lang='lat' dir='ltr'>mibi</span> <span class='ocrx_word' id='word_1_544' title='bbox 977 2108 1067 2139; x_wconf 75' lang='lat' dir='ltr'>dicit:</span> <span class='ocrx_word' id='word_1_545' title='bbox 1099 2107 1185 2138; x_wconf 81' lang='lat' dir='ltr'>Ado-</span> 
     </span>
     <span class='ocr_line' id='line_1_75' title="bbox 306 2154 1188 2207; baseline -0.018 -4"><span class='ocrx_word' id='word_1_546' title='bbox 306 2181 373 2203; x_wconf 79' lang='lat' dir='ltr'>rate</span> <span class='ocrx_word' id='word_1_547' title='bbox 385 2167 558 2201; x_wconf 79' lang='lat' dir='ltr'>scabeilum</span> <span class='ocrx_word' id='word_1_548' title='bbox 572 2166 688 2207; x_wconf 81' lang='lat' dir='ltr'>pedum</span> <span class='ocrx_word' id='word_1_549' title='bbox 706 2162 775 2203; x_wconf 83' lang='lat' dir='ltr'>ejus</span> <span class='ocrx_word' id='word_1_550' title='bbox 789 2186 794 2191; x_wconf 93' lang='lat'>.</span> <span class='ocrx_word' id='word_1_551' title='bbox 822 2161 935 2202; x_wconf 79' lang='lat' dir='ltr'>,Quaero</span> <span class='ocrx_word' id='word_1_552' title='bbox 958 2157 1033 2199; x_wconf 86' lang='lat' dir='ltr'>quid</span> <span class='ocrx_word' id='word_1_553' title='bbox 1033 2156 1071 2199; x_wconf 79' lang='lat' dir='ltr'>fit</span> <span class='ocrx_word' id='word_1_554' title='bbox 1077 2154 1188 2200; x_wconf 84' lang='lat' dir='ltr'>scabel-</span> 
     </span>
     <span class='ocr_line' id='line_1_76' title="bbox 305 2207 1184 2260; baseline -0.015 -8"><span class='ocrx_word' id='word_1_555' title='bbox 305 2222 368 2253; x_wconf 86' lang='lat' dir='ltr'>lum</span> <span class='ocrx_word' id='word_1_556' title='bbox 386 2218 499 2260; x_wconf 86' lang='lat' dir='ltr'>pedum</span> <span class='ocrx_word' id='word_1_557' title='bbox 524 2218 609 2255; x_wconf 84' lang='lat' dir='ltr'>ejus,</span> <span class='ocrx_word' id='word_1_558' title='bbox 634 2215 668 2247; x_wconf 57' lang='lat' dir='ltr'>er</span> <span class='ocrx_word' id='word_1_559' title='bbox 693 2213 764 2245; x_wconf 77' lang='lat' dir='ltr'>dicit</span> <span class='ocrx_word' id='word_1_560' title='bbox 787 2209 861 2243; x_wconf 82' lang='lat' dir='ltr'>mihi</span> <span class='ocrx_word' id='word_1_561' title='bbox 883 2207 1054 2251; x_wconf 85' lang='lat' dir='ltr'>scriptura:</span> <span class='ocrx_word' id='word_1_562' title='bbox 1080 2207 1184 2241; x_wconf 85' lang='lat' dir='ltr'>Terra</span> 
     </span>
     <span class='ocr_line' id='line_1_77' title="bbox 307 2259 1185 2307; baseline -0.016 -4"><span class='ocrx_word' id='word_1_563' title='bbox 307 2268 482 2304; x_wconf 78' lang='lat' dir='ltr'>scabellum</span> <span class='ocrx_word' id='word_1_564' title='bbox 509 2263 628 2307; x_wconf 69' lang='lat' dir='ltr'>pedum</span> <span class='ocrx_word' id='word_1_565' title='bbox 651 2273 799 2296; x_wconf 69' lang='lat' dir='ltr'>meorum</span> <span class='ocrx_word' id='word_1_566' title='bbox 818 2285 826 2292; x_wconf 95' lang='lat'>.</span> <span class='ocrx_word' id='word_1_567' title='bbox 864 2259 1027 2293; x_wconf 75' lang='lat' dir='ltr'>Fluc‘luans</span> <span class='ocrx_word' id='word_1_568' title='bbox 1047 2266 1185 2290; x_wconf 82' lang='lat' dir='ltr'>converto</span> 
     </span>
     <span class='ocr_line' id='line_1_78' title="bbox 307 2307 1185 2356; baseline -0.018 -2"><span class='ocrx_word' id='word_1_569' title='bbox 307 2331 355 2353; x_wconf 85' lang='lat' dir='ltr'>me</span> <span class='ocrx_word' id='word_1_570' title='bbox 367 2320 410 2351; x_wconf 86' lang='lat' dir='ltr'>ad</span> <span class='ocrx_word' id='word_1_571' title='bbox 420 2321 444 2349; x_wconf 91' lang='lat' dir='ltr'>C</span> <span class='ocrx_word' id='word_1_572' title='bbox 448 2315 570 2356; x_wconf 72' lang='lat' dir='ltr'>hristum</span> <span class='ocrx_word' id='word_1_573' title='bbox 583 2339 594 2355; x_wconf 94' lang='lat'>,</span> <span class='ocrx_word' id='word_1_574' title='bbox 617 2316 652 2348; x_wconf 63' lang='grc' dir='ltr'>ἐν</span> <span class='ocrx_word' id='word_1_575' title='bbox 665 2319 695 2345; x_wconf 80' lang='lat' dir='ltr'>in</span> <span class='ocrx_word' id='word_1_576' title='bbox 702 2324 787 2345; x_wconf 57' lang='lat' dir='ltr'>vento</span> <span class='ocrx_word' id='word_1_577' title='bbox 798 2311 935 2352; x_wconf 62' lang='lat' dir='ltr'>quomod&amp;</span> <span class='ocrx_word' id='word_1_578' title='bbox 952 2307 1013 2350; x_wconf 81' lang='lat' dir='ltr'>fine</span> <span class='ocrx_word' id='word_1_579' title='bbox 1031 2311 1185 2349; x_wconf 71' lang='lat' dir='ltr'>impietate</span> 
     </span>
     <span class='ocr_line' id='line_1_79' title="bbox 309 2362 1187 2406; baseline -0.016 -3"><span class='ocrx_word' id='word_1_580' title='bbox 309 2371 446 2403; x_wconf 79' lang='lat' dir='ltr'>adoretur</span> <span class='ocrx_word' id='word_1_581' title='bbox 460 2378 541 2401; x_wconf 79' lang='lat' dir='ltr'>terra</span> <span class='ocrx_word' id='word_1_582' title='bbox 557 2389 565 2397; x_wconf 83' lang='lat'><strong>.</strong></span> <span class='ocrx_word' id='word_1_583' title='bbox 591 2362 718 2406; x_wconf 71' lang='lat' dir='ltr'>Suftepit</span> <span class='ocrx_word' id='word_1_584' title='bbox 730 2362 806 2394; x_wconf 85' lang='lat' dir='ltr'>enlm</span> <span class='ocrx_word' id='word_1_585' title='bbox 818 2363 854 2393; x_wconf 87' lang='lat' dir='ltr'>de</span> <span class='ocrx_word' id='word_1_586' title='bbox 864 2370 946 2393; x_wconf 85' lang='lat' dir='ltr'>terra</span> <span class='ocrx_word' id='word_1_587' title='bbox 958 2369 1070 2392; x_wconf 82' lang='lat' dir='ltr'>terram</span> <span class='ocrx_word' id='word_1_588' title='bbox 1082 2381 1091 2397; x_wconf 90' lang='lat'>,</span> <span class='ocrx_word' id='word_1_589' title='bbox 1115 2362 1187 2399; x_wconf 78' lang='lat' dir='ltr'>quia</span> 
     </span>
     <span class='ocr_line' id='line_1_80' title="bbox 307 2412 1186 2455; baseline -0.017 -2"><span class='ocrx_word' id='word_1_590' title='bbox 307 2431 375 2453; x_wconf 85' lang='lat' dir='ltr'>caro</span> <span class='ocrx_word' id='word_1_591' title='bbox 388 2419 426 2451; x_wconf 80' lang='lat' dir='ltr'>de</span> <span class='ocrx_word' id='word_1_592' title='bbox 435 2425 516 2450; x_wconf 74' lang='lat' dir='ltr'>terra</span> <span class='ocrx_word' id='word_1_593' title='bbox 529 2415 564 2455; x_wconf 67' lang='lat' dir='ltr'>esi*</span> <span class='ocrx_word' id='word_1_594' title='bbox 579 2439 588 2455; x_wconf 91' lang='lat'>,</span> <span class='ocrx_word' id='word_1_595' title='bbox 614 2416 647 2448; x_wconf 69' lang='lat' dir='ltr'>(st</span> <span class='ocrx_word' id='word_1_596' title='bbox 660 2414 696 2446; x_wconf 86' lang='lat' dir='ltr'>de</span> <span class='ocrx_word' id='word_1_597' title='bbox 709 2423 798 2445; x_wconf 79' lang='lat' dir='ltr'>carne</span> <span class='ocrx_word' id='word_1_598' title='bbox 813 2415 920 2443; x_wconf 54' lang='grc' dir='ltr'><em>Μανία</em></span> <span class='ocrx_word' id='word_1_599' title='bbox 929 2421 1049 2443; x_wconf 82' lang='lat' dir='ltr'>carnem</span> <span class='ocrx_word' id='word_1_600' title='bbox 1059 2412 1166 2448; x_wconf 83' lang='lat' dir='ltr'>accepit</span> <span class='ocrx_word' id='word_1_601' title='bbox 1178 2430 1186 2437; x_wconf 89' lang='lat'>.</span> 
     </span>
    </p>
   </div>
   <div class='ocr_carea' id='block_1_22' title="bbox 1246 1809 2124 2452">
    <p class='ocr_par' dir='ltr' id='par_1_22' title="bbox 1246 1809 2124 2452">
     <span class='ocr_line' id='line_1_81' title="bbox 1246 1809 2122 1855; baseline 0.002 -14"><span class='ocrx_word' id='word_1_602' title='bbox 1246 1815 1322 1842; x_wconf 80' lang='lat' dir='ltr'>citur</span> <span class='ocrx_word' id='word_1_603' title='bbox 1338 1832 1348 1847; x_wconf 87' lang='lat'>,</span> <span class='ocrx_word' id='word_1_604' title='bbox 1375 1821 1433 1842; x_wconf 85' lang='lat' dir='ltr'>non</span> <span class='ocrx_word' id='word_1_605' title='bbox 1441 1809 1647 1851; x_wconf 66' lang='lat' dir='ltr'>sanllificatur</span> <span class='ocrx_word' id='word_1_606' title='bbox 1665 1819 1699 1843; x_wconf 87' lang='lat' dir='ltr'>ut</span> <span class='ocrx_word' id='word_1_607' title='bbox 1714 1811 1754 1851; x_wconf 81' lang='lat' dir='ltr'>fit</span> <span class='ocrx_word' id='word_1_608' title='bbox 1775 1818 1839 1843; x_wconf 87' lang='lat' dir='ltr'>tam</span> <span class='ocrx_word' id='word_1_609' title='bbox 1857 1822 1998 1855; x_wconf 84' lang='lat' dir='ltr'>magnum</span> <span class='ocrx_word' id='word_1_610' title='bbox 2018 1813 2122 1845; x_wconf 79' lang='lat' dir='ltr'>Sacra-</span> 
     </span>
     <span class='ocr_line' id='line_1_82' title="bbox 1247 1858 2121 1903; baseline 0.006 -12"><span class='ocrx_word' id='word_1_611' title='bbox 1247 1868 1378 1893; x_wconf 85' lang='lat' dir='ltr'>mentum</span> <span class='ocrx_word' id='word_1_612' title='bbox 1394 1881 1406 1897; x_wconf 92' lang='lat'><strong>,</strong></span> <span class='ocrx_word' id='word_1_613' title='bbox 1425 1858 1482 1900; x_wconf 76' lang='lat' dir='ltr'>nist</span> <span class='ocrx_word' id='word_1_614' title='bbox 1490 1867 1630 1901; x_wconf 79' lang='lat' dir='ltr'>operante</span> <span class='ocrx_word' id='word_1_615' title='bbox 1639 1859 1823 1902; x_wconf 79' lang='lat' dir='ltr'>invifibiltter</span> <span class='ocrx_word' id='word_1_616' title='bbox 1832 1863 1948 1903; x_wconf 78' lang='lat' dir='ltr'>spiritu</span> <span class='ocrx_word' id='word_1_617' title='bbox 1958 1864 2015 1895; x_wconf 74' lang='lat' dir='ltr'>Del</span> <span class='ocrx_word' id='word_1_618' title='bbox 2025 1885 2032 1893; x_wconf 87' lang='lat'><strong>.</strong></span> <span class='ocrx_word' id='word_1_619' title='bbox 2059 1861 2121 1896; x_wconf 78' lang='lat' dir='ltr'>Di-</span> 
     </span>
     <span class='ocr_line' id='line_1_83' title="bbox 1247 1908 2122 1951; baseline 0.005 -10"><span class='ocrx_word' id='word_1_620' title='bbox 1247 1908 1324 1943; x_wconf 76' lang='lat' dir='ltr'>serte</span> <span class='ocrx_word' id='word_1_621' title='bbox 1334 1910 1503 1951; x_wconf 82' lang='lat' dir='ltr'>profitetur</span> <span class='ocrx_word' id='word_1_622' title='bbox 1517 1908 1754 1944; x_wconf 86' lang='lat' dir='ltr'>Eucharistiam</span> <span class='ocrx_word' id='word_1_623' title='bbox 1766 1910 1828 1944; x_wconf 76' lang='lat' dir='ltr'>esse</span> <span class='ocrx_word' id='word_1_624' title='bbox 1840 1922 1907 1945; x_wconf 88' lang='lat' dir='ltr'>non</span> <span class='ocrx_word' id='word_1_625' title='bbox 1918 1920 2122 1945; x_wconf 87' lang='lat' dir='ltr'>tantummo-</span> 
     </span>
     <span class='ocr_line' id='line_1_84' title="bbox 1247 1958 2121 2005; baseline 0.003 -13"><span class='ocrx_word' id='word_1_626' title='bbox 1247 1958 1290 1993; x_wconf 72' lang='lat' dir='ltr'>do</span> <span class='ocrx_word' id='word_1_627' title='bbox 1303 1958 1428 2003; x_wconf 81' lang='lat' dir='ltr'>lignum</span> <span class='ocrx_word' id='word_1_628' title='bbox 1441 1959 1614 1994; x_wconf 87' lang='lat' dir='ltr'>Dominici</span> <span class='ocrx_word' id='word_1_629' title='bbox 1627 1959 1786 2003; x_wconf 81' lang='lat' dir='ltr'>Corporis</span> <span class='ocrx_word' id='word_1_630' title='bbox 1797 1984 1807 2000; x_wconf 92' lang='lat'>,</span> <span class='ocrx_word' id='word_1_631' title='bbox 1834 1960 1887 1995; x_wconf 90' lang='lat' dir='ltr'>sed</span> <span class='ocrx_word' id='word_1_632' title='bbox 1898 1961 2001 2005; x_wconf 86' lang='lat' dir='ltr'>ipsum</span> <span class='ocrx_word' id='word_1_633' title='bbox 2020 1961 2121 1995; x_wconf 86' lang='lat' dir='ltr'>etiam</span> 
     </span>
     <span class='ocr_line' id='line_1_85' title="bbox 1249 2009 2120 2054; baseline 0.002 -11"><span class='ocrx_word' id='word_1_634' title='bbox 1249 2009 1475 2043; x_wconf 73' lang='lat' dir='ltr'>Dominicum·</span> <span class='ocrx_word' id='word_1_635' title='bbox 1485 2009 1613 2054; x_wconf 87' lang='lat' dir='ltr'>Corpus</span> <span class='ocrx_word' id='word_1_636' title='bbox 1624 2033 1636 2050; x_wconf 85' lang='lat'>,</span> <span class='ocrx_word' id='word_1_637' title='bbox 1662 2021 1730 2044; x_wconf 88' lang='lat' dir='ltr'>nou</span> <span class='ocrx_word' id='word_1_638' title='bbox 1744 2010 1916 2045; x_wconf 64' lang='lat' dir='ltr'>doctrinali</span> <span class='ocrx_word' id='word_1_639' title='bbox 1930 2010 2029 2045; x_wconf 84' lang='lat' dir='ltr'>verbo</span> <span class='ocrx_word' id='word_1_640' title='bbox 2042 2036 2053 2052; x_wconf 91' lang='lat'>,</span> <span class='ocrx_word' id='word_1_641' title='bbox 2065 2010 2120 2045; x_wconf 84' lang='lat' dir='ltr'>sed</span> 
     </span>
     <span class='ocr_line' id='line_1_86' title="bbox 1250 2059 2121 2104; baseline -0.002 -9"><span class='ocrx_word' id='word_1_642' title='bbox 1250 2059 1384 2102; x_wconf 83' lang='lat' dir='ltr'>mystica</span> <span class='ocrx_word' id='word_1_643' title='bbox 1395 2070 1487 2102; x_wconf 84' lang='lat' dir='ltr'>prece</span> <span class='ocrx_word' id='word_1_644' title='bbox 1498 2061 1723 2094; x_wconf 82' lang='lat' dir='ltr'>consecratum</span> <span class='ocrx_word' id='word_1_645' title='bbox 1735 2084 1745 2099; x_wconf 89' lang='lat'>‚</span> <span class='ocrx_word' id='word_1_646' title='bbox 1771 2060 1805 2094; x_wconf 73' lang='grc' dir='ltr'>ὃ(</span> <span class='ocrx_word' id='word_1_647' title='bbox 1817 2060 1968 2094; x_wconf 78' lang='lat' dir='ltr'>invisibili</span> <span class='ocrx_word' id='word_1_648' title='bbox 1981 2061 2121 2104; x_wconf 82' lang='lat' dir='ltr'>Spiritus</span> 
     </span>
     <span class='ocr_line' id='line_1_87' title="bbox 1249 2108 2122 2155; baseline 0 -11"><span class='ocrx_word' id='word_1_649' title='bbox 1249 2108 1560 2152; x_wconf 72' lang='lat' dir='ltr'>Sanffloperatione</span> <span class='ocrx_word' id='word_1_650' title='bbox 1570 2109 1805 2143; x_wconf 66' lang='lat' dir='ltr'>sanctificatum</span> <span class='ocrx_word' id='word_1_651' title='bbox 1817 2110 1852 2143; x_wconf 88' lang='lat' dir='ltr'>in</span> <span class='ocrx_word' id='word_1_652' title='bbox 1876 2119 1943 2144; x_wconf 85' lang='lat' dir='ltr'>tam</span> <span class='ocrx_word' id='word_1_653' title='bbox 1961 2120 2122 2155; x_wconf 86' lang='lat' dir='ltr'>magnum</span> 
     </span>
     <span class='ocr_line' id='line_1_88' title="bbox 1249 2158 2122 2205; baseline 0 -11"><span class='ocrx_word' id='word_1_654' title='bbox 1249 2161 1492 2194; x_wconf 78' lang='lat' dir='ltr'>Sacramentum</span> <span class='ocrx_word' id='word_1_655' title='bbox 1508 2184 1516 2191; x_wconf 93' lang='lat'>.</span> <span class='ocrx_word' id='word_1_656' title='bbox 1556 2159 1612 2195; x_wconf 87' lang='lat' dir='ltr'>Ut</span> <span class='ocrx_word' id='word_1_657' title='bbox 1637 2158 1868 2202; x_wconf 67' lang='lat' dir='ltr'>Eucharistiae,</span> <span class='ocrx_word' id='word_1_658' title='bbox 1894 2159 2122 2205; x_wconf 85' lang='lat' dir='ltr'>Baptismatis,</span> 
     </span>
     <span class='ocr_line' id='line_1_89' title="bbox 1249 2209 2122 2254; baseline 0 -10"><span class='ocrx_word' id='word_1_659' title='bbox 1249 2209 1592 2244; x_wconf 83' lang='lat' dir='ltr'>autConfirmationis</span> <span class='ocrx_word' id='word_1_660' title='bbox 1611 2209 1772 2244; x_wconf 85' lang='lat' dir='ltr'>elementa</span> <span class='ocrx_word' id='word_1_661' title='bbox 1795 2210 1832 2243; x_wconf 82' lang='lat' dir='ltr'>in</span> <span class='ocrx_word' id='word_1_662' title='bbox 1853 2211 2028 2254; x_wconf 80' lang='lat' dir='ltr'>simplicem</span> <span class='ocrx_word' id='word_1_663' title='bbox 2049 2209 2122 2244; x_wconf 80' lang='lat' dir='ltr'>Do·</span> 
     </span>
     <span class='ocr_line' id='line_1_90' title="bbox 1250 2259 2122 2303; baseline 0 -11"><span class='ocrx_word' id='word_1_664' title='bbox 1250 2260 1332 2294; x_wconf 88' lang='lat' dir='ltr'>mini</span> <span class='ocrx_word' id='word_1_665' title='bbox 1356 2261 1496 2303; x_wconf 87' lang='lat' dir='ltr'>figuram</span> <span class='ocrx_word' id='word_1_666' title='bbox 1518 2260 1753 2293; x_wconf 86' lang='lat' dir='ltr'>consecrentur</span> <span class='ocrx_word' id='word_1_667' title='bbox 1772 2269 1810 2290; x_wconf 79' lang='lat' dir='ltr'>ac</span> <span class='ocrx_word' id='word_1_668' title='bbox 1828 2260 1996 2294; x_wconf 77' lang='lat' dir='ltr'>eleventur</span> <span class='ocrx_word' id='word_1_669' title='bbox 2012 2284 2022 2299; x_wconf 93' lang='lat'>,</span> <span class='ocrx_word' id='word_1_670' title='bbox 2050 2259 2122 2293; x_wconf 82' lang='lat' dir='ltr'>nul·</span> 
     </span>
     <span class='ocr_line' id='line_1_91' title="bbox 1250 2307 2123 2352; baseline 0 -10"><span class='ocrx_word' id='word_1_671' title='bbox 1250 2310 1316 2342; x_wconf 88' lang='lat' dir='ltr'>lum</span> <span class='ocrx_word' id='word_1_672' title='bbox 1329 2308 1536 2342; x_wconf 77' lang='lat' dir='ltr'>invifibile-ac</span> <span class='ocrx_word' id='word_1_673' title='bbox 1548 2307 1842 2343; x_wconf 84' lang='lat' dir='ltr'>extraordinarium</span> <span class='ocrx_word' id='word_1_674' title='bbox 1854 2309 1964 2344; x_wconf 68' lang='lat' dir='ltr'>Sansti</span> <span class='ocrx_word' id='word_1_675' title='bbox 1984 2309 2123 2352; x_wconf 86' lang='lat' dir='ltr'>Spiritus</span> 
     </span>
     <span class='ocr_line' id='line_1_92' title="bbox 1249 2357 2124 2403; baseline -0.002 -9"><span class='ocrx_word' id='word_1_676' title='bbox 1249 2369 1332 2403; x_wconf 84' lang='lat' dir='ltr'>opus</span> <span class='ocrx_word' id='word_1_677' title='bbox 1342 2359 1386 2391; x_wconf 86' lang='lat' dir='ltr'>est</span> <span class='ocrx_word' id='word_1_678' title='bbox 1398 2358 1610 2392; x_wconf 75' lang='lat' dir='ltr'>necessarium</span> <span class='ocrx_word' id='word_1_679' title='bbox 1620 2383 1627 2391; x_wconf 91' lang='lat'>.</span> <span class='ocrx_word' id='word_1_680' title='bbox 1656 2357 1826 2393; x_wconf 85' lang='lat' dir='ltr'>Elementa</span> <span class='ocrx_word' id='word_1_681' title='bbox 1838 2368 1971 2393; x_wconf 80' lang='lat' dir='ltr'>manent</span> <span class='ocrx_word' id='word_1_682' title='bbox 1982 2358 2124 2392; x_wconf 85' lang='lat' dir='ltr'>elemen-</span> 
     </span>
     <span class='ocr_line' id='line_1_93' title="bbox 1250 2406 2123 2452; baseline -0.001 -9"><span class='ocrx_word' id='word_1_683' title='bbox 1250 2420 1281 2443; x_wconf 86' lang='lat' dir='ltr'>ta</span> <span class='ocrx_word' id='word_1_684' title='bbox 1294 2433 1302 2440; x_wconf 89' lang='lat'>.</span> <span class='ocrx_word' id='word_1_685' title='bbox 1328 2408 1479 2449; x_wconf 86' lang='lat' dir='ltr'>Mysticae</span> <span class='ocrx_word' id='word_1_686' title='bbox 1491 2406 1622 2450; x_wconf 86' lang='lat' dir='ltr'>quidem</span> <span class='ocrx_word' id='word_1_687' title='bbox 1635 2419 1741 2451; x_wconf 78' lang='lat' dir='ltr'>preces</span> <span class='ocrx_word' id='word_1_688' title='bbox 1757 2409 1805 2441; x_wconf 88' lang='lat' dir='ltr'>eis</span> <span class='ocrx_word' id='word_1_689' title='bbox 1821 2406 2003 2443; x_wconf 84' lang='lat' dir='ltr'>infundunt</span> <span class='ocrx_word' id='word_1_690' title='bbox 2023 2419 2123 2452; x_wconf 78' lang='lat' dir='ltr'>atque</span> 
     </span>
    </p>
   </div>
   <div class='ocr_carea' id='block_1_23' title="bbox 310 2455 2124 2553">
    <p class='ocr_par' dir='ltr' id='par_1_23' title="bbox 310 2455 2124 2553">
     <span class='ocr_line' id='line_1_94' title="bbox 310 2455 2124 2511; baseline -0.006 -9"><span class='ocrx_word' id='word_1_691' title='bbox 310 2473 356 2502; x_wconf 81' lang='lat' dir='ltr'>Et</span> <span class='ocrx_word' id='word_1_692' title='bbox 369 2475 442 2511; x_wconf 74' lang='lat' dir='ltr'>quia</span> <span class='ocrx_word' id='word_1_693' title='bbox 453 2473 484 2500; x_wconf 88' lang='lat' dir='ltr'>in</span> <span class='ocrx_word' id='word_1_694' title='bbox 495 2465 560 2509; x_wconf 57' lang='grc' dir='ltr'>φρ</span> <span class='ocrx_word' id='word_1_695' title='bbox 571 2475 660 2498; x_wconf 77' lang='lat' dir='ltr'>carne</span> <span class='ocrx_word' id='word_1_696' title='bbox 670 2462 719 2496; x_wconf 78' lang='lat' dir='ltr'>hic</span> <span class='ocrx_word' id='word_1_697' title='bbox 731 2460 924 2499; x_wconf 76' lang='lat' dir='ltr'>ambulavit,</span> <span class='ocrx_word' id='word_1_698' title='bbox 952 2461 986 2492; x_wconf 64' lang='grc' dir='ltr'>(π</span> <span class='ocrx_word' id='word_1_699' title='bbox 1009 2455 1107 2500; x_wconf 83' lang='lat' dir='ltr'>ipsam</span> <span class='ocrx_word' id='word_1_700' title='bbox 1126 2466 1206 2490; x_wconf 78' lang='lat' dir='ltr'>car-1</span> <span class='ocrx_word' id='word_1_701' title='bbox 1250 2458 1428 2493; x_wconf 84' lang='lat' dir='ltr'>admiscent</span> <span class='ocrx_word' id='word_1_702' title='bbox 1449 2459 1601 2492; x_wconf 67' lang='lat' dir='ltr'>Sanctum</span> <span class='ocrx_word' id='word_1_703' title='bbox 1621 2458 1778 2502; x_wconf 87' lang='lat' dir='ltr'>Spiritum</span> <span class='ocrx_word' id='word_1_704' title='bbox 1799 2470 1806 2490; x_wconf 88' lang='lat'>:</span> <span class='ocrx_word' id='word_1_705' title='bbox 1834 2459 2054 2501; x_wconf 81' lang='lat' dir='ltr'>Nequaquam</span> <span class='ocrx_word' id='word_1_706' title='bbox 2076 2468 2124 2492; x_wconf 91' lang='lat' dir='ltr'>ta-</span> 
     </span>
     <span class='ocr_line' id='line_1_95' title="bbox 312 2507 2122 2553; baseline -0.006 0"><span class='ocrx_word' id='word_1_707' title='bbox 312 2532 381 2553; x_wconf 80' lang='lat' dir='ltr'>mm</span> <span class='ocrx_word' id='word_1_708' title='bbox 393 2519 476 2551; x_wconf 83' lang='lat' dir='ltr'>nobis</span> <span class='ocrx_word' id='word_1_709' title='bbox 499 2515 742 2549; x_wconf 67' lang='lat' dir='ltr'>manducandam</span> <span class='ocrx_word' id='word_1_710' title='bbox 763 2513 847 2544; x_wconf 81' lang='lat' dir='ltr'>dedit</span> <span class='ocrx_word' id='word_1_711' title='bbox 866 2511 910 2543; x_wconf 84' lang='lat' dir='ltr'>ad</span> <span class='ocrx_word' id='word_1_712' title='bbox 931 2507 1057 2551; x_wconf 82' lang='lat' dir='ltr'>salutem</span> <span class='ocrx_word' id='word_1_713' title='bbox 1071 2531 1081 2547; x_wconf 91' lang='lat'>,</span> <span class='ocrx_word' id='word_1_714' title='bbox 1105 2517 1190 2539; x_wconf 80' lang='lat' dir='ltr'>nemo</span> <span class='ocrx_word' id='word_1_715' title='bbox 1252 2520 1325 2542; x_wconf 87' lang='lat' dir='ltr'>men</span> <span class='ocrx_word' id='word_1_716' title='bbox 1340 2508 1480 2541; x_wconf 87' lang='lat' dir='ltr'>naturali</span> <span class='ocrx_word' id='word_1_717' title='bbox 1501 2508 1625 2542; x_wconf 89' lang='lat' dir='ltr'>unione</span> <span class='ocrx_word' id='word_1_718' title='bbox 1638 2531 1649 2547; x_wconf 93' lang='lat'><strong>,</strong></span> <span class='ocrx_word' id='word_1_719' title='bbox 1673 2508 1726 2541; x_wconf 89' lang='lat' dir='ltr'>sed</span> <span class='ocrx_word' id='word_1_720' title='bbox 1751 2508 1925 2543; x_wconf 82' lang='lat' dir='ltr'>dumtaxat</span> <span class='ocrx_word' id='word_1_721' title='bbox 1943 2509 2122 2544; x_wconf 83' lang='lat' dir='ltr'>extrinseca</span> 
     </span>
    </p>
   </div>
   <div class='ocr_carea' id='block_1_24' title="bbox 313 2557 1202 3456">
    <p class='ocr_par' dir='ltr' id='par_1_24' title="bbox 313 2557 1202 3456">
     <span class='ocr_line' id='line_1_96' title="bbox 313 2557 1193 2603; baseline -0.016 0"><span class='ocrx_word' id='word_1_722' title='bbox 313 2580 413 2603; x_wconf 85' lang='lat' dir='ltr'>autem</span> <span class='ocrx_word' id='word_1_723' title='bbox 426 2570 508 2601; x_wconf 78' lang='lat' dir='ltr'>illam</span> <span class='ocrx_word' id='word_1_724' title='bbox 516 2578 636 2601; x_wconf 84' lang='lat' dir='ltr'>carnem</span> <span class='ocrx_word' id='word_1_725' title='bbox 655 2563 838 2600; x_wconf 77' lang='lat' dir='ltr'>manducat,</span> <span class='ocrx_word' id='word_1_726' title='bbox 868 2557 923 2600; x_wconf 84' lang='lat' dir='ltr'>nifi</span> <span class='ocrx_word' id='word_1_727' title='bbox 938 2559 1024 2601; x_wconf 69' lang='lat' dir='ltr'>priris</span> <span class='ocrx_word' id='word_1_728' title='bbox 1048 2558 1193 2589; x_wconf 79' lang='lat' dir='ltr'>adorave-</span> 
     </span>
     <span class='ocr_line' id='line_1_97' title="bbox 315 2604 1191 2658; baseline -0.017 -5"><span class='ocrx_word' id='word_1_729' title='bbox 315 2627 358 2654; x_wconf 66' lang='lat' dir='ltr'>rit</span> <span class='ocrx_word' id='word_1_730' title='bbox 373 2645 381 2658; x_wconf 96' lang='lat'>,</span> <span class='ocrx_word' id='word_1_731' title='bbox 406 2626 568 2652; x_wconf 77' lang='lat' dir='ltr'>inventum</span> <span class='ocrx_word' id='word_1_732' title='bbox 576 2616 613 2656; x_wconf 87' lang='lat' dir='ltr'>est</span> <span class='ocrx_word' id='word_1_733' title='bbox 625 2612 868 2657; x_wconf 79' lang='lat' dir='ltr'>quemadmodum</span> <span class='ocrx_word' id='word_1_734' title='bbox 888 2611 1029 2642; x_wconf 76' lang='lat' dir='ltr'>adoretur</span> <span class='ocrx_word' id='word_1_735' title='bbox 1047 2607 1108 2640; x_wconf 86' lang='lat' dir='ltr'>tale</span> <span class='ocrx_word' id='word_1_736' title='bbox 1127 2604 1191 2648; x_wconf 83' lang='lat' dir='ltr'>sca-</span> 
     </span>
     <span class='ocr_line' id='line_1_98' title="bbox 317 2658 1192 2715; baseline -0.018 -12"><span class='ocrx_word' id='word_1_737' title='bbox 317 2671 422 2703; x_wconf 77' lang='lat' dir='ltr'>bellum</span> <span class='ocrx_word' id='word_1_738' title='bbox 432 2670 542 2712; x_wconf 83' lang='lat' dir='ltr'>pedum</span> <span class='ocrx_word' id='word_1_739' title='bbox 556 2670 697 2707; x_wconf 76' lang='lat' dir='ltr'>Domini,</span> <span class='ocrx_word' id='word_1_740' title='bbox 719 2664 752 2696; x_wconf 63' lang='grc' dir='ltr'>Θ</span> <span class='ocrx_word' id='word_1_741' title='bbox 774 2673 832 2694; x_wconf 84' lang='lat' dir='ltr'>non</span> <span class='ocrx_word' id='word_1_742' title='bbox 853 2658 947 2703; x_wconf 75' lang='lat' dir='ltr'>solum</span> <span class='ocrx_word' id='word_1_743' title='bbox 969 2669 1027 2691; x_wconf 87' lang='lat' dir='ltr'>non</span> <span class='ocrx_word' id='word_1_744' title='bbox 1045 2666 1192 2715; x_wconf 61' lang='lat' dir='ltr'>peccemus</span> 
     </span>
     <span class='ocr_line' id='line_1_99' title="bbox 320 2709 1193 2763; baseline -0.016 -11"><span class='ocrx_word' id='word_1_745' title='bbox 320 2722 495 2759; x_wconf 81' lang='lat' dir='ltr'>adorando,</span> <span class='ocrx_word' id='word_1_746' title='bbox 520 2717 575 2761; x_wconf 79' lang='lat' dir='ltr'>sed</span> <span class='ocrx_word' id='word_1_747' title='bbox 593 2725 738 2758; x_wconf 82' lang='lat' dir='ltr'>peccemus</span> <span class='ocrx_word' id='word_1_748' title='bbox 763 2723 820 2745; x_wconf 82' lang='lat' dir='ltr'>non</span> <span class='ocrx_word' id='word_1_749' title='bbox 841 2710 1014 2743; x_wconf 86' lang='lat' dir='ltr'>adorando.</span> <span class='ocrx_word' id='word_1_750' title='bbox 1040 2709 1193 2763; x_wconf 74' lang='lat' dir='ltr'>Omnino</span> 
     </span>
     <span class='ocr_line' id='line_1_100' title="bbox 322 2756 1194 2813; baseline -0.017 -10"><span class='ocrx_word' id='word_1_751' title='bbox 322 2769 389 2813; x_wconf 84' lang='lat' dir='ltr'>agit</span> <span class='ocrx_word' id='word_1_752' title='bbox 400 2770 440 2802; x_wconf 86' lang='lat' dir='ltr'>de</span> <span class='ocrx_word' id='word_1_753' title='bbox 453 2768 646 2801; x_wconf 81' lang='lat' dir='ltr'>adoratione</span> <span class='ocrx_word' id='word_1_754' title='bbox 675 2765 790 2797; x_wconf 78' lang='lat' dir='ltr'>latriae.</span> <span class='ocrx_word' id='word_1_755' title='bbox 820 2761 913 2794; x_wconf 86' lang='lat' dir='ltr'>Hinc</span> <span class='ocrx_word' id='word_1_756' title='bbox 934 2758 1026 2793; x_wconf 84' lang='lat' dir='ltr'>addit</span> <span class='ocrx_word' id='word_1_757' title='bbox 1047 2758 1082 2791; x_wconf 84' lang='lat' dir='ltr'>in</span> <span class='ocrx_word' id='word_1_758' title='bbox 1103 2756 1194 2790; x_wconf 79' lang='lat' dir='ltr'>libris</span> 
     </span>
     <span class='ocr_line' id='line_1_101' title="bbox 322 2807 1194 2851; baseline -0.017 0"><span class='ocrx_word' id='word_1_759' title='bbox 322 2819 472 2851; x_wconf 76' lang='lat' dir='ltr'>adversus</span> <span class='ocrx_word' id='word_1_760' title='bbox 484 2816 658 2850; x_wconf 68' lang='lat' dir='ltr'>Faustum.</span> <span class='ocrx_word' id='word_1_761' title='bbox 686 2818 748 2846; x_wconf 85' lang='lat' dir='ltr'>Cur</span> <span class='ocrx_word' id='word_1_762' title='bbox 762 2812 921 2844; x_wconf 78' lang='lat' dir='ltr'>arbitretur</span> <span class='ocrx_word' id='word_1_763' title='bbox 946 2807 1073 2848; x_wconf 85' lang='lat' dir='ltr'>Faustus</span> <span class='ocrx_word' id='word_1_764' title='bbox 1093 2815 1194 2848; x_wconf 80' lang='lat' dir='ltr'>parem</span> 
     </span>
     <span class='ocr_line' id='line_1_102' title="bbox 326 2854 1193 2911; baseline -0.017 -9"><span class='ocrx_word' id='word_1_765' title='bbox 326 2869 408 2902; x_wconf 82' lang='lat' dir='ltr'>nobis</span> <span class='ocrx_word' id='word_1_766' title='bbox 420 2867 471 2911; x_wconf 80' lang='lat' dir='ltr'>effe</span> <span class='ocrx_word' id='word_1_767' title='bbox 482 2868 646 2909; x_wconf 79' lang='lat' dir='ltr'>religionem</span> <span class='ocrx_word' id='word_1_768' title='bbox 655 2863 732 2896; x_wconf 71' lang='lat' dir='ltr'>circa</span> <span class='ocrx_word' id='word_1_769' title='bbox 739 2871 850 2903; x_wconf 79' lang='lat' dir='ltr'>panem</span> <span class='ocrx_word' id='word_1_770' title='bbox 861 2862 894 2894; x_wconf 66' lang='lat'>(5</span> <span class='ocrx_word' id='word_1_771' title='bbox 915 2859 1032 2892; x_wconf 77' lang='lat' dir='ltr'>calicem</span> <span class='ocrx_word' id='word_1_772' title='bbox 1044 2882 1055 2898; x_wconf 94' lang='lat'>‚</span> <span class='ocrx_word' id='word_1_773' title='bbox 1082 2854 1173 2898; x_wconf 82' lang='lat' dir='ltr'>nescio</span> <span class='ocrx_word' id='word_1_774' title='bbox 1183 2879 1193 2895; x_wconf 89' lang='lat'>‚</span> 
     </span>
     <span class='ocr_line' id='line_1_103' title="bbox 323 2903 1197 2955; baseline -0.016 -4"><span class='ocrx_word' id='word_1_775' title='bbox 323 2931 390 2952; x_wconf 83' lang='lat' dir='ltr'>cum</span> <span class='ocrx_word' id='word_1_776' title='bbox 401 2916 576 2951; x_wconf 76' lang='lat' dir='ltr'>Manichaeis</span> <span class='ocrx_word' id='word_1_777' title='bbox 589 2920 694 2948; x_wconf 85' lang='lat' dir='ltr'>vinum</span> <span class='ocrx_word' id='word_1_778' title='bbox 701 2911 815 2955; x_wconf 79' lang='lat' dir='ltr'>gustare</span> <span class='ocrx_word' id='word_1_779' title='bbox 826 2936 836 2952; x_wconf 93' lang='lat'>‚</span> <span class='ocrx_word' id='word_1_780' title='bbox 863 2922 920 2943; x_wconf 85' lang='lat' dir='ltr'>non</span> <span class='ocrx_word' id='word_1_781' title='bbox 944 2910 1044 2952; x_wconf 71' lang='lat' dir='ltr'>religio</span> <span class='ocrx_word' id='word_1_782' title='bbox 1057 2906 1097 2949; x_wconf 79' lang='lat' dir='ltr'>fit</span> <span class='ocrx_word' id='word_1_783' title='bbox 1108 2930 1119 2947; x_wconf 84' lang='lat'>‚</span> <span class='ocrx_word' id='word_1_784' title='bbox 1141 2903 1197 2948; x_wconf 70' lang='lat' dir='ltr'>sed</span> 
     </span>
     <span class='ocr_line' id='line_1_104' title="bbox 322 2956 1194 3013; baseline -0.018 -12"><span class='ocrx_word' id='word_1_785' title='bbox 322 2969 508 3013; x_wconf 62' lang='lat' dir='ltr'>fiterilegium</span> <span class='ocrx_word' id='word_1_786' title='bbox 518 2992 525 2999; x_wconf 94' lang='lat'>.</span> <span class='ocrx_word' id='word_1_787' title='bbox 553 2970 589 2998; x_wconf 87' lang='lat' dir='ltr'>In</span> <span class='ocrx_word' id='word_1_788' title='bbox 598 2976 661 2998; x_wconf 83' lang='lat' dir='ltr'>uva</span> <span class='ocrx_word' id='word_1_789' title='bbox 672 2970 752 2996; x_wconf 83' lang='lat' dir='ltr'>enim</span> <span class='ocrx_word' id='word_1_790' title='bbox 763 2958 919 3004; x_wconf 78' lang='lat' dir='ltr'>agnoscunt</span> <span class='ocrx_word' id='word_1_791' title='bbox 933 2963 1026 2993; x_wconf 79' lang='lat' dir='ltr'>Deum</span> <span class='ocrx_word' id='word_1_792' title='bbox 1031 2956 1120 3001; x_wconf 82' lang='lat' dir='ltr'>suum</span> <span class='ocrx_word' id='word_1_793' title='bbox 1132 2980 1143 2996; x_wconf 89' lang='lat'>,</span> <span class='ocrx_word' id='word_1_794' title='bbox 1162 2960 1194 2986; x_wconf 81' lang='lat' dir='ltr'>in</span> 
     </span>
     <span class='ocr_line' id='line_1_105' title="bbox 327 3003 1194 3059; baseline -0.016 -7"><span class='ocrx_word' id='word_1_795' title='bbox 327 3027 403 3059; x_wconf 81' lang='lat' dir='ltr'>cupa</span> <span class='ocrx_word' id='word_1_796' title='bbox 415 3019 534 3056; x_wconf 82' lang='lat' dir='ltr'>nolum,</span> <span class='ocrx_word' id='word_1_797' title='bbox 561 3013 646 3057; x_wconf 78' lang='lat' dir='ltr'>quafi</span> <span class='ocrx_word' id='word_1_798' title='bbox 664 3013 782 3053; x_wconf 81' lang='lat' dir='ltr'>aliquid</span> <span class='ocrx_word' id='word_1_799' title='bbox 801 3022 849 3043; x_wconf 87' lang='lat' dir='ltr'>eos</span> <span class='ocrx_word' id='word_1_800' title='bbox 869 3011 996 3043; x_wconf 83' lang='lat' dir='ltr'>calcatus</span> <span class='ocrx_word' id='word_1_801' title='bbox 1017 3013 1052 3044; x_wconf 73' lang='lat' dir='ltr'>e&amp;</span> <span class='ocrx_word' id='word_1_802' title='bbox 1072 3003 1194 3047; x_wconf 83' lang='lat' dir='ltr'>inclusus</span> 
     </span>
     <span class='ocr_line' id='line_1_106' title="bbox 328 3057 1192 3110; baseline -0.016 -8"><span class='ocrx_word' id='word_1_803' title='bbox 328 3069 478 3110; x_wconf 51' lang='lat' dir='ltr'>effindat.</span> <span class='ocrx_word' id='word_1_804' title='bbox 506 3066 612 3104; x_wconf 81' lang='lat' dir='ltr'>Noster</span> <span class='ocrx_word' id='word_1_805' title='bbox 623 3072 719 3096; x_wconf 82' lang='lat' dir='ltr'>autem</span> <span class='ocrx_word' id='word_1_806' title='bbox 734 3068 827 3102; x_wconf 86' lang='lat' dir='ltr'>panis</span> <span class='ocrx_word' id='word_1_807' title='bbox 845 3061 880 3094; x_wconf 67' lang='lat'>(25</span> <span class='ocrx_word' id='word_1_808' title='bbox 900 3060 998 3099; x_wconf 62' lang='lat' dir='ltr'>calix,</span> <span class='ocrx_word' id='word_1_809' title='bbox 1023 3069 1081 3091; x_wconf 87' lang='lat' dir='ltr'>non</span> <span class='ocrx_word' id='word_1_810' title='bbox 1106 3057 1192 3100; x_wconf 66' lang='lat' dir='ltr'>quil.-</span> 
     </span>
     <span class='ocr_line' id='line_1_107' title="bbox 329 3108 1195 3161; baseline -0.014 -10"><span class='ocrx_word' id='word_1_811' title='bbox 329 3120 378 3151; x_wconf 84' lang='lat' dir='ltr'>bet</span> <span class='ocrx_word' id='word_1_812' title='bbox 391 3144 399 3159; x_wconf 90' lang='lat'>‚</span> <span class='ocrx_word' id='word_1_813' title='bbox 422 3117 478 3161; x_wconf 81' lang='lat' dir='ltr'>sed</span> <span class='ocrx_word' id='word_1_814' title='bbox 486 3127 565 3151; x_wconf 79' lang='lat' dir='ltr'>certa</span> <span class='ocrx_word' id='word_1_815' title='bbox 577 3113 787 3156; x_wconf 73' lang='lat' dir='ltr'>consecratione</span> <span class='ocrx_word' id='word_1_816' title='bbox 802 3108 975 3150; x_wconf 79' lang='lat' dir='ltr'>mysticusfit</span> <span class='ocrx_word' id='word_1_817' title='bbox 987 3109 1071 3141; x_wconf 74' lang='lat' dir='ltr'>nobis</span> <span class='ocrx_word' id='word_1_818' title='bbox 1095 3117 1195 3148; x_wconf 83' lang='lat' dir='ltr'>corpus</span> 
     </span>
     <span class='ocr_line' id='line_1_108' title="bbox 332 3156 1197 3208; baseline -0.015 -7"><span class='ocrx_word' id='word_1_819' title='bbox 332 3169 458 3208; x_wconf 77' lang='lat' dir='ltr'>Christi,</span> <span class='ocrx_word' id='word_1_820' title='bbox 486 3179 545 3200; x_wconf 88' lang='lat' dir='ltr'>non</span> <span class='ocrx_word' id='word_1_821' title='bbox 564 3163 693 3208; x_wconf 73' lang='lat' dir='ltr'>nascitur</span> <span class='ocrx_word' id='word_1_822' title='bbox 714 3187 722 3194; x_wconf 93' lang='lat'>.</span> <span class='ocrx_word' id='word_1_823' title='bbox 754 3161 882 3193; x_wconf 78' lang='lat' dir='ltr'>Proinde</span> <span class='ocrx_word' id='word_1_824' title='bbox 900 3160 981 3201; x_wconf 75' lang='lat' dir='ltr'>quod</span> <span class='ocrx_word' id='word_1_825' title='bbox 998 3169 1056 3190; x_wconf 85' lang='lat' dir='ltr'>non</span> <span class='ocrx_word' id='word_1_826' title='bbox 1074 3163 1121 3190; x_wconf 75' lang='lat' dir='ltr'>ita</span> <span class='ocrx_word' id='word_1_827' title='bbox 1136 3156 1175 3198; x_wconf 82' lang='lat' dir='ltr'>fit</span> <span class='ocrx_word' id='word_1_828' title='bbox 1187 3183 1197 3199; x_wconf 82' lang='lat'>‚</span> 
     </span>
     <span class='ocr_line' id='line_1_109' title="bbox 334 3207 1198 3259; baseline -0.012 -11"><span class='ocrx_word' id='word_1_829' title='bbox 334 3223 471 3259; x_wconf 70' lang='lat' dir='ltr'>quamvis</span> <span class='ocrx_word' id='word_1_830' title='bbox 482 3216 517 3257; x_wconf 79' lang='lat' dir='ltr'>fit</span> <span class='ocrx_word' id='word_1_831' title='bbox 526 3221 619 3258; x_wconf 81' lang='lat' dir='ltr'>panis</span> <span class='ocrx_word' id='word_1_832' title='bbox 641 3216 675 3247; x_wconf 70' lang='lat'>&lt;5</span> <span class='ocrx_word' id='word_1_833' title='bbox 691 3213 773 3245; x_wconf 75' lang='lat' dir='ltr'>calix</span> <span class='ocrx_word' id='word_1_834' title='bbox 784 3234 794 3249; x_wconf 92' lang='lat'>,</span> <span class='ocrx_word' id='word_1_835' title='bbox 820 3211 994 3242; x_wconf 82' lang='lat' dir='ltr'>alimentum</span> <span class='ocrx_word' id='word_1_836' title='bbox 1015 3207 1051 3247; x_wconf 84' lang='lat' dir='ltr'>est</span> <span class='ocrx_word' id='word_1_837' title='bbox 1072 3207 1198 3248; x_wconf 70' lang='lat' dir='ltr'>rifec‘lto-</span> 
     </span>
     <span class='ocr_line' id='line_1_110' title="bbox 334 3256 1199 3306; baseline -0.013 -6"><span class='ocrx_word' id='word_1_838' title='bbox 334 3273 383 3299; x_wconf 82' lang='lat' dir='ltr'>nis</span> <span class='ocrx_word' id='word_1_839' title='bbox 397 3292 407 3306; x_wconf 91' lang='lat'>‚</span> <span class='ocrx_word' id='word_1_840' title='bbox 431 3268 720 3299; x_wconf 69' lang='lat' dir='ltr'>nonsacramentum</span> <span class='ocrx_word' id='word_1_841' title='bbox 739 3261 884 3303; x_wconf 80' lang='lat' dir='ltr'>religionis</span> <span class='ocrx_word' id='word_1_842' title='bbox 896 3284 904 3291; x_wconf 88' lang='lat'><strong><em>.</em></strong></span> <span class='ocrx_word' id='word_1_843' title='bbox 933 3258 1004 3300; x_wconf 63' lang='lat' dir='ltr'>Nisi⁴</span> <span class='ocrx_word' id='word_1_844' title='bbox 1023 3259 1100 3300; x_wconf 82' lang='lat' dir='ltr'>quod</span> <span class='ocrx_word' id='word_1_845' title='bbox 1117 3256 1199 3291; x_wconf 85' lang='lat' dir='ltr'>bene-</span> 
     </span>
     <span class='ocr_line' id='line_1_111' title="bbox 333 3310 1199 3358; baseline -0.01 -10"><span class='ocrx_word' id='word_1_846' title='bbox 333 3318 460 3349; x_wconf 75' lang='lat' dir='ltr'>dicimus</span> <span class='ocrx_word' id='word_1_847' title='bbox 478 3340 490 3356; x_wconf 80' lang='lat'>,</span> <span class='ocrx_word' id='word_1_848' title='bbox 515 3313 688 3358; x_wconf 75' lang='lat' dir='ltr'>grattasque</span> <span class='ocrx_word' id='word_1_849' title='bbox 707 3318 823 3354; x_wconf 80' lang='lat' dir='ltr'>agimus</span> <span class='ocrx_word' id='word_1_850' title='bbox 846 3312 969 3341; x_wconf 86' lang='lat' dir='ltr'>Domino</span> <span class='ocrx_word' id='word_1_851' title='bbox 992 3314 1024 3340; x_wconf 82' lang='lat' dir='ltr'>in</span> <span class='ocrx_word' id='word_1_852' title='bbox 1037 3311 1116 3339; x_wconf 83' lang='lat' dir='ltr'>omni</span> <span class='ocrx_word' id='word_1_853' title='bbox 1135 3310 1199 3348; x_wconf 79' lang='lat' dir='ltr'>ejus</span> 
     </span>
     <span class='ocr_line' id='line_1_112' title="bbox 334 3357 1202 3407; baseline -0.013 -8"><span class='ocrx_word' id='word_1_854' title='bbox 334 3376 454 3399; x_wconf 85' lang='lat' dir='ltr'>munere</span> <span class='ocrx_word' id='word_1_855' title='bbox 469 3390 479 3404; x_wconf 89' lang='lat'>,</span> <span class='ocrx_word' id='word_1_856' title='bbox 504 3376 561 3397; x_wconf 81' lang='lat' dir='ltr'>non</span> <span class='ocrx_word' id='word_1_857' title='bbox 568 3365 663 3407; x_wconf 72' lang='lat' dir='ltr'>sblum</span> <span class='ocrx_word' id='word_1_858' title='bbox 670 3361 824 3405; x_wconf 79' lang='lat' dir='ltr'>spirituali</span> <span class='ocrx_word' id='word_1_859' title='bbox 835 3384 846 3399; x_wconf 90' lang='lat'>‚</span> <span class='ocrx_word' id='word_1_860' title='bbox 866 3357 1024 3400; x_wconf 79' lang='lat' dir='ltr'>sedetiam</span> <span class='ocrx_word' id='word_1_861' title='bbox 1043 3358 1202 3397; x_wconf 82' lang='lat' dir='ltr'>corporali.</span> 
     </span>
     <span class='ocr_line' id='line_1_113' title="bbox 332 3408 1202 3456; baseline -0.014 -5"><span class='ocrx_word' id='word_1_862' title='bbox 332 3416 379 3451; x_wconf 84' lang='lat' dir='ltr'>Et</span> <span class='ocrx_word' id='word_1_863' title='bbox 393 3414 500 3451; x_wconf 76' lang='lat' dir='ltr'>statim</span> <span class='ocrx_word' id='word_1_864' title='bbox 513 3414 613 3448; x_wconf 73' lang='lat' dir='ltr'>infra:</span> <span class='ocrx_word' id='word_1_865' title='bbox 638 3412 791 3456; x_wconf 67' lang='lat' dir='ltr'>,Quomodb</span> <span class='ocrx_word' id='word_1_866' title='bbox 802 3417 951 3452; x_wconf 75' lang='lat' dir='ltr'>comparas</span> <span class='ocrx_word' id='word_1_867' title='bbox 958 3417 1070 3451; x_wconf 84' lang='lat' dir='ltr'>panem</span> <span class='ocrx_word' id='word_1_868' title='bbox 1083 3409 1115 3441; x_wconf 62' lang='grc' dir='ltr'>δ’</span> <span class='ocrx_word' id='word_1_869' title='bbox 1134 3408 1202 3441; x_wconf 81' lang='lat' dir='ltr'>cali-</span> 
     </span>
    </p>
   </div>
   <div class='ocr_carea' id='block_1_25' title="bbox 1251 2557 2131 3400">
    <p class='ocr_par' dir='ltr' id='par_1_25' title="bbox 1251 2557 2131 3400">
     <span class='ocr_line' id='line_1_114' title="bbox 1251 2557 2123 2602; baseline 0 -11"><span class='ocrx_word' id='word_1_870' title='bbox 1251 2558 1305 2591; x_wconf 88' lang='lat' dir='ltr'>illa</span> <span class='ocrx_word' id='word_1_871' title='bbox 1317 2557 1502 2591; x_wconf 82' lang='lat' dir='ltr'>adsistentia</span> <span class='ocrx_word' id='word_1_872' title='bbox 1513 2580 1525 2597; x_wconf 86' lang='lat'><strong><em>‚</em></strong></span> <span class='ocrx_word' id='word_1_873' title='bbox 1549 2568 1614 2600; x_wconf 88' lang='lat' dir='ltr'>qua</span> <span class='ocrx_word' id='word_1_874' title='bbox 1627 2558 1713 2592; x_wconf 88' lang='lat' dir='ltr'>idem</span> <span class='ocrx_word' id='word_1_875' title='bbox 1725 2558 1791 2591; x_wconf 90' lang='lat' dir='ltr'>Dei</span> <span class='ocrx_word' id='word_1_876' title='bbox 1805 2558 1939 2602; x_wconf 84' lang='lat' dir='ltr'>Spiritus</span> <span class='ocrx_word' id='word_1_877' title='bbox 1951 2558 1985 2592; x_wconf 88' lang='lat' dir='ltr'>in</span> <span class='ocrx_word' id='word_1_878' title='bbox 2006 2557 2123 2592; x_wconf 85' lang='lat' dir='ltr'>mundi</span> 
     </span>
     <span class='ocr_line' id='line_1_115' title="bbox 1253 2607 2122 2651; baseline -0.003 -9"><span class='ocrx_word' id='word_1_879' title='bbox 1253 2607 1417 2642; x_wconf 85' lang='lat' dir='ltr'>natalibus</span> <span class='ocrx_word' id='word_1_880' title='bbox 1429 2607 1588 2641; x_wconf 86' lang='lat' dir='ltr'>ferebatur</span> <span class='ocrx_word' id='word_1_881' title='bbox 1600 2608 1692 2651; x_wconf 87' lang='lat' dir='ltr'>super</span> <span class='ocrx_word' id='word_1_882' title='bbox 1712 2618 1831 2649; x_wconf 86' lang='lat' dir='ltr'>aquas.</span> <span class='ocrx_word' id='word_1_883' title='bbox 1858 2607 1926 2642; x_wconf 81' lang='lat' dir='ltr'>Uti</span> <span class='ocrx_word' id='word_1_884' title='bbox 1946 2618 2026 2642; x_wconf 88' lang='lat' dir='ltr'>tunc</span> <span class='ocrx_word' id='word_1_885' title='bbox 2046 2607 2122 2640; x_wconf 85' lang='lat' dir='ltr'>solis</span> 
     </span>
     <span class='ocr_line' id='line_1_116' title="bbox 1253 2656 2122 2701; baseline -0.001 -10"><span class='ocrx_word' id='word_1_886' title='bbox 1253 2658 1342 2701; x_wconf 87' lang='lat' dir='ltr'>aquis</span> <span class='ocrx_word' id='word_1_887' title='bbox 1354 2656 1528 2693; x_wconf 80' lang='lat' dir='ltr'>incubabat</span> <span class='ocrx_word' id='word_1_888' title='bbox 1543 2657 1583 2691; x_wconf 83' lang='lat' dir='ltr'>ad</span> <span class='ocrx_word' id='word_1_889' title='bbox 1595 2658 1781 2700; x_wconf 85' lang='lat' dir='ltr'>generanda</span> <span class='ocrx_word' id='word_1_890' title='bbox 1793 2668 1927 2700; x_wconf 84' lang='lat' dir='ltr'>corpora</span> <span class='ocrx_word' id='word_1_891' title='bbox 1939 2681 1949 2696; x_wconf 93' lang='lat'>‚</span> <span class='ocrx_word' id='word_1_892' title='bbox 1976 2656 2024 2691; x_wconf 81' lang='lat' dir='ltr'>ita</span> <span class='ocrx_word' id='word_1_893' title='bbox 2033 2667 2122 2690; x_wconf 86' lang='lat' dir='ltr'>nunc</span> 
     </span>
     <span class='ocr_line' id='line_1_117' title="bbox 1254 2705 2124 2751; baseline -0.003 -9"><span class='ocrx_word' id='word_1_894' title='bbox 1254 2708 1293 2742; x_wconf 87' lang='lat' dir='ltr'>ad</span> <span class='ocrx_word' id='word_1_895' title='bbox 1307 2707 1541 2751; x_wconf 80' lang='lat' dir='ltr'>regenerandas</span> <span class='ocrx_word' id='word_1_896' title='bbox 1561 2718 1618 2741; x_wconf 86' lang='lat' dir='ltr'>aut</span> <span class='ocrx_word' id='word_1_897' title='bbox 1639 2705 1968 2750; x_wconf 34' lang='lat' dir='ltr'>reparandas‘animas</span> <span class='ocrx_word' id='word_1_898' title='bbox 1987 2706 2124 2741; x_wconf 85' lang='lat' dir='ltr'>incubat</span> 
     </span>
     <span class='ocr_line' id='line_1_118' title="bbox 1254 2757 2124 2800; baseline -0.003 -8"><span class='ocrx_word' id='word_1_899' title='bbox 1254 2759 1444 2793; x_wconf 70' lang='lat' dir='ltr'>caustorum</span> <span class='ocrx_word' id='word_1_900' title='bbox 1467 2758 1750 2791; x_wconf 75' lang='lat' dir='ltr'>sacramentorum</span> <span class='ocrx_word' id='word_1_901' title='bbox 1773 2757 1966 2798; x_wconf 80' lang='lat' dir='ltr'>elementis,</span> <span class='ocrx_word' id='word_1_902' title='bbox 1991 2758 2124 2800; x_wconf 81' lang='lat' dir='ltr'>ipsaque</span> 
     </span>
     <span class='ocr_line' id='line_1_119' title="bbox 1255 2806 2124 2851; baseline 0 -10"><span class='ocrx_word' id='word_1_903' title='bbox 1255 2808 1406 2851; x_wconf 77' lang='lat' dir='ltr'>adjuvat,</span> <span class='ocrx_word' id='word_1_904' title='bbox 1431 2807 1557 2847; x_wconf 84' lang='lat' dir='ltr'>elevat,</span> <span class='ocrx_word' id='word_1_905' title='bbox 1582 2807 1766 2841; x_wconf 84' lang='lat' dir='ltr'>foecundat.</span> <span class='ocrx_word' id='word_1_906' title='bbox 1794 2806 1875 2840; x_wconf 82' lang='lat' dir='ltr'>Haec</span> <span class='ocrx_word' id='word_1_907' title='bbox 1892 2806 1960 2849; x_wconf 77' lang='lat' dir='ltr'>ejus</span> <span class='ocrx_word' id='word_1_908' title='bbox 1979 2806 2124 2850; x_wconf 79' lang='lat' dir='ltr'>gratiosa</span> 
     </span>
     <span class='ocr_line' id='line_1_120' title="bbox 1254 2856 2125 2901; baseline -0.005 -10"><span class='ocrx_word' id='word_1_909' title='bbox 1254 2859 1402 2901; x_wconf 85' lang='lat' dir='ltr'>operatio</span> <span class='ocrx_word' id='word_1_910' title='bbox 1417 2867 1481 2890; x_wconf 90' lang='lat' dir='ltr'>non</span> <span class='ocrx_word' id='word_1_911' title='bbox 1496 2858 1669 2891; x_wconf 86' lang='lat' dir='ltr'>intervenit</span> <span class='ocrx_word' id='word_1_912' title='bbox 1683 2880 1694 2896; x_wconf 87' lang='lat'><strong>,</strong></span> <span class='ocrx_word' id='word_1_913' title='bbox 1722 2857 1777 2889; x_wconf 83' lang='lat' dir='ltr'>nili</span> <span class='ocrx_word' id='word_1_914' title='bbox 1790 2856 1870 2890; x_wconf 87' lang='lat' dir='ltr'>dum</span> <span class='ocrx_word' id='word_1_915' title='bbox 1881 2856 2044 2890; x_wconf 74' lang='lat' dir='ltr'>essentiale</span> <span class='ocrx_word' id='word_1_916' title='bbox 2058 2866 2125 2889; x_wconf 91' lang='lat' dir='ltr'>ver-</span> 
     </span>
     <span class='ocr_line' id='line_1_121' title="bbox 1258 2905 2126 2947; baseline -0.003 -5"><span class='ocrx_word' id='word_1_917' title='bbox 1258 2910 1335 2942; x_wconf 89' lang='lat' dir='ltr'>bum</span> <span class='ocrx_word' id='word_1_918' title='bbox 1355 2907 1479 2941; x_wconf 83' lang='lat' dir='ltr'>accedit</span> <span class='ocrx_word' id='word_1_919' title='bbox 1491 2905 1531 2940; x_wconf 85' lang='lat' dir='ltr'>ad</span> <span class='ocrx_word' id='word_1_920' title='bbox 1552 2907 1749 2940; x_wconf 87' lang='lat' dir='ltr'>elementum</span> <span class='ocrx_word' id='word_1_921' title='bbox 1763 2930 1774 2946; x_wconf 94' lang='lat'>,</span> <span class='ocrx_word' id='word_1_922' title='bbox 1801 2907 1835 2940; x_wconf 88' lang='lat'>&amp;</span> <span class='ocrx_word' id='word_1_923' title='bbox 1855 2906 1893 2938; x_wconf 84' lang='lat' dir='ltr'>fit</span> <span class='ocrx_word' id='word_1_924' title='bbox 1912 2915 2010 2947; x_wconf 84' lang='lat' dir='ltr'>atque</span> <span class='ocrx_word' id='word_1_925' title='bbox 2030 2905 2126 2939; x_wconf 85' lang='lat' dir='ltr'>datur</span> 
     </span>
     <span class='ocr_line' id='line_1_122' title="bbox 1256 2953 2128 2999; baseline -0.001 -8"><span class='ocrx_word' id='word_1_926' title='bbox 1256 2958 1512 2991; x_wconf 76' lang='lat' dir='ltr'>Sacramentum.</span> <span class='ocrx_word' id='word_1_927' title='bbox 1538 2955 1773 2999; x_wconf 85' lang='lat' dir='ltr'>Necinipsum</span> <span class='ocrx_word' id='word_1_928' title='bbox 1783 2956 2005 2995; x_wconf 83' lang='lat' dir='ltr'>elementum,</span> <span class='ocrx_word' id='word_1_929' title='bbox 2026 2953 2128 2990; x_wconf 81' lang='lat' dir='ltr'>sedin</span> 
     </span>
     <span class='ocr_line' id='line_1_123' title="bbox 1260 3005 2128 3050; baseline -0.001 -10"><span class='ocrx_word' id='word_1_930' title='bbox 1260 3007 1362 3041; x_wconf 85' lang='lat' dir='ltr'>solum</span> <span class='ocrx_word' id='word_1_931' title='bbox 1379 3008 1602 3050; x_wconf 82' lang='lat' dir='ltr'>suscipientem</span> <span class='ocrx_word' id='word_1_932' title='bbox 1625 3017 1794 3048; x_wconf 82' lang='lat' dir='ltr'>operatur·</span> <span class='ocrx_word' id='word_1_933' title='bbox 1819 3005 1922 3039; x_wconf 92' lang='lat' dir='ltr'>Hunc</span> <span class='ocrx_word' id='word_1_934' title='bbox 1941 3006 2047 3040; x_wconf 89' lang='lat' dir='ltr'>solum</span> <span class='ocrx_word' id='word_1_935' title='bbox 2068 3005 2128 3039; x_wconf 81' lang='lat' dir='ltr'>im-</span> 
     </span>
     <span class='ocr_line' id='line_1_124' title="bbox 1258 3055 2127 3100; baseline -0.006 -8"><span class='ocrx_word' id='word_1_936' title='bbox 1258 3068 1361 3092; x_wconf 89' lang='lat' dir='ltr'>mutat</span> <span class='ocrx_word' id='word_1_937' title='bbox 1381 3081 1390 3089; x_wconf 81' lang='grc'><strong>.</strong></span> <span class='ocrx_word' id='word_1_938' title='bbox 1420 3057 1531 3090; x_wconf 83' lang='lat' dir='ltr'>Etiam</span> <span class='ocrx_word' id='word_1_939' title='bbox 1550 3066 1630 3089; x_wconf 89' lang='lat' dir='ltr'>tunc</span> <span class='ocrx_word' id='word_1_940' title='bbox 1650 3067 1733 3099; x_wconf 88' lang='lat' dir='ltr'>aqua</span> <span class='ocrx_word' id='word_1_941' title='bbox 1752 3055 1926 3098; x_wconf 86' lang='lat' dir='ltr'>perseverat</span> <span class='ocrx_word' id='word_1_942' title='bbox 1949 3066 2050 3100; x_wconf 86' lang='lat' dir='ltr'>aqua.</span> <span class='ocrx_word' id='word_1_943' title='bbox 2078 3055 2127 3088; x_wconf 83' lang='lat' dir='ltr'>At</span> 
     </span>
     <span class='ocr_line' id='line_1_125' title="bbox 1259 3104 2126 3149; baseline -0.003 -8"><span class='ocrx_word' id='word_1_944' title='bbox 1259 3107 1332 3141; x_wconf 75' lang='lat' dir='ltr'>vero</span> <span class='ocrx_word' id='word_1_945' title='bbox 1343 3106 1561 3140; x_wconf 83' lang='lat' dir='ltr'>Eucharistica</span> <span class='ocrx_word' id='word_1_946' title='bbox 1570 3105 1732 3140; x_wconf 86' lang='lat' dir='ltr'>elementa</span> <span class='ocrx_word' id='word_1_947' title='bbox 1755 3117 1809 3148; x_wconf 85' lang='lat' dir='ltr'>per</span> <span class='ocrx_word' id='word_1_948' title='bbox 1828 3106 1924 3139; x_wconf 88' lang='lat' dir='ltr'>omni</span> <span class='ocrx_word' id='word_1_949' title='bbox 1947 3104 2126 3149; x_wconf 86' lang='lat' dir='ltr'>sumptioni</span> 
     </span>
     <span class='ocr_line' id='line_1_126' title="bbox 1261 3153 2128 3198; baseline -0.003 -8"><span class='ocrx_word' id='word_1_950' title='bbox 1261 3170 1314 3193; x_wconf 72' lang='lat' dir='ltr'>aut</span> <span class='ocrx_word' id='word_1_951' title='bbox 1339 3157 1512 3191; x_wconf 86' lang='lat' dir='ltr'>donationi</span> <span class='ocrx_word' id='word_1_952' title='bbox 1548 3156 1701 3198; x_wconf 85' lang='lat' dir='ltr'>praeviam</span> <span class='ocrx_word' id='word_1_953' title='bbox 1733 3156 2024 3190; x_wconf 59' lang='lat' dir='ltr'>sanctificationem</span> <span class='ocrx_word' id='word_1_954' title='bbox 2045 3153 2128 3188; x_wconf 83' lang='lat' dir='ltr'>acci-</span> 
     </span>
     <span class='ocr_line' id='line_1_127' title="bbox 1265 3202 2127 3250; baseline -0.006 -9"><span class='ocrx_word' id='word_1_955' title='bbox 1265 3209 1356 3250; x_wconf 79' lang='lat' dir='ltr'>piunt</span> <span class='ocrx_word' id='word_1_956' title='bbox 1378 3205 1542 3240; x_wconf 76' lang='lat' dir='ltr'>invisibile</span> <span class='ocrx_word' id='word_1_957' title='bbox 1562 3216 1600 3239; x_wconf 87' lang='lat' dir='ltr'>ac</span> <span class='ocrx_word' id='word_1_958' title='bbox 1623 3206 1830 3240; x_wconf 88' lang='lat' dir='ltr'>tremendum</span> <span class='ocrx_word' id='word_1_959' title='bbox 1863 3206 1998 3248; x_wconf 89' lang='lat' dir='ltr'>Spiritus</span> <span class='ocrx_word' id='word_1_960' title='bbox 2019 3202 2127 3238; x_wconf 74' lang='lat' dir='ltr'>Sansti</span> 
     </span>
     <span class='ocr_line' id='line_1_128' title="bbox 1263 3254 2130 3301; baseline -0.007 -10"><span class='ocrx_word' id='word_1_961' title='bbox 1263 3270 1342 3301; x_wconf 88' lang='lat' dir='ltr'>opus</span> <span class='ocrx_word' id='word_1_962' title='bbox 1355 3283 1364 3296; x_wconf 90' lang='lat'>‚</span> <span class='ocrx_word' id='word_1_963' title='bbox 1392 3258 1477 3290; x_wconf 81' lang='lat' dir='ltr'>acin</span> <span class='ocrx_word' id='word_1_964' title='bbox 1490 3254 1681 3290; x_wconf 83' lang='lat' dir='ltr'>admirabile</span> <span class='ocrx_word' id='word_1_965' title='bbox 1701 3267 1738 3290; x_wconf 88' lang='lat' dir='ltr'>ac</span> <span class='ocrx_word' id='word_1_966' title='bbox 1760 3256 1926 3290; x_wconf 84' lang='lat' dir='ltr'>ineffabile</span> <span class='ocrx_word' id='word_1_967' title='bbox 1947 3256 2130 3290; x_wconf 83' lang='lat' dir='ltr'>Sacramen-</span> 
     </span>
     <span class='ocr_line' id='line_1_129' title="bbox 1263 3303 2129 3349; baseline -0.007 -7"><span class='ocrx_word' id='word_1_968' title='bbox 1263 3317 1332 3342; x_wconf 89' lang='lat' dir='ltr'>tum</span> <span class='ocrx_word' id='word_1_969' title='bbox 1344 3307 1586 3341; x_wconf 86' lang='lat' dir='ltr'>consecrantur.</span> <span class='ocrx_word' id='word_1_970' title='bbox 1616 3305 1652 3339; x_wconf 88' lang='lat' dir='ltr'>ln</span> <span class='ocrx_word' id='word_1_971' title='bbox 1675 3306 1780 3349; x_wconf 87' lang='lat' dir='ltr'>ipsum</span> <span class='ocrx_word' id='word_1_972' title='bbox 1801 3304 2081 3347; x_wconf 84' lang='lat' dir='ltr'>DominiCorpus</span> <span class='ocrx_word' id='word_1_973' title='bbox 2094 3303 2129 3336; x_wconf 87' lang='lat'>&amp;</span> 
     </span>
     <span class='ocr_line' id='line_1_130' title="bbox 1267 3353 2131 3400; baseline -0.007 -9"><span class='ocrx_word' id='word_1_974' title='bbox 1267 3358 1484 3400; x_wconf 56' lang='lat' dir='ltr'>Sanguinem»</span> <span class='ocrx_word' id='word_1_975' title='bbox 1511 3356 1542 3388; x_wconf 87' lang='lat' dir='ltr'>Si</span> <span class='ocrx_word' id='word_1_976' title='bbox 1556 3357 1827 3390; x_wconf 79' lang='lat' dir='ltr'>consecrenturin</span> <span class='ocrx_word' id='word_1_977' title='bbox 1847 3354 1948 3387; x_wconf 87' lang='lat' dir='ltr'>solam</span> <span class='ocrx_word' id='word_1_978' title='bbox 1970 3353 2131 3397; x_wconf 82' lang='lat' dir='ltr'>figuram,</span> 
     </span>
    </p>
   </div>
   <div class='ocr_carea' id='block_1_26' title="bbox 1269 3403 2088 3486">
    <p class='ocr_par' dir='ltr' id='par_1_26' title="bbox 1269 3403 2088 3486">
     <span class='ocr_line' id='line_1_131' title="bbox 1269 3403 2037 3486; baseline -0.009 -45"><span class='ocrx_word' id='word_1_979' title='bbox 1269 3406 1472 3452; x_wconf 73' lang='lat' dir='ltr'>Augustinus</span> <span class='ocrx_word' id='word_1_980' title='bbox 1484 3405 1576 3440; x_wconf 85' lang='lat' dir='ltr'>nobis</span> <span class='ocrx_word' id='word_1_981' title='bbox 1588 3405 1694 3442; x_wconf 86' lang='lat' dir='ltr'>fumos</span> <span class='ocrx_word' id='word_1_982' title='bbox 1706 3405 1820 3440; x_wconf 84' lang='lat' dir='ltr'>vendit</span> <span class='ocrx_word' id='word_1_983' title='bbox 1829 3403 1862 3438; x_wconf 71' lang='grc' dir='ltr'>ὅ(</span> <span class='ocrx_word' id='word_1_984' title='bbox 1872 3403 1964 3438; x_wconf 84' lang='lat' dir='ltr'>fucos</span> <span class='ocrx_word' id='word_1_985' title='bbox 1973 3426 1982 3435; x_wconf 88' lang='lat'><strong>.</strong></span> <span class='ocrx_word' id='word_1_986' title='bbox 1993 3450 2037 3486; x_wconf 67' lang='lat' dir='ltr'>Al</span> 
     </span>
     <span class='ocr_line' id='line_1_132' title="bbox 2018 3459 2088 3486; baseline -0.014 0"><span class='ocrx_word' id='word_1_987' title='bbox 2018 3459 2021 3462; x_wconf 84' lang='grc'><strong><em>’</em></strong></span> <span class='ocrx_word' id='word_1_988' title='bbox 2041 3462 2088 3486; x_wconf 89' lang='lat' dir='ltr'>ter</span> 
     </span>
    </p>
   </div>
  </div>
 </body>
</html>
