2372 3756
683 124 747 153 De
785 121 1128 167 QUiBUSDAM
1164 104 1408 148 Pium-M
1446 106 1657 151 L0c1s.

256 210 321 234 eum
337 206 451 240 panem
473 200 505 227 in
519 197 575 227 Det·
587 192 675 226 Verbi
694 199 799 232 corpus
821 191 904 223 credo
921 187 1135 232 transmutari.

257 254 383 283 Etenim
391 252 485 289 panis
496 255 562 278 erat
569 242 714 286 potestate
723 242 801 274 illud
808 248 910 282 corpus
923 265 930 271 .
953 243 1025 272 Fun·
1035 248 1134 272 autem

253 297 456 343 [crnc‘lificatus
480 295 661 329 habitatione
684 292 772 333 Verbi
797 315 807 330 ‚
833 291 911 332 quod
935 297 1081 332 tanquam
1103 293 1134 321 in

256 348 447 382 tabernaculo
467 341 620 379 hubitavt't
642 350 674 376 in
687 351 789 376 carno.
816 343 911 384 Igitur
935 340 1013 372 unde
1035 344 1067 371 in
1087 339 1136 372 illo

255 406 373 440 corpore
387 396 605 440 transmutatus
613 399 705 435 panis
720 388 825 431 tranfit
835 396 867 422 in
878 392 1028 422 Divinam
1040 393 1134 422 virtu*

257 460 318 482 tem
330 473 341 488 ‚
365 448 508 490 peridem
521 457 595 478 nunc
602 445 640 486 fit
648 443 799 485 fimlliter.
828 444 914 472 Nam
937 441 971 473 (¹5
982 439 1040 471 illic
1049 438 1137 472 verbi

252 505 360 543 gratia
377 496 515 540 sanc‘i'um
527 496 607 537 fecit
628 502 752 535 corpus,
773 494 866 523 culex
884 496 966 530 pane
988 497 1053 522 erat
1069 486 1134 530 sub·
1159 505 1181 534 ss

253 550 371 588 stantia
385 571 397 587 ,
423 545 678 589 &quodammodo
701 540 796 583 ipsum
815 550 925 581 quoque
948 548 1014 572 erat
1022 545 1133 580 panis.

259 602 305 631 Et
327 598 374 630 hic
389 595 521 638 fimiliter
538 600 632 637 panis
647 590 854 635 sanc‘lificatur
871 597 927 631 per
948 588 1072 622 verbum
1081 590 1136 621 Dei

253 651 295 682 (⁴5
307 654 465 680 orationem
479 670 489 686 ,
516 657 572 678 non
594 654 624 676 eo
634 643 753 684 quidem
773 639 920 682 quodcibo
941 640 1136 671 mediantem

255 698 350 732 Verbi
360 706 463 740 corpus
472 696 584 729 evadat
595 717 605 733 ,
628 690 685 734 scd
693 692 774 733 quiid
777 690 884 730 statim
901 697 954 730 per
968 687 1090 721 verbum
1104 694 1136 720 in

257 756 364 790 corpus
378 745 591 788 transmutetur
603 767 613 782 ,
632 740 704 782 ficut
715 741 827 774 dilium
850 738 887 779 est
906 741 925 771 ἆ
938 738 1047 771 Verbo:
1076 743 1137 772 Hoc

256 797 298 838 ‹st
317 804 420 837 corpus
445 806 541 827 meum
565 818 571 824 .
598 793 675 824 Cszm
697 799 798 824 autem
823 794 916 821 omnis
943 799 1013 820 caro.
1035 788 1134 819 alatur

254 853 347 880 etiam
362 853 419 887 per
432 843 581 877 humorem
594 866 604 881 ,
632 845 808 882 nequeenim
820 836 876 878 nisi
882 848 947 870 cum
978 849 1009 871 eo
1019 839 1135 877 conjun-

254 904 365 941 gatur,
391 897 427 927 id
448 895 524 937 quod
545 892 583 934 est
605 897 639 925 in
658 889 741 923 nobis.
760 887 912 929 terrestre,
939 893 970 920 in
994 893 1134 928 vituper-

256 944 402 989 manserit
424 969 431 976 .
459 944 610 988 ,Quomodo
631 950 731 974 autem
751 947 807 981 per
828 940 934 971 durum
958 939 990 972 Θ
1014 935 1135 976 solidum

255 1000 433 1029 alimentum
447 993 631 1036 sbllditatem
656 995 784 1032 corporls
801 989 946 1031 fulcimus
971 999 1006 1020 ac
1022 987 1132 1027 stabili-

254 1059 327 1079 mus
338 1071 347 1085 ,
374 1045 469 1077 eodem
479 1044 561 1075 modo
571 1048 663 1076 etiam
675 1041 789 1073 humori
813 1039 1003 1082 adjungimus
1016 1039 1133 1077 acceffio-

255 1108 329 1130 :nem
355 1106 393 1128 ex
406 1103 518 1127 natura
537 1091 666 1135 ejusdem
686 1088 819 1134 genens.
847 1091 910 1131 ,Qui
933 1089 1051 1130 quidem
1071 1088 1135 1120 cum

258 1145 354 1188 fuerit
366 1150 399 1178 in
408 1145 491 1178 nobis
502 1169 512 1185 ,
533 1152 589 1186 per
601 1142 751 1175 alterandi
756 1139 937 1181 facultatem
947 1138 984 1179 fit
991 1137 1114 1180 sanguis
1129 1160 1138 1175 ‚

250 1199 296 1230 νώ·
307 1197 441 1228 maxim?
459 1203 531 1236 iper
550 1199 653 1227 trinum
666 1195 806 1232 acceperit
821 1193 966 1221 virtutem
991 1186 1126 1230 transmu

254 1248 392 1280 zandiin
403 1246 547 1278 calidum.
577 1245 729 1284 ,Quoniam
753 1243 818 1282 ergb
842 1238 918 1271 hanc
941 1249 1050 1279 quoque
1065 1246 1137 1278 par-

254 1305 319 1328 :em
331 1299 438 1337 accepit
461 1305 526 1327 caro
547 1294 598 1325 illa
614 1296 668 1323 Dei
686 1289 851 1333 susceptrix
875 1289 919 1320 ad
930 1290 985 1320 Dei
1006 1287 1133 1326 constitu-

257 1352 368 1378 aionem
382 1369 391 1384 ‚
419 1342 638 1384 maniflstarum
661 1350 759 1372 autem
781 1338 908 1371 Verbum
925 1340 1084 1378 propterea
1106 1336 1138 1379 se

254 1394 415 1437 admiscuit
440 1398 574 1426 interitui
599 1392 732 1424 obnoxiae
755 1389 902 1421 bominum
924 1396 1043 1419 naturae
1071 1411 1081 1426 ‚
1105 1396 1138 1418 ut

254 1450 458 1478 communione
470 1439 746 1480 Divinitatlsfimul
768 1444 860 1471 ettam
874 1436 1022 1483 deificetur
1038 1435 1140 1469 buma-

259 1501 366 1534 nitas,
394 1505 431 1526 ea
449 1493 486 1525 de
507 1489 596 1533 causa
612 1498 666 1530 per
686 1487 867 1531 suaegratiae
889 1484 1138 1528 dispensationem

253 1542 352 1586 fiper
374 1553 491 1575 carnem
513 1538 616 1583 inserit
637 1537 768 1571 omnibus
791 1535 997 1575 credentibus,
1024 1543 1139 1569 commi-

253 1603 332 1626 xtus
354 1593 632 1632 &contemperatus
652 1587 818 1630 corporibus
840 1588 1044 1625 credentium,
1075 1591 1139 1627 qui-

252 1644 314 1678 bus
322 1642 488 1686 substantia
499 1640 535 1680 est
547 1651 586 1673 ex
596 1647 678 1680 pane
700 1640 734 1671 (ze,
745 1642 816 1670 vino
829 1661 839 1676 ,
866 1646 899 1668 ut
911 1640 1016 1668 unione
1029 1643 1092 1668 'cum
1107 1648 1137 1669 eo

256 1695 339 1737 quod
359 1692 395 1732 est
408 1691 593 1729 immortale,
614 1686 651 1728 fit
666 1693 756 1720 etiam
778 1685 859 1718 homo
877 1690 1031 1726 particeps
1048 1691 1138 1719 incor-

252 1749 402 1785 ruptionis
415 1766 423 1774 .
450 1746 519 1774 Haec
543 1749 647 1773 autem.
665 1739 719 1770 dat
743 1741 858 1770 virtute
878 1735 1091 1768 benedtlltms
1106 1741 1138 1767 in

254 1795 338 1829 iilud
361 1789 620 1835 transelementata
656 1798 752 1821 eorum
777 1797 842 1828 quae
877 1793 1026 1828 apparent
1055 1793 1137 1818 natu-

254 1857 315 1879 ra.

307 1892 576 1937 Supponitatque
599 1890 752 1925 affeverat
773 1888 878 1923 varia.
907 1885 1020 1921 Primo
1035 1911 1044 1927 ,
1071 1886 1137 1920 Dei

252 1941 404 1978 Verbum
416 1943 477 1976 esse
491 1943 599 1975 Deum
614 1951 725 1974 verum
738 1939 778 1972 de
788 1939 863 1972 Deo
875 1948 951 1971 vero
961 1963 971 1978 ‚
999 1935 1137 1980 ideoque

255 1995 398 2038 ejusdem
431 2004 507 2027 cum
536 1992 630 2026 Patre
655 1989 902 2033 omnipotentiae
924 2013 930 2019 .
958 1986 1109 2021 Secundo
1126 2011 1136 2026 ,

254 2045 362 2086 ipsum
375 2044 436 2077 effe
453 2043 539 2077 carni
565 2041 677 2074 nostrae
689 2040 817 2072 unitum
841 2040 874 2071 in
889 2037 1026 2071 eandem
1041 2036 1134 2071 Divi-

255 2105 333 2128 nam
363 2092 558 2135 hypostafim
580 2115 588 2122 .
615 2089 735 2122 Tertio
758 2113 772 2128 ,,
794 2088 984 2130 assumptam
1008 2087 1048 2120 ab
1067 2087 1135 2128 ipso

254 2153 389 2178 carnem
419 2142 482 2176 effe
503 2139 576 2174 vere
596 2139 739 2172 nostram
761 2160 771 2176 ‚
798 2136 913 2172 nostrae
942 2147 996 2178 per
1022 2137 1135 2169 omnia

253 2190 582 2231 consubstantialem.
611 2186 766 2235 Qarto,
791 2185 1030 2229 etiamipsum,
1055 2183 1134 2219 dum

253 2242 312 2276 hic
324 2242 494 2276 nobiscum
516 2239 694 2274 mortaliter
717 2238 839 2270 viveret
853 2261 862 2276 ,
891 2236 985 2269 fuisse
998 2246 1079 2279 pane
1102 2235 1135 2269 ὅ(

255 2292 325 2327 vini
338 2304 375 2327 ac
387 2302 474 2335 aquae
485 2290 627 2324 mixtura
651 2287 811 2321 nutritum
835 2285 1134 2324 &alimentatum,

251 2343 397 2386 ideoque
409 2341 465 2374 ista
489 2339 548 2375 tria
565 2339 600 2373 in
622 2337 692 2381 ejus
705 2335 852 2370 naturam
873 2336 965 2369 fuiffe
991 2334 1132 2368 substan-

255 2391 612 2426 tialitertransmutata.
639 2387 794 2434 Qinto,
814 2385 991 2420 humanam
1004 2395 1132 2419 carnem

253 2443 289 2476 <St
310 2442 501 2484 sanguinem
525 2440 587 2473 effe
609 2439 641 2472 in
668 2449 748 2481 pane
770 2461 781 2478 ‚
810 2448 891 2480 aqua
917 2437 949 2469 &
970 2436 1048 2468 vino
1077 2446 1131 2478 per

254 2492 436 2537 potentiam
449 2515 461 2531 ,
487 2489 624 2534 ideoque
645 2487 711 2522 haec
731 2488 764 2520 in
777 2488 834 2521 illa
849 2487 934 2528 posse
954 2487 1052 2520 etiam
1077 2496 1131 2528 per

253 2554 376 2577 naturae
389 2542 470 2578 vires
482 2539 650 2579 converti,
677 2548 713 2570 ac
725 2537 859 2580 proinde
870 2535 998 2570 Divinae
1024 2537 1130 2570 omni-

254 2593 411 2636 potentiae
431 2590 464 2624 id
487 2590 549 2624 esse
570 2587 675 2622 multo
696 2588 823 2620 facilius
848 2610 854 2616 .
885 2584 985 2620 Sexto
1006 2610 1016 2626 ,
1043 2584 1127 2620 hanc

253 2645 359 2687 ipsam
373 2664 383 2681 ,
414 2652 482 2685 quae
503 2639 537 2673 in
562 2637 698 2672 mortale
720 2635 827 2670 adhuc
850 2635 990 2668 Domini
1013 2646 1127 2678 corpus

254 2696 335 2729 fasta
346 2693 408 2727 fuit
421 2702 475 2734 per
488 2699 634 2724 naturam
648 2712 658 2728 ‚
685 2687 777 2729 panis
796 2687 829 2720 &
841 2686 935 2719 mixti
963 2685 1032 2729 vini
1044 2695 1125 2719 tran·

256 2742 557 2778 [dementationem
580 2738 612 2771 in
626 2736 748 2771 cunssis
763 2736 818 2770 sub
839 2735 925 2770 coelo
938 2734 1124 2776 Altaribus,

255 2806 311 2839 per
332 2794 398 2827 Dei
418 2788 695 2833 omnipotentiam
709 2811 718 2826 ‚
748 2784 896 2829 quotidie
918 2785 984 2818 fieri
1006 2786 1039 2819 in
1051 2797 1124 2819 ean-

251 2846 328 2879 dem
340 2841 557 2877 immortalem
576 2849 705 2872 carnem
722 2861 732 2876 ,
758 2836 856 2879 idque
878 2846 932 2879 per
945 2834 1122 2870 Dominica

252 2895 371 2928 verba:
399 2897 459 2925 Hoc
480 2889 516 2931 est
538 2896 640 2930 corpus
651 2898 762 2921 meum.
794 2884 950 2919 Notanda
973 2886 1045 2918 sunt
1058 2896 1123 2919 ver-

252 2943 293 2977 ba
317 2956 323 2975 :
350 2945 459 2975 Statim
474 2949 529 2983 per
551 2938 673 2973 verbum
702 2943 733 2969 in
755 2944 857 2977 corpus
881 2932 1120 2976 transmutatur.

251 2992 441 3027 Adfirmant
451 2989 540 3033 panis
557 2987 699 3023 &mixti
721 2985 789 3019 vini
814 2983 1122 3019 transelementatio-

250 3054 352 3082 nem,
378 3040 489 3085 quaein
501 3039 636 3073 mortale
658 3036 798 3072 Domini
820 3045 936 3077 corpus
948 3034 1044 3068 fiebat
1058 3036 1121 3069 suc·

250 3093 366 3128 ceffivo
387 3099 481 3124 motu
500 3112 512 3128 ‚
536 3099 625 3122 nunc
647 3086 680 3120 in
703 3085 787 3120 istud
811 3086 914 3128 ipsum
939 3085 1120 3120 immortale

249 3143 320 3178 fieri
342 3137 562 3175 instantanee:
585 3138 628 3171 Et
639 3135 703 3170 hoc
725 3147 778 3178 per
791 3135 952 3170 Divinam
972 3136 1120 3179 omnipo-

246 3191 411 3230 tentiam,
438 3198 501 3232 qua
522 3187 693 3220 Dominus
712 3185 797 3225 suis,
823 3185 897 3220 licet
921 3195 975 3226 per
996 3195 1057 3218 nos
1067 3186 1119 3219 Sa-

246 3243 397 3280 cerdotes
423 3237 572 3282 prolarss,
597 3235 702 3270 verbis
722 3235 845 3278 semper
867 3233 1002 3274 affistit,
1027 3235 1119 3269 &us-

245 3305 312 3338 que
330 3291 409 3326 dum
433 3288 541 3323 veniat
560 3283 770 3328 adjudicium
783 3309 794 3325 ,
819 3285 864 3319 est
884 3285 1005 3325 semper
1026 3283 1118 3319 adsti-

245 3351 359 3377 turus.
384 3341 483 3373 Hanc
511 3335 720 3371 infallibilem
748 3333 787 3368 ad
812 3334 986 3368 essentialia
1013 3336 1118 3370 Sacra-

246 3401 433 3429 mentorum
452 3387 547 3423 verba
561 3410 570 3426 ‚
599 3386 633 3420 &
646 3395 700 3428 per
720 3385 786 3428 ipsa
808 3383 931 3419 dandas
945 3384 1116 3420 sanctifica-

343 3439 447 3481 christ.
461 3442 539 3480 Lupi
549 3441 647 3479 Opem
657 3438 744 3469 T.V1.

1925 110 2011 169 183

1198 185 1304 219 tiones
1326 185 1537 220 assistentiam
1558 187 1724 231 insigniter
1743 189 1944 225 demonstrat
1960 192 1995 225 in
2006 191 2073 226 alio

1197 235 1341 278 ejusdem
1359 234 1575 272 catecheseos
1596 237 1716 278 capite.
1744 240 2001 275 Eucharisticam
2022 253 2071 275 ve·
2092 268 2115 297 C
2230 276 2232 278 ,

1196 286 1320 319 ritatem
1342 297 1379 319 ac
1407 284 1782 321 transubstantiationem
1820 291 1963 330 profiteri
2000 302 2071 325 non
2118 275 2232 306 ³9¹34·

1197 336 1290 379 poffit
1316 335 1422 370 verbis
1447 335 1662 369 lucidioribus
1682 360 1689 367 .
1716 336 1840 370 Lucida
1863 340 1936 374 sunt
1959 332 2070 376 &haee

1195 386 1262 429 ejus
1278 386 1392 420 verba:
1420 388 1456 419 Se
1472 394 1529 428 per
1550 395 1670 419 carnem
1692 385 1785 427 infert
1797 389 1930 421 omnibus
1952 385 2073 425 credenj

1196 437 1274 469 tibus
1289 462 1296 468 .
1323 435 1499 470 Affirmant
1511 436 1689 480 gloriosam
1701 461 1712 476 ,
1727 446 1826 479 quam
1840 437 1873 469 in
1886 438 2072 476 Sacramen-

1197 497 1232 520 to
1245 487 1422 527 sumimus,
1445 485 1588 522 Domini
1607 497 1736 520 carnem
1751 487 1813 520 effe
1835 487 1869 520 in
1892 487 2070 527 innumeris

1195 537 1277 571 locis
1301 549 1310 569 ;
1348 537 1391 571 Et
1424 535 1488 572 hoc
1514 538 1576 571 effe
1601 547 1685 580 opus
1710 536 1838 572 Divinae
1864 533 2073 582 omnipotenss

1195 587 1246 620 tiae
1260 613 1268 624 .,

1245 636 1307 670 Per
1326 638 1511 680 Serpentem
1526 636 1693 671 Diabolus
1719 637 1804 672 dixit
1817 637 1857 672 de
1878 637 1971 673 vetiti
1985 638 2075 683 pomi

1197 687 1316 721 virtute
1337 687 1378 721 ad
1395 688 1515 721 Evam:
1542 691 1643 721 Eritis
1660 687 1732 729 ficut
1745 692 1818 724 Dei.
1845 689 1888 722 Et
1906 699 1962 732 per
1976 690 2076 723 inter-

1199 749 1272 770 nam
1300 738 1480 781 superbiam
1501 738 1566 781 jam
1598 738 1755 772 infatuata
1776 738 1895 772 mulier
1914 738 2074 779 credidit,

1197 798 1294 830 atque
1305 789 1349 822 ita
1364 789 1396 822 in
1410 798 1580 825 externam
1595 788 1693 822 etiarn
1705 788 2000 832 praevaricationem
2012 788 2076 822 fuit

1198 836 1336 871 sedusta.
1364 838 1419 871 Isti
1444 850 1544 882 pomo
1567 838 1689 873 Divina
1713 837 1840 881 Justitia
1865 838 2076 881 opposuitsa-

1197 888 1393 923 crosanc‘tam
1414 886 1668 927 Eucharistiam,
1694 888 1798 923 &fibi
1820 889 1861 923 de
1883 888 1950 932 ejus
1960 899 2076 922 arcana

1200 937 1319 970 virtute
1332 937 1417 970 credi
1430 938 1447 971 a
1460 938 1555 972 nobis
1569 939 1697 979 voluit,
1724 947 1819 982 atque
1841 938 1884 976 ita
1896 948 2075 972 maternam

1199 986 1368 1020 stultitiam
1389 987 1449 1021 hac
1462 987 1537 1021 fidei
1562 989 1717 1032 sapientia
1740 988 1895 1032 reparari.
1922 988 1969 1023 Ita
1995 986 2076 1025 reste

1199 1037 1319 1070 docent
1342 1037 1473 1080 quidam
1490 1038 1602 1072 Latini
1627 1039 1754 1072 Patres:
1783 1040 1826 1073 Et
1850 1037 1937 1073 hanc
1960 1038 2077 1073 doetri-

1203 1098 1276 1120 nam
1291 1087 1454 1129 Nyffenus
1465 1088 1645 1131 Gregorius
1666 1086 1720 1121 hic
1730 1089 1922 1122 confirmat.
1950 1087 2077 1123 Confir-

1201 1148 1264 1170 mat
1287 1137 1365 1173 item
1389 1136 1496 1174 Sansti
1519 1137 1629 1171 lrenaei
1651 1138 1801 1172 &Sancti
1824 1138 2078 1182 Cyprianidog-

1201 1198 1250 1219 ma
1261 1211 1271 1227 ,
1296 1187 1482 1221 constanter
1493 1187 1692 1224 tradentium
1705 1189 1939 1222 sanctificatum
1951 1188 1969 1221 ὲ
1981 1187 2078 1222 Chri-

1202 1237 1247 1270 sto
1260 1237 1416 1271 Domino,
1427 1236 1561 1272 calicem
1573 1238 1665 1270 fuiffe
1680 1239 1759 1272 vino
1781 1238 1812 1271 δε
1827 1250 1908 1281 aqua
1921 1239 2078 1278 mixtum,

1202 1288 1358 1330 istamque
1381 1287 1558 1321 mixturam
1584 1288 1648 1321 effe
1673 1286 1826 1321 omnibus
1849 1287 1942 1321 nobis
1968 1291 2078 1324 datam

1202 1337 1233 1369 in
1257 1336 1457 1380 Praeceptum
1482 1363 1488 1370 .
1519 1338 1561 1371 Et
1586 1339 1630 1371 ita
1654 1337 1775 1377 docent
1794 1348 1908 1374 omues
1933 1337 2079 1375 Ecclesiae

1201 1386 1328 1420 Patres:
1356 1386 1676 1430 Nullusoppofitum
1700 1388 1749 1421 vel
1763 1388 1954 1422 insinuavit.
1986 1388 2079 1422 Istius

1202 1436 1352 1479 Praecepti
1379 1436 1627 1480 praevaritatores
1651 1438 1828 1473 Armenios
1851 1440 1957 1472 curisti
1972 1440 2080 1472 [meta-

1202 1497 1274 1520 runt
1286 1487 1334 1521 uti
1355 1487 1469 1530 plenos
1493 1487 1676 1522 haereticos.
1709 1488 1819 1522 Etiam
1845 1487 2079 1525 hodiernorum

1201 1536 1408 1578 Graecorum,
1434 1537 1494 1580 qui
1515 1538 1723 1574 tremendum
1744 1538 2082 1576 Transubstantiatio·

1202 1586 1252 1620 nis
1278 1587 1468 1629 mysterium
1494 1599 1562 1621 non
1591 1599 1646 1631 per
1669 1588 1733 1631 ipsa
1757 1589 1939 1623 Dominica
1965 1589 2082 1630 verba,

1201 1636 1253 1669 sed
1268 1637 1375 1671 nescio
1398 1649 1454 1680 per
1465 1649 1543 1681 quas
1569 1637 1633 1671 illis
1655 1637 1822 1679 adjunctas
1846 1651 1976 1682 preces,
2003 1650 2084 1682 tarn-

1201 1696 1296 1728 quam
1308 1687 1540 1729 peresientiale
1560 1688 1758 1722 Sacramenti
1780 1688 1914 1722 verbum
1927 1713 1937 1728 ,
1967 1690 2084 1724 volunt

1202 1735 1334 1778 perfici,
1360 1734 1601 1771 schismaticum
1627 1748 1766 1771 errorem
1791 1738 1961 1773 manifeste
1983 1740 2088 1779 revitr-

1200 1786 1246 1819 cit
1259 1785 1460 1830 Gtegorius:
1488 1786 1615 1821 Lucide
1627 1787 1724 1822 docet
1747 1788 1954 1823 tremendum
1967 1789 2085 1833 myste-

1201 1836 1286 1869 rium
1312 1837 1421 1881 peragi
1442 1848 1498 1880 per
1517 1837 1641 1881 prolata
1665 1837 1682 1871 ὲ
1707 1837 1803 1872 nobis
1815 1839 1994 1876 Dominica
2019 1851 2085 1879 ver-

1201 1886 1239 1920 ba
1254 1910 1264 1926 ‚
1291 1889 1351 1919 Hoc
1372 1885 1409 1926 est
1421 1895 1524 1929 corpus
1546 1898 1640 1920 meum
1658 1912 1666 1920 .
1691 1888 1747 1922 Isti
1769 1888 1868 1933 igitur
1881 1891 1985 1924 errori
1996 1889 2084 1925 hunc

1202 1936 1315 1970 locum
1339 1936 1525 1973 Cardinalis
1559 1937 1725 1973 Beffarion
1763 1939 1883 1974 merito
1910 1941 2080 1984 opposuit.

1201 1985 1243 2019 Et
1255 1984 1332 2020 hinc
1344 1987 1430 2021 lucet
1441 1987 1540 2021 etiam
1553 1986 1718 2032 Magnum
1735 1989 1907 2031 Bafilium,
1937 1991 2084 2026 Nazian-

1199 2047 1314 2070 zenum
1327 2037 1525 2082 Gregorium
1540 2062 1550 2077 ,
1570 2039 1716 2081 aliosque
1729 2039 1981 2083 Cappadocis&
1994 2040 2083 2075 Pon-

1198 2086 1268 2119 ticae
1286 2086 1432 2121 Ecclefiae
1454 2089 1613 2123 Dostores
1636 2089 1730 2123 fuisse
1750 2088 1891 2131 ejusdem
1915 2091 2080 2125 sententiat

1199 2146 1235 2168 ac
1255 2135 1331 2169 fidei
1354 2160 1360 2166 .
1390 2135 1592 2170 Posteriores
1611 2137 1801 2171 Graecorum
1823 2138 1935 2174 Patres
1957 2165 1967 2180 ,
1994 2153 2077 2185 quos

1197 2186 1394 2219 Saracenicae
1409 2185 1550 2219 servituti
1560 2186 1694 2228 subjecit
1707 2187 1832 2222 Divina
1845 2188 1971 2231 Justitia
1984 2214 1996 2230 ‚
2020 2191 2080 2225 ad·

1198 2235 1322 2269 verstrm
1345 2234 1494 2269 infideles
1503 2235 1684 2278 Tyrannos
1704 2236 1866 2280 disputare
1887 2238 1928 2272 de
1948 2238 2077 2274 Eucha-

1196 2284 1303 2324 ristia,
1330 2285 1365 2319 δε
1387 2284 1455 2327 ejus
1477 2285 1719 2328 poffibilitatem
1743 2298 1783 2320 ex
1811 2288 2011 2324 naturalibus
2030 2302 2079 2329 rav-

1195 2335 1342 2371 tionibus
1366 2332 1606 2376 demonstrare,
1634 2337 1963 2380 fueruntfrequenter
1984 2351 2075 2385 roga-

1194 2385 1219 2418 ti
1247 2396 1343 2428 atque
1369 2385 1525 2428 compulfi
1554 2410 1561 2417 .
1600 2385 1644 2420 Et
1671 2387 1772 2429 ipsam
1809 2388 2072 2426 demonstrarunt

1191 2445 1231 2468 ex
1261 2435 1397 2469 naturali
1427 2435 1575 2470 humanae
1611 2436 1803 2471 nutritionis
1837 2450 1935 2483 opere
1958 2465 1971 2482 ‚
2002 2452 2071 2485 quo

1178 2475 1282 2530 lpanis
1318 2486 1352 2520 &
1379 2484 1491 2520 vinnm
1518 2485 1665 2529 quotidie
1690 2485 1725 2521 in
1762 2486 1910 2527 nostram
1936 2501 2069 2527 carnem

1192 2537 1225 2569 ἀ
1253 2537 1445 2581 sanguinem
1473 2535 1802 2578 transubstantiantur
1829 2564 1835 2571 .
1876 2540 1995 2576 Hocce
2020 2554 2069 2578 ar-

1188 2597 1349 2630 gumento
1375 2587 1418 2620 usi
1436 2588 1508 2620 sunt
1522 2587 1654 2620 Sanetus
1668 2587 1809 2630 Joannes
1819 2589 2065 2634 Damascenus,

1187 2637 1316 2670 Sanetus
1339 2635 1521 2679 Stephanus
1533 2636 1664 2680 Martyr
1683 2636 1839 2673 &Abbas
1859 2639 2068 2679 Auxentiani-

1186 2686 1218 2718 in
1247 2685 1405 2729 Bithynia
1433 2685 1626 2720 Monasterii
1651 2711 1662 2728 ,
1698 2687 1831 2722 Sanc'tus
1855 2689 2064 2735 Nicephorus

1185 2734 1369 2770 Patriarcha
1398 2736 1782 2779 Constantinopolitanus
1806 2763 1820 2780 ‚
1858 2738 2063 2776 Venerabilis

1184 2786 1347 2820 Zamonas
1381 2786 1533 2822 Gazenfis
1562 2785 1738 2846 Episcppus
1760 2812 1773 2829 ,
1798 2789 1832 2822 &
1855 2789 1961 2832 plures
1985 2792 2059 2826 alii.

1184 2836 1329 2884 Qidam
1355 2836 1540 2870 existimant
1561 2834 1681 2871 horum
1704 2848 1806 2872 unum
1831 2840 1893 2873 effe
1919 2841 2061 2884 primum

1185 2886 1273 2919 istius
1300 2886 1482 2930 argumenti
1508 2884 1676 2921 authorem
1705 2913 1711 2920 .
1745 2887 1857 2922 Palam
1885 2890 2058 2925 labuntur.

1183 2936 1256 2978 Ipso
1281 2937 1370 2970 enim
1397 2935 1452 2971 hic
1476 2935 1561 2980 apud
1587 2937 1659 2970 suos
1685 2937 1975 2979 catechumenos,
2003 2950 2058 2976 aut

1185 2985 1381 3029 Neophytos
1405 3011 1416 3028 ,
1454 2985 1556 3021 utitur
1591 2988 1691 3022 etiam
1729 2988 1764 3022 N
1766 2989 1896 3032 yffenus
1930 2990 2055 3035 Grego-

1184 3048 1267 3070 rius.

1231 3085 1469 3122 Difficultatem
1496 3088 1619 3122 faciunt
1645 3086 1711 3121 haec
1747 3088 1898 3133 Gregorii
1937 3089 2055 3125 verba:

1182 3139 1294 3177 Corpus
1307 3140 1361 3169 Dei
1380 3138 1470 3171 Verbi
1487 3138 1700 3171 inhabitatlone
1718 3139 1762 3170 ad
1784 3141 1934 3171 Divinam
1957 3140 2056 3184 trans-

1181 3196 1327 3219 mutatum
1351 3185 1388 3226 est
1408 3188 1581 3230 dignitatem
1601 3212 1608 3219 .
1636 3187 1724 3220 Κεέῖἑ
1745 3190 1811 3230 erg&
1839 3199 1915 3222 nunc
1943 3200 2055 3233 quoque

1183 3241 1238 3270 Dei
1260 3236 1348 3269 verbo
1365 3235 1584 3279 sanc‘lificatum
1592 3245 1703 3278 panem
1726 3242 1759 3269 in
1771 3237 1927 3272 DeiVerbl
1947 3249 2053 3283 corpus

1179 3289 1262 3320 credo
1272 3285 1484 3328 transmutari.
1514 3287 1682 3321 Consueto
1695 3285 1830 3321 Patrum
1853 3298 1942 3323 more
1964 3301 2054 3324 com-

1155 3336 1157 3339 ’
1181 3338 1313 3379 positam
1337 3348 1377 3369 ex
1398 3347 1479 3379 pane
1500 3337 1534 3370 ὃς
1557 3335 1740 3370 Dominico
1767 3348 1900 3380 corpore
1925 3339 2053 3373 Eucha-

1180 3388 1299 3423 ristiam
1319 3397 1394 3422 cum
1424 3386 1545 3423 Christi
1578 3385 1720 3420 Domini
1741 3398 1782 3423 ex
1804 3387 1916 3424 Verbo
1941 3390 1974 3423 &
1996 3387 2052 3425 ho-

1575 3437 1682 3484 Qz

1916 3440 2003 3472 mine
