2384 3756
58 1089 96 1119 A.
128 1088 210 1122 1064.

67 2295 128 2336 Lib.
148 2309 174 2336 6.
190 2314 215 2336 c.

68 2355 114 2381 25·
141 2349 187 2375 26.

671 179 897 213 prunum
930 147 1236 211 Romanuin
1270 155 1652 205 Concuxum'.

1916 160 1979 217 27

220 264 222 268 ·
266 248 364 290 Circa
375 254 403 289 S.
411 248 531 288 Leonis
543 249 623 286 noni
633 259 780 294 tempora
789 250 928 294 Hispani
938 254 1103 290 coeperunt
1163 245 1271 283 synodo
1292 242 1508 285 interfuerunt,
1531 240 1564 285 J}
1581 240 1816 283 celebraturum,
1840 242 1876 277 ὁ·
1898 251 1932 276 ut
1941 243 2045 276 melius

217 314 316 349 eaput
329 305 477 350 erigere,
503 303 538 337 &
558 302 672 345 ejicere
684 301 878 336 Saracenos.
901 297 1013 331 Etiam
1024 306 1102 330 tunc
1162 299 1272 337 poterit
1291 292 1515 337 observaturum
1533 291 1682 335 promifit.
1711 292 1764 325 Ex
1782 305 1848 335 quo
1869 292 1959 327 vides
1968 290 2048 326 huie

219 365 388 398 eoeperunt
407 352 509 396 aliqui
527 351 610 387 circa
632 349 848 386 Mozarabum
869 347 1016 381 officium
1043 346 1104 379 flu·

219 406 341 439 auare.
367 403 502 437 Etenim
514 401 555 436 ad
568 400 731 436 undecimi
745 397 848 432 saeculi
860 395 1102 441 sexagesimum,

223 455 258 489 &
279 453 408 488 Nicolai
429 453 559 486 secundi
580 449 752 485 pontificis
774 446 950 482 secundum
980 456 1104 478 annum

223 503 390 539 Dominus
412 501 594 537 Cardinalis
613 499 714 533 Caesar
733 497 893 532 Batonius
915 494 1026 530 laudat
1037 495 1107 538 Jac-

224 553 367 588 eitanam
390 552 557 596 Hispania:
576 547 768 591 synodum,
792 555 962 581 enumerat
986 544 1052 588 ejus
1067 545 1106 578 E-

224 603 375 647 piscopos
396 626 407 643 ,
433 614 472 637 ae
491 599 617 645 pergit:
662 602 722 630 Hoc
742 604 776 630 in
797 598 927 629 Concilio
946 601 980 628 in
996 599 1106 638 primis

220 651 302 696 sacri
319 658 419 692 ritus,
443 658 604 692 temporum
623 650 738 688 inJuria
756 648 940 687 depravati,
969 646 1021 678 vel
1042 644 1108 678 abo-

224 703 273 736 liti
294 727 307 744 ,
326 701 400 746 sunt
418 700 543 741 restituti
559 723 570 738 ,
599 695 754 740 disciplina
776 695 971 737 Ecclefiastica
991 694 1108 737 resarci-

226 761 282 793 ta,
305 749 450 792 moresque
470 750 514 782 ad
522 747 672 792 sacrorum
693 751 848 780 Canonum
870 756 1005 779 normam
1026 755 1107 778 revo-

227 806 302 836 cati.
326 798 448 843 Insuper
474 811 510 833 ne
529 800 607 838 alio,
633 808 722 840 quam
746 801 900 834 Romano,
924 805 1002 827 more
1013 792 1110 836 sacrae

222 860 323 894 preces
346 855 381 895 in
405 848 532 891 Ecclest'a
554 846 792 892 persolverentur
811 871 819 878 .
843 850 915 878 Haec
934 843 1110 887 summatim

226 901 264 933 de
283 901 412 933 Concilio
431 898 547 942 firipta
572 902 752 940 reperimus.
780 894 904 930 Verum
931 894 1110 938 postremus

227 949 283 983 hic
305 950 424 984 Canon
448 960 517 983 non
539 947 656 982 habuit
665 947 836 991 pacificam
848 946 1108 978 exsecutionem.

227 999 363 1034 Etenim
382 998 423 1032 ad
444 999 664 1033 Mantuanam
687 995 870 1030 Alexandri
896 993 1029 1029 secundi
1055 995 1113 1037 Sy-

226 1048 354 1083 nodum
391 1059 546 1083 venerunt
572 1049 690 1082 Mavio
716 1045 970 1091 Calaguritanus
990 1066 1001 1083 ,
1038 1042 1114 1076 Exi-

227 1099 315 1134 mius
334 1098 492 1133 Aucenfis
514 1123 525 1139 ,
551 1099 584 1133 &
606 1096 786 1132 Fortunius
807 1094 1013 1130 Alavacenfis
1035 1092 1114 1136 Epi-

227 1150 359 1193 scopus,
385 1148 571 1184 detulerunt
591 1146 756 1183 Gothico:
781 1147 912 1180 suorum
933 1145 1055 1178 rituum
1078 1154 1115 1176 ac

229 1199 417 1234 officiorum
436 1198 538 1234 libros
561 1223 572 1239 ‚
609 1198 644 1232 &
670 1197 893 1241 supplicarunt
917 1192 1087 1239 approbari
1106 1216 1113 1223 .

230 1250 276 1284 Et
294 1249 388 1283 fuisse
407 1249 426 1283 ὲ
449 1249 615 1283 Pontifice
624 1260 662 1282 ac
672 1246 811 1291 Synodo
823 1244 1041 1289 approbatos,
1065 1241 1116 1276 ad-

229 1299 340 1334 firmat
359 1310 400 1333 ex
421 1298 553 1333 vetustis
572 1297 744 1342 Hispaniae
754 1297 885 1339 Scriptis
895 1295 1038 1337 Ioannes
1050 1291 1120 1325 Ma-

229 1349 338 1384 riana.
366 1349 478 1393 Pergit
498 1350 542 1383 D.
564 1346 751 1381 Cardinalis
773 1345 955 1379 Batonius:
983 1340 1048 1381 Post
1057 1341 1121 1374 haec

230 1397 373 1441 Episcopi
395 1397 521 1440 Hispani
547 1400 656 1440 Legati
676 1421 687 1436 ,
722 1401 774 1437 qui
801 1398 968 1426 Mantuano
993 1392 1120 1423 Concilio

231 1447 435 1490 interficerent
455 1471 466 1486 ‚
502 1444 653 1486 rever-fieri
673 1450 706 1476 in
731 1441 898 1484 Hispanias
920 1465 932 1482 ‚
968 1440 1120 1473 duxerunt

225 1496 325 1541 secum
342 1496 382 1528 ab
406 1495 576 1528 Alexandro
596 1495 686 1536 Papa
704 1493 852 1526 decretum
875 1494 1020 1535 Legatum
1047 1490 1119 1522 ala-

228 1555 296 1580 rere
314 1548 464 1590 Bugonem
487 1545 664 1577 Candidum
690 1566 702 1583 ,
726 1544 809 1584 cujus
838 1541 1012 1575 auHoritate
1039 1541 1117 1571 Bar-

230 1600 345 1630 dnonae
369 1597 533 1629 Concilium
557 1595 751 1638 adgregatum
776 1591 815 1632 est
841 1615 852 1632 ,
892 1597 926 1625 in
960 1601 1015 1633 quo
1039 1590 1115 1633 leges

233 1644 376 1679 Gothicas
398 1669 410 1686 ,
435 1644 541 1687 quibus
559 1645 701 1678 Catelani
720 1642 882 1675 utebantur
905 1666 916 1682 ‚
957 1642 1038 1674 idem
1065 1642 1120 1672 Le-

228 1705 324 1741 gatus
345 1696 468 1741 penitus
492 1694 666 1745 abrogavit,
691 1690 839 1737 novasque
846 1690 953 1735 sanxit
974 1715 985 1730 ,
1010 1689 1119 1732 quibus

233 1745 322 1780 hodie
335 1747 464 1788 populus
485 1751 581 1779 utitur
603 1771 611 1778 .
639 1748 679 1778 Ut
692 1753 794 1777 autem
818 1743 854 1777 <5
875 1740 994 1775 Gothici
1019 1746 1120 1779 ritus,

234 1794 375 1830 adbiberi
399 1801 433 1829 in
452 1798 551 1829 sacris
569 1794 650 1839 soliti
666 1819 678 1836 ,
719 1793 933 1838 abrogarentur
956 1816 967 1832 ,
992 1790 1032 1823 ab
1059 1790 1119 1822 illis

233 1845 368 1879 obtinere
387 1857 447 1878 non
464 1851 586 1887 potuit,
610 1856 701 1888 neque
720 1855 819 1888 cogere
841 1845 966 1885 voluit,
995 1840 1060 1874 cum
1084 1845 1122 1873 ei-

235 1894 306 1942 dem
327 1899 361 1929 in
381 1897 509 1930 Concilio
528 1899 698 1930 Mantuano
718 1899 826 1939 cogniti
841 1892 964 1936 fuiffent
985 1891 1037 1934 effe
1064 1894 1121 1927 Ca·

233 1943 335 1979 tholici
348 1970 357 1978 .
383 1944 529 1981 Proinde
548 1944 740 1981 Alexander
760 1943 917 1978 Pontifex
941 1940 1123 1976 Mozarabi-

236 2006 314 2030 cum
334 1995 483 2031 officium
502 1996 546 2032 fic
566 1996 737 2040 probavit,
763 2004 800 2030 ut
825 2003 937 2030 tamen
957 2002 1125 2027 commen·

234 2044 330 2080 daret
348 2057 387 2081 ac
409 2046 557 2082 suaderet
579 2047 791 2082 Romanum.

288 2094 357 2130 Res
377 2097 423 2131 ita
438 2098 554 2132 manfit
575 2099 678 2143 usque
703 2097 744 2132 ad
756 2095 967 2139 Alphonsum
977 2096 1101 2129 sextum
1115 2117 1125 2132 ,

236 2143 296 2188 qui
321 2144 526 2180 Toletanam
557 2145 774 2190 Metropolim
800 2146 965 2179 Saracenis
989 2144 1127 2187 eripuit,

237 2195 272 2227 δε
297 2192 339 2228 de
363 2205 430 2238 quo
455 2196 561 2238 pergit
588 2195 773 2230 Rodericus
804 2194 947 2236 ejusdem
985 2193 1127 2228 civitatis

234 2243 420 2287 Episcopus
439 2257 452 2277 .-
478 2242 643 2287 Alphonsus
668 2245 712 2277 ad
735 2242 909 2283 instantiam
934 2249 1036 2275 uxoris
1058 2241 1127 2284 suae

235 2296 362 2338 Reginae
387 2292 570 2334 Constantia
581 2319 593 2336 ‚
621 2305 688 2338 quae.
713 2302 780 2327 erat
805 2294 843 2327 de
860 2293 1000 2335 partibus
1013 2291 1127 2324 Gallia-

235 2354 328 2384 rum,
353 2342 429 2385 miste
439 2347 565 2378 Romam
574 2345 619 2382 ad
641 2347 812 2388 Gregorium
824 2346 941 2385 Papam
946 2341 1128 2385 septimum,

237 2402 273 2426 ut
293 2399 327 2426 in
349 2392 508 2436 Hispaniis
529 2395 624 2438 omiffo
642 2396 781 2428 Toletano
805 2396 973 2426 Romanum
992 2391 1046 2435 seu
1059 2391 1130 2423 Gal-

239 2445 370 2477 licanum
387 2444 509 2486 officium
524 2443 716 2488 servaretur.
746 2444 790 2477 Et
814 2444 897 2477 infra
923 2457 934 2476 .·
970 2445 1128 2485 Gregorius

238 2491 387 2537 septimus
408 2517 419 2534 ,
454 2496 500 2527 ad
528 2500 701 2537 petitionem
736 2498 826 2538 Regis
851 2491 989 2535 Alpbonfi
1010 2516 1021 2532 ‚
1057 2489 1131 2533 mifit

242 2544 402 2586 §amdam
421 2544 623 2586 Ricardum,
651 2545 794 2579 abbatem
802 2544 903 2576 „tandit
914 2542 1039 2576 Vibioris
1051 2538 1130 2583 Mas-

205 2598 211 2610 *
237 2591 382 2635 filialis,
408 2601 443 2626 ut
463 2593 607 2635 Ecclesiae
634 2594 787 2637 Hispaniae
806 2619 818 2635 ,
860 2601 902 2625 tot
922 2590 1129 2635 persecutioni·

77 3384 138 3418 Lib.
167 3396 191 3415 1.

77 3428 129 3463 Ep.
141 3429 156 3457 8
162 3435 185 3464 3.

242 2643 299 2676 bus
320 2642 513 2685 perturbatas
535 2667 548 2684 ,
574 2643 764 2683 Ecclefiastico
789 2643 986 2676 moderamine
1011 2642 1127 2674 ordina-

242 2700 311 2726 ret.
339 2693 411 2726 Hic
432 2693 534 2739 igitur
554 2691 739 2729 Richardus
749 2692 993 2738 Gregorianum
1005 2691 1130 2735 praesen·

244 2742 289 2776 tis
314 2741 443 2785 Synodi
467 2744 647 2779 Decretum
673 2745 736 2778 fuit
762 2745 797 2777 in
823 2741 984 2786 Alphonsi
1010 2742 1132 2785 Regno

243 2791 414 2826 exsecutus
437 2816 444 2824 .
471 2793 546 2828 Nee
567 2794 634 2828 sola
659 2794 790 2838 Regina
811 2792 1008 2827 Constantia
1032 2815 1044 2831 ,
1079 2791 1132 2824 sed

243 2842 348 2876 etiam
367 2841 571 2885 Bernardus,
597 2842 668 2888 post
691 2844 858 2877 liberatam
876 2842 988 2876 urbem
1011 2841 1133 2885 primus

244 2890 366 2926 Toleti
392 2891 572 2937 Episcopus
592 2919 605 2936 ‚
641 2891 765 2928 bonum
790 2903 870 2936 opus
895 2891 1020 2926 strenue
1045 2890 1133 2933 adju-

247 2942 314 2977 vit.
345 2941 438 2976 Nam
462 2943 495 2977 δε
516 2945 584 2988 ipse
604 2952 671 2978 erat
692 2942 796 2978 homo
816 2941 954 2984 Gallus,
980 2950 1076 2976 natus
1097 2941 1132 2975 in

247 2989 439 3035 Agenneufi
474 2994 639 3029 territorio
662 3018 674 3036 ,
710 2994 863 3038 professus
899 2993 936 3025 in
959 2991 1133 3026 Auxitano

246 3041 356 3075 Sanffl
384 3041 535 3077 Autentii
558 3068 571 3086 ,
606 3044 763 3079 educatus
799 3043 835 3076 in
862 3038 1028 3077 Coenobio
1054 3041 1134 3077 Clu-

248 3090 408 3125 niacenfi.
660 3108 668 3115 ·

302 3140 405 3183 Cujus
433 3143 519 3186 apud
544 3144 712 3190 Hispanos
747 3142 904 3180 faciendae
929 3143 1133 3178 executionis

249 3188 410 3225 Pontifex
432 3193 495 3227 fuit
514 3193 598 3230 adeo
620 3196 743 3229 zelosus
768 3220 780 3235 ‚
816 3203 854 3229 ut
890 3193 1031 3227 Paulum
1056 3193 1132 3227 Mo-

246 3241 330 3283 vio,
356 3242 466 3276 nescio
487 3244 728 3286 cujuscivitatis
741 3244 973 3289 Episcopum,
989 3243 1132 3278 Romam

246 3291 461 3326 criminaliter
470 3303 642 3328 evocatum
654 3319 666 3336 ‚
690 3307 728 3330 ac
738 3305 897 3338 repertum
909 3294 1132 3332 innocentem,

247 3339 292 3375 ad
312 3341 514 3377 redeundum
538 3344 687 3391 noluerit
701 3345 889 3385 absolvere,
915 3343 974 3376 nifi
1000 3342 1057 3378 sub
1069 3342 1130 3377 hac

246 3390 475 3426 conditione:
515 3396 631 3427 Paulus
666 3397 833 3428 Romanum
867 3394 998 3428 ordinem
1021 3398 1053 3427 in
1079 3397 1133 3425 Di-

249 3445 334 3477 vinis
356 3442 487 3484 officiis,
503 3443 577 3484 ficut
599 3451 696 3480 caeteri
718 3443 873 3488 Hispania
896 3441 1055 3487 Episcopi,
1081 3448 1133 3486 qui

319 3490 454 3534 'uchriffi
464 3496 545 3537 Lupi
555 3498 654 3538 Opera
664 3498 699 3530 T.
714 3499 763 3528 VI.

1166 343 1302 388 synodo
1326 344 1495 387 Hispanos
1515 343 1616 376 etiam
1638 340 1817 384 Episcopos
1827 341 1978 377 adfuisse.
2005 341 2051 375 Et

1167 394 1301 438 quidem
1322 393 1411 436 quod
1438 393 1572 426 Sancius
1596 391 1789 436 Arragoniae
1815 391 1890 424 Rex
1916 392 2049 435 praesens

1168 446 1349 479 Decretum
1370 443 1466 477 fuerit
1489 442 1599 476 statim
1622 443 1807 480 exsecutus,
1837 440 1923 473 lucet
1934 452 1975 474 ex
1986 440 2052 475 hoc

1170 494 1342 528 Pontificis
1364 491 1405 527 ad
1427 493 1532 537 ipsum
1553 491 1747 534 Rescripto:
1773 494 1811 523 In
1833 489 1884 522 boc
1906 492 1986 531 quod
1998 489 2054 533 sub

1171 548 1281 578 ditione
1302 553 1354 577 tua
1374 547 1503 576 Romani
1529 543 1643 575 ordinis
1669 542 1789 583 officium
1810 539 1874 581 fieri
1894 539 1994 579 studio
2021 541 2054 574 cb·
2078 545 2128 581 Ep.
2137 545 2183 578 63.

1166 594 1338 638 juffionibus
1359 599 1420 626 tuis
1443 593 1542 636 efferis
1554 617 1564 633 ,
1590 594 1734 624 Romanae
1758 588 1890 631 Ecclefiae
1910 597 1940 622 te
1959 588 2056 631 filium

1172 645 1296 685 ostendis
1310 667 1320 682 ,
1344 645 1378 676 (st
1394 644 1519 676 eandem
1540 643 1739 682 concordiam,
1767 642 1802 674 i&
1823 640 1948 674 eandem
1959 644 2060 672 amici·

1173 701 1247 728 tiam
1268 700 1312 727 ita
1333 692 1477 736 nobiscum
1500 692 1608 725 habere
1620 717 1631 732 ‚
1657 702 1747 734 quam
1760 692 1828 723 olim
1838 694 1935 734 Reges
1947 687 2058 731 Hispa-

1175 751 1234 778 niae
1245 755 1307 778 cum
1320 748 1460 776 Romanis
1478 740 1666 785 Pontificibus
1676 741 1825 774 habebant
1835 765 1846 781 ‚
1865 737 2037 783 cognosceris
2053 763 2060 771 .

1176 795 1315 837 Hispani
1337 795 1428 828 enim
1440 793 1547 838 Reges
1558 792 1758 835 Apostolicae
1769 788 1938 826 Cathedrae
1956 789 2062 834 singu·

1175 844 1275 878 larem
1296 845 1418 889 semper
1439 841 1846 877 detuleruntreverentiam
1859 864 1871 880 ‚
1897 840 2064 883 ipsamque

1177 894 1357 938 Gregorius
1380 904 1474 938 rogat
1496 903 1594 937 atque
1617 891 1766 926 hortatur
1784 891 1847 925 este
1857 898 2064 933 perpetuam.

1180 947 1224 977 At
1245 943 1322 976 vero
1342 945 1382 978 ad
1406 944 1593 977 Simeonem
1610 942 1718 976 nescio
1732 940 1822 984 cujus
1832 939 1924 974 Sedis
1934 938 2066 982 Episco-

1179 1004 1279 1038 pum,
1306 1004 1343 1025 ac
1364 993 1561 1036 Apostolicae
1581 992 1749 1026 Cathedrae
1770 992 1806 1025 in
1831 990 1926 1025 omni
1949 988 2067 1032 Hispa-

1180 1045 1232 1077 nia
1255 1043 1445 1082 Vicarium,
1471 1041 1538 1076 haec
1556 1042 1629 1085 post
1651 1042 1824 1076 biennium
1847 1041 1880 1075 &
1904 1039 1975 1083 post
1988 1037 2069 1071 mul-

1180 1095 1223 1128 tis
1244 1093 1498 1127 demonstratam
1521 1092 1682 1125 Romanae
1703 1087 2071 1125 Ecclefiaeinfallibilem

1181 1144 1406 1178 austeritatem
1427 1143 1568 1185 scripsit:
1597 1146 1654 1174 His
1668 1141 1758 1183 fulta
1775 1138 1926 1183 praesi'diis
1934 1143 2070 1172 Romana

1183 1204 1211 1228 te
1230 1194 1298 1227 vult
1320 1192 1396 1237 scire
1417 1190 1558 1233 Ecclefia,
1591 1192 1670 1234 quod
1684 1191 1763 1233 filios
1779 1217 1790 1232 ,
1815 1202 1886 1233 quos
1911 1195 1943 1223 in
1956 1187 2072 1228 Christo

1186 1294 1282 1334 lane,
1306 1303 1339 1327 ut
1355 1294 1516 1337 fl’cundicm
1540 1291 1700 1334 Apostolum
1716 1291 1778 1333 fini
1798 1302 1893 1324 unum
1917 1315 1928 1331 ,
1954 1292 1988 1324 ὦ·
2014 1299 2074 1323 non

1180 1343 1240 1386 fint
1261 1349 1294 1376 in
1313 1349 1355 1376 eis
1375 1342 1538 1387 schismata
1561 1368 1568 1375 .
1607 1343 1743 1385 Alioquin
1767 1352 1825 1375 non
1853 1350 1952 1373 mater
1974 1364 1986 1381 ,
2016 1337 2077 1382 sed

1182 1392 1270 1437 fi-ifflo
1291 1403 1462 1427 vocaretur.
1491 1396 1688 1436 ,Quapropter
1706 1399 1807 1426 notum
1821 1390 1861 1433 fit
1882 1390 1939 1424 tibi
1963 1414 1974 1430 ,
2006 1400 2076 1423 cun-

1186 1441 1294 1485 Hisque
1314 1442 1424 1483 Christi
1443 1443 1581 1487 fidelibus
1608 1467 1619 1482 ‚
1650 1441 1742 1485 super
1761 1441 1868 1485 quibus
1891 1438 2075 1484 consuluistI,

1187 1493 1268 1535 quod
1291 1494 1436 1531 Decreta,
1462 1504 1531 1534 quae
1551 1493 1572 1524 ἃ
1592 1492 1700 1532 nobis,
1726 1494 1815 1525 immo
1839 1493 2008 1525 &Romana
2018 1491 2076 1522 Ec·

1187 1540 1267 1583 clefia
1289 1541 1398 1580 constat
1412 1542 1535 1582 prolata
1551 1541 1614 1581 five
1626 1543 1822 1583 confirmata,
1850 1543 1887 1575 de
1894 1540 2078 1584 peragendi}

1187 1594 1208 1624 ἃ
1231 1590 1317 1624 vobis
1338 1589 1468 1634 ejusdem
1491 1588 1624 1630 Ecclefiae
1635 1590 1752 1630 officiis,
1780 1591 1939 1632 inconcussa
1951 1591 2077 1625 velimus

1184 1650 1360 1684 permanere
1372 1665 1382 1681 ‚
1409 1652 1461 1674 mc
1477 1647 1519 1673 eis
1542 1638 1721 1682 acquiescere
1736 1662 1746 1679 ,
1762 1645 1824 1682 >qui
1847 1641 1980 1680 luporum
2000 1651 2079 1672 mor-

1182 1691 1261 1734 fibus
1287 1694 1322 1726 6*
1346 1690 1553 1732 veneficiorum
1589 1689 1739 1723 molimine
1764 1701 1810 1723 eos
1836 1690 1950 1731 inficere
1976 1687 2079 1730 deside-

1189 1750 1261 1774 rant
1284 1766 1293 1774 .
1328 1743 1474 1785 Omnem
1502 1742 1695 1776 Romanum
1721 1738 1982 1774 Patriarchatum
2010 1738 2080 1772 vult

1188 1793 1287 1826 etiam
1308 1795 1339 1825 in
1364 1792 1499 1825 Divinis
1517 1790 1635 1825 ritibus
1654 1792 1718 1825 else
1739 1802 1842 1824 unum
1856 1815 1867 1831 ,
1899 1788 1996 1832 hujus
2008 1788 2081 1823 uni·

1189 1843 1264 1877 tatis
1286 1841 1482 1877 adversarios
1502 1839 1669 1876 duriffime
1688 1851 1802 1882 notat,
1829 1841 1865 1874 in
1879 1840 1965 1884 ipsos
1977 1840 2080 1883 usque

1189 1894 1228 1927 ad
1251 1892 1444 1937 sanguinem
1467 1892 1502 1926 dc
1523 1901 1662 1928 mortem
1675 1891 1828 1927 adfirmat
1839 1889 2079 1936 pugnandum,

1189 1946 1223 1980 &
1242 1943 1429 1979 concludit:
1459 1945 1587 1977 Procura
1607 1954 1674 1987 ergo
1693 1952 1726 1976 ut
1743 1946 1897 1976 Romanus
1920 1941 2001 1975 ordo
2018 1948 2078 1982 per

1190 2004 1283 2029 totam
1306 1994 1479 2039 Hispaniam
1500 1997 1535 2029 (5·
1560 1995 1718 2027 Galliciam
1739 2016 1750 2033 ,
1774 1994 1808 2027 Θ
1832 1992 2007 2034 ubicumque
2025 1999 2081 2033 po·

1190 2052 1281 2086 teris,
1307 2054 1340 2079 in
1358 2046 1493 2079 omnibus
1515 2044 1622 2078 reditus
1643 2053 1797 2079 teneatur.
1826 2043 1965 2078 Dudum
1986 2040 2081 2074 dura·

1192 2097 1237 2130 vit
1261 2097 1327 2130 haec
1349 2098 1498 2140 quaestio.
1528 2095 1662 2130 Etenim
1685 2106 1778 2128 nono
1801 2092 2081 2128 suiPontificatus

1192 2157 1280 2179 anno
1302 2145 1344 2179 ad
1367 2144 1577 2188 Alphonsum
1602 2144 1771 2186 Hispaniae
1784 2144 1909 2186 Regem
1921 2141 1987 2176 haec
2001 2141 2082 2175 Gre-

1185 1248 1302 1284 nutrit,
1329 1255 1387 1276 non
1410 1241 1531 1284 diverfis
1552 1242 1688 1275 uberibus
1714 1252 1763 1274 nec
1774 1239 1893 1284 diverso
1902 1246 1983 1282 cupit
1995 1240 2073 1272 alere
2092 1225 2178 1302 {Ji-st&
2207 1224 2240 1254 ιζ’

2150 1264 2213 1292 ,18.

1191 2196 1303 2241 gorius
1323 2194 1478 2237 rescripfit
1500 2208 1510 2227 .·
1552 2198 1683 2227 Noverit
1710 2193 1901 2225 Excellentia
1927 2200 1980 2224 tua
2006 2191 2083 2224 illud
2100 2182 2200 2221 L³b·9·

1192 2256 1281 2279 unum
1301 2244 1460 2277 admodum
1485 2244 1568 2276 nobis
1590 2267 1601 2283 ,

1188 2297 1305 2337 placere
1315 2320 1325 2335 ‚
1352 2297 1431 2337 quod
1443 2300 1474 2327 in
1488 2293 1622 2334 Ecclefiis
1635 2297 1732 2337 Regni
1743 2296 1788 2325 tui
1802 2317 1813 2333 ‚
1837 2295 1946 2324 matris
1953 2297 2081 2324 omnium

1173 2374 1177 2385 ,
1192 2345 1310 2378 Sanc‘lae
1328 2349 1472 2378 Romana
1484 2342 1615 2385 Ecclefiae
1627 2345 1771 2376 Ordinem
1779 2347 1892 2384 recipi,
1919 2343 1953 2375 ἐν
1979 2352 2016 2375 ex
2028 2353 2083 2374 an-

1191 2402 1272 2438 tiquo
1291 2406 1367 2428 more
1376 2395 1516 2429 celebrari
1527 2392 1650 2433 effeceris
1662 2419 1670 2426 .
1698 2395 1833 2435 Denique
1842 2398 1875 2425 in
1897 2392 1948 2424 illo
1961 2416 1971 2431 ,
1997 2403 2081 2434 quem

1193 2446 1335 2479 hactenus
1359 2439 1476 2487 tenuisse
1487 2445 1631 2477 videmini
1644 2468 1655 2484 ,
1681 2444 1820 2486 quaedam
1831 2452 1933 2476 contra
1943 2442 2081 2475 Catholi-

1194 2507 1256 2529 cam
1276 2495 1368 2538 fidem
1386 2493 1499 2538 inserta
1516 2496 1621 2536 patulo
1641 2498 1854 2527 convincuntur
1877 2517 1885 2524 .
1911 2495 1993 2537 ραι·
2015 2503 2082 2525 cum

1194 2547 1372 2588 relinquere,
1401 2547 1436 2579 (9'
1457 2545 1500 2577 ad
1516 2545 1673 2586 priliinam
1693 2541 1950 2586 consuetudinem,
1972 2541 2082 2585 scilicet

1196 2595 1285 2636 buius
1311 2593 1466 2637 Ecclefiae,
1493 2600 1607 2628 reverti
1634 2592 1820 2634 deliberasti,
1847 2606 1906 2627 non
1917 2592 2006 2629 dubie
2017 2591 2085 2625 bea-

1193 2654 1256 2678 tum
1278 2647 1402 2678 Petrum
1426 2644 1590 2686 Apostolum
1611 2651 1713 2685 optare
1738 2645 1900 2676 Patronum
1923 2666 1934 2682 ,
1963 2643 1997 2676 <⁴5
2014 2640 2083 2684 sub-

1194 2697 1322 2728 dirorum
1341 2704 1454 2727 tuorum
1460 2693 1590 2736 salutem
1601 2705 1706 2727 curare
1719 2692 1896 2733 monstrasti.
1925 2691 2083 2735 Hispanis

1194 2745 1325 2780 Officiis
1345 2755 1426 2778 tune
1447 2744 1584 2777 insertos
1595 2741 1702 2776 adhuc
1711 2753 1830 2776 errores
1842 2742 1997 2776 existimo
2006 2741 2084 2775 fuis-

1194 2797 1224 2829 se
1245 2795 1286 2829 de
1311 2793 1434 2829 Christi
1458 2792 1601 2827 Domini
1620 2791 1822 2835 adoptione.
1849 2791 1955 2840 Qod
1975 2792 2083 2826 &San-

1194 2846 1252 2880 etis
1275 2845 1479 2879 crederentur
1500 2843 1612 2877 inserti
1639 2842 1809 2885 Episcopis
1835 2866 1846 2880 ‚
1882 2842 1984 2872 etiam
2009 2839 2081 2882 post

1195 2893 1349 2938 Elipandi
1370 2893 1604 2928 correctionem
1623 2891 1759 2935 quidam
1782 2890 1890 2925 forsan
1903 2888 2082 2924 noluerunt

1196 2947 1279 2990 ipsos
1305 2944 1475 2989 expungi.

1245 2995 1371 3030 Verum
1391 2994 1572 3040 Gregorius
1597 2995 1727 3039 plenam
1752 2992 1801 3028 sui
1823 2992 2083 3028 Decretiexecui-

1194 3046 1322 3079 tionem
1347 3045 1383 3078 in
1419 3045 1583 3088 Hispania
1612 3044 1742 3079 videtur
1770 3055 1840 3078 non
1866 3044 2084 3077 consecutus.

1196 3096 1327 3130 Etenim
1351 3093 1391 3128 de
1418 3093 1586 3129 Richardo
1607 3094 1794 3129 Massiliensi
1806 3092 1846 3128 ad
1857 3093 2009 3128 Sanstum
2020 3090 2082 3126 Vi-

1193 3148 1316 3180 ctorem
1335 3143 1466 3179 Abbate
1481 3169 1491 3185 ‚
1517 3155 1615 3188 quem
1638 3146 1675 3179 in
1698 3142 1875 3187 Hispanias
1894 3143 2084 3187 Legatum,

1193 3196 1227 3230 δε
1238 3195 1283 3230 ob
1292 3194 1449 3238 quosdam
1462 3196 1605 3229 exceffus
1616 3205 1802 3229 revocatum
1816 3202 1910 3236 putat
1919 3192 1960 3226 ab
1974 3191 2084 3228 Urba-

1194 3257 1239 3279 no
1262 3243 1405 3279 secundo
1429 3270 1440 3286 ‚
1467 3245 1579 3279 scribit
1605 3244 1789 3280 Rodericus
1811 3240 2083 3286 Archiepiscopus

1638 2245 1727 2275 immo
1752 2244 1878 2274 Divina
1905 2241 2080 2274 clementia
2103 2226 2151 2263 ΕΡ·
2174 2235 2201 2254 ²⁴

1193 3296 1383 3330 Toletanus
1399 3309 1410 3328 :
1440 3296 1548 3328 Verum
1559 3305 1630 3329 ante
1641 3300 1854 3328 revocationem
1865 3295 1972 3326 Clerus
1985 3294 2020 3326 (ν
2034 3300 2084 3334 po·
2104 3296 2163 3327 Lib.
2182 3300 2210 3328 6.
2229 3307 2255 3329 ca

1190 3347 1280 3388 pulus
1291 3351 1381 3378 totius
1396 3343 1552 3388 Hispania*
1563 3345 1701 3378 turbatur
1715 3369 1728 3384 ,
1752 3355 1783 3377 eo
1794 3344 1873 3386 quod
1885 3343 2084 3377 ,Gallicanum
2106 3341 2152 3365 ²⁶·

1194 3393 1459 3438 officiumsufiipere
1471 3396 1490 3429 a
1505 3399 1617 3439 Legato
1628 3397 1662 3429 &⁶
1675 3397 1814 3435 Principe
1826 3393 2000 3437 cogebantur
2011 3416 2018 3423 .
2036 3394 2083 3423 Et

1191 3446 1302 3486 statuto
1312 3446 1360 3479 die
1373 3469 1385 3487 ,
1412 3449 1490 3490 Rege
1501 3471 1512 3487 ‚
1540 3448 1698 3532 Prigatez,
1725 3448 1850 3488 Legata,
1875 3444 1956 3478 Cleri
1967 3443 2083 3532 ἔξω
