2352 3756
291 168 393 213 412
824 139 1146 191 ,IND

268 238 372 272 banus
398 234 575 270 secundus.
1033 229 1113 263 ibid.

219 288 505 333 indulgentiarum
535 283 694 328 parciores
717 282 833 316 Graeci.
864 282 941 328 296.
968 292 989 313 1.
1017 279 1118 322 Apud

270 339 353 381 ipsos
367 347 476 370 tamen
491 336 566 369 sunt
580 332 773 378 quaestuariae
785 331 1005 375 Indulgentiae
1017 355 1024 362 .
1038 329 1115 363 ibid.

217 387 503 431 indulgentiarum
531 384 697 419 thesaurus
721 382 886 417 conflatur
914 391 955 414 ex
979 339 1135 428 infinitisi

270 436 392 471 Christi
405 436 529 471 meritis
541 436 574 469 δε
584 436 773 469 Sannorum
790 455 796 462 .
1036 429 1116 464 ibid.

218 487 440 533 Indulgentiae
469 488 503 520 in
527 483 764 520 communione
790 480 982 515 Sannorum
1003 480 1119 515 funda-

269 547 311 572 tae
336 563 343 570 .
370 540 451 583 2q6.
479 547 511 573 2.
540 534 712 569 Falluntur
736 530 794 573 qui
818 531 937 575 putant
958 542 1012 574 per
1034 531 1119 564 solas

270 587 498 634 Indulgentias
519 585 702 617 sannorum
725 581 884 626 passiones
906 579 947 615 ab
970 581 1118 615 Ecclefiae

270 638 415 673 clavibus
434 633 626 677 dispensari.
981 642 1065 679 297.
1099 643 1114 666 1

220 687 450 735 Indulgentiae-
466 682 580 718 dandae
605 682 744 726 potessas
762 682 806 716 est
832 692 931 726 penes
944 682 1031 715 solos
1043 682 1118 724 Epi-

271 740 408 781 scopos.
430 746 508 783 299.
539 746 570 772 2.
598 732 967 768 Posserioribussaeculis
980 731 1114 766 Abbati-

269 786 532 831 busquibusdam
555 785 748 819 commissa.
778 793 855 831 300.
884 794 904 815 1.
937 783 1113 826 indulgen·

269 839 322 873 tia:
343 839 360 871 ὲ
383 836 522 881 Synodo
547 834 664 868 dandae
684 835 836 876 praesente
846 832 934 866 clero
951 858 961 873 ,
988 834 1022 867 ὅ(
1036 833 1115 865 stan-

269 890 355 922 tium
379 887 473 931 plebe
499 911 506 918 .
533 885 611 919 ibid.
641 883 751 918 Plebis
785 883 961 918 confilium
983 883 1117 927 potius,

270 939 368 983 quam
379 937 554 972 consensus
569 936 631 970 fuit
644 934 838 969 necessarius
848 960 855 967 .
1037 933 1115 968 ibid.

224 987 469 1033 Indulgentiam
491 986 671 1030 plenariam
696 984 795 1019 dabat
816 984 898 1018 olim
915 984 1114 1028 Episcopus.

268 1049 349 1086 301.
382 1049 410 1074 1-
439 1036 613 1070 Restrifflo
640 1035 722 1079 faesia
734 1034 775 1069 ad
796 1034 1011 1080 quadraginta
1028 1035 1115 1069 dies.

269 1089 351 1123 ibid.
380 1087 592 1132 Indulgentia
629 1086 771 1131 plenaria
802 1087 931 1120 summo
954 1085 1115 1119 Pontifici

268 1141 422 1174 reservata
435 1164 442 1170 .
1033 1134 1112 1170 idid.

217 1190 501 1235 indulgentiarum
522 1186 661 1222 donatio
673 1211 683 1227 ,
708 1186 908 1230 pertineat-ne
926 1186 966 1220 ad
980 1186 1117 1231 potesla-

269 1252 336 1277 tem
357 1237 502 1279 ordinis,
530 1238 834 1282 anjurisdistioffs?
872 1247 980 1286 301.r.
1010 1236 1114 1272 Gene-

266 1291 375 1326 rale&
387 1289 595 1324 Provinciale
606 1288 799 1324 Concilium
812 1287 916 1333 potest
929 1288 1000 1322 illas
1011 1288 1111 1321 dona·

266 1354 317 1376 re.
1030 1337 1110 1372 ibid.

215 1391 437 1436 Indulgentiae
447 1391 544 1425 causa
559 1401 625 1424 non
642 1389 688 1424 est
703 1389 844 1424 visitatio
859 1388 1020 1428 ssafilicae‚
1033 1399 1110 1422 con-

266 1443 359 1487 fessio
377 1450 584 1485 peccatorum
599 1466 609 1480 ,
635 1439 759 1484 jejunia
773 1464 784 1480 ‚
810 1451 847 1473 ac
873 1439 1109 1482 eleemosynae:

265 1491 430 1541 Qamvis
449 1492 512 1524 sint
538 1491 579 1524 ad
591 1489 839 1535 Indulgentiam
856 1490 1026 1524 neceffaria
1040 1499 1111 1533 prae-

266 1543 410 1586 paratio.
441 1551 519 1589 301.
548 1553 580 1576 2.
610 1541 854 1585 indulgentiam
880 1540 1046 1574 obtenturi
1059 1539 1108 1573 de-

265 1594 346 1628 bent
357 1593 420 1627 esse
432 1592 645 1626 satisfactioni
663 1591 828 1634 proximi.
1030 1589 1108 1624 ibid.

214 1643 435 1688 Indulgentiae
459 1652 606 1685 tempore
632 1653 700 1674 non
715 1642 788 1675 sunt
800 1639 953 1685 gravibus
971 1641 1110 1684 peccatis

268 1694 352 1728 leves
365 1693 565 1736 poenitentiae
576 1691 784 1736 injungendae
796 1716 803 1723 .
1030 1690 1110 1724 ibid.

213 1743 434 1789 Indulgentiae
442 1744 536 1777 causa
549 1742 698 1787 legitima
709 1753 750 1776 ex
761 1742 926 1784 Apostolo
938 1740 978 1773 ad
992 1741 1110 1773 Corin·

265 1793 374 1835 thios;
402 1791 481 1825 ibid.
521 1792 741 1834 indulgentiae
749 1792 842 1824 causa
856 1801 923 1824 non
937 1788 1036 1822 debet
1050 1787 1110 1820 effe

265 1842 477 1882 communis,
508 1840 562 1874 sed
586 1840 691 1882 potest
715 1840 779 1872 effe
801 1838 924 1881 privata
948 1862 955 1869 .
988 1845 1063 1882 302.
1091 1847 1110 1868 r.

265 1894 373 1928 Causa
400 1890 552 1935 legitima
572 1888 618 1923 est
642 1887 798 1922 articulus
811 1886 945 1921 mortis.
974 1886 1053 1920 ibid.
1080 1886 1111 1919 ἀ

265 1946 331 1987 seq.
354 1940 505 1975 Plenaria
526 1939 693 1973 morituris
717 1937 804 1982 peste
830 1937 978 1972 concessa
994 1962 1001 1968 .
1031 1935 1109 1970 ibid.

266 1995 352 2029 Item
376 1990 533 2026 omnibus
555 1989 596 2023 ad
619 1991 783 2023 sacrorum
797 1988 945 2022 militum
957 1987 1110 2020 sustenta·

265 2045 394 2079 tionem
405 2038 677 2083 cooperantibus.
985 2046 1061 2083 304,
1093 2047 1107 2071 1

217 2092 438 2137 Indulgentiae
458 2090 539 2124 datae
560 2087 730 2122 morituris
756 2087 867 2130 paffim
894 2087 1060 2119 frustuosae
1079 2085 1112 2118 ὃς

268 2144 430 2178 efficaces.
990 2135 1066 2182 306.
1094 2146 1107 2170 1

219 2191 441 2238 Indulgentiae
452 2187 644 2231 quaestuariae
655 2184 775 2220 merito
791 2185 972 2229 proscriptae
983 2210 993 2225 ‚
1007 2195 1111 2228 neque

271 2244 324 2278 his
336 2239 496 2284 corruptis
508 2237 629 2273 saeculis
638 2235 836 2271 resumendae
850 2260 856 2267 .
1002 2245 1077 2281 304.
1091 2245 1112 2269 2

220 2292 443 2338 Indulgentiae
464 2290 561 2324 causa
581 2287 775 2323 exstinstum
798 2285 936 2321 schisma
957 2285 1015 2320 sub
1037 2285 1113 2318 Ale-

271 2344 398 2379 xandro
409 2340 507 2376 tertio
519 2365 527 2373 .
1032 2334 1109 2369 ibid.

222 2393 509 2439 Indulgentiarutn
521 2390 640 2425 abusus
653 2387 820 2423 reformati
840 2387 858 2421 a
870 2385 1114 2422 Constantienfi

274 2442 415 2489 Synodo
429 2441 568 2475 feliciter
592 2441 791 2481 exsequente
808 2438 961 2471 Martino
975 2437 1095 2480 quinto
1109 2460 1114 2466 .

274 2495 354 2545 306.
367 2506 401 2531 2.
419 2491 628 2535 indulgentia
640 2491 734 2533 plena
747 2513 758 2529 ‚
770 2488 912 2532 plenior,
925 2486 1115 2531 pleuiffima.

276 2556 358 2592 305.
369 2556 396 2580 1.
421 2540 636 2586 indulgentia
658 2539 750 2573 mille
775 2549 926 2579 centum,
954 2546 1010 2571 aut
1023 2537 1116 2579 quin-

278 2595 438 2638 quaginta
449 2602 612 2627 annorum
624 2614 634 2630 ,
646 2589 691 2624 est
705 2588 845 2622 remiffio
857 2587 991 2633 agendae
1003 2598 1058 2630 per
1068 2595 1118 2621 tot

278 2656 385 2679 annos
396 2669 405 2685 ,
417 2644 517 2676 etiam
529 2643 564 2675 in
578 2640 776 2685 Purgatorio
789 2663 799 2678 ‚
813 2638 1118 2683 poenitentiae.307.1

230 2694 446 2740 indulgentiae
458 2704 574 2726 omnes
586 2692 663 2723 anni
679 2689 803 2733 Jubilaei
816 2699 905 2722 extra
928 2688 1049 2722 almam
1061 2687 1120 2720 Ur—

283 2747 358 2781 bem
378 2744 531 2787 suspensae
548 2743 566 2774 a
577 2741 684 2774 Xixto
698 2739 763 2772 lV.
778 2739 855 2773 ibid.
869 2749 898 2773 2.
913 2739 997 2785 Qae
1010 2748 1119 2771 tamen

286 2795 446 2838 suspensio
459 2804 526 2828 non
540 2791 638 2826 habet
653 2791 764 2825 locum
779 2791 812 2823 in
830 2788 1051 2833 indulgentiis
1064 2797 1122 2830 pro

284 2844 464 2880 defunctis.
1044 2836 1120 2871 ibid.

234 2894 520 2939 indulgentiarum
537 2903 589 2936 per
600 2891 736 2926 modum
748 2889 870 2934 Jubilaei
894 2886 1039 2923 datarum
1065 2888 1123 2931 pri·
1168 2892 1170 2894 ’

287 2956 360 2979 mus
374 2942 492 2978 author
512 2954 579 2976 non
603 2942 647 2976 est
662 2941 851 2975 Bonifacius
877 2938 936 2972 IX.
1043 2938 1120 2972 ibid.

236 2994 453 3040 Indulgentiae
481 2992 629 3036 plenariae
666 2991 830 3034 Capitulis
865 2989 1125 3023 provincialibus

288 3047 437 3079 Fratrum
452 3041 719 3076 Mendicantium
731 3040 879 3074 collarae.
1010 3049 1087 3086 307.
1104 3051 1124 3075 2

239 3094 522 3140 Indulgentiarum
546 3092 696 3129 effertus,
724 3102 790 3123 non
804 3088 931 3123 tantum
957 3090 991 3122 in
1013 3090 1125 3122 huma-

291 3158 335 3179 no
350 3143 474 3187 judicio
487 3168 496 3183 ,
524 3141 576 3176 sed
588 3141 730 3175 etiamin
747 3140 894 3173 Divino.
927 3137 1002 3187 308.
1024 3149 1050 3173 1.
1063 3140 1124 3172 Re-

291 3196 468 3229 mittuntur
491 3193 590 3226 etiarn
613 3191 728 3225 debitae
748 3190 782 3224 in
807 3191 916 3223 futuro
937 3190 1051 3223 saeculo
1063 3201 1127 3231 Ροε-

292 3257 358 3279 nae.
386 3242 609 3287 ibid.Duplex
620 3241 772 3281 effectus,
798 3240 1126 3273 immediatus&me-

297 3296 403 3328 diatus
417 3308 427 3327 .·
455 3292 669 3328 immediatus
689 3290 932 3328 estcanonicae,
958 3291 1127 3323 velSacra-

295 3343 446 3385 mentalis
459 3344 657 3386 poenitentiae
668 3341 826 3375 remissio.
857 3338 1023 3379 Mediatus
1046 3340 1124 3372 futu>

297 3396 322 3428 ri
349 3392 451 3426 saeculi
474 3403 641 3434 poenarum
667 3392 824 3425 remissio.
856 3387 932 3435 308.
944 3400 975 3424 2..
1003 3390 1143 3441 Rediit-2

1218 146 1396 192 EX.

1232 228 1438 272 poenitentiae
1449 255 1458 271 ‚
1472 241 1528 274 per
1541 243 1638 277 quam
1651 233 1804 270 deberent
1818 239 1960 280 remitti,
1973 249 2073 286 atque

1233 281 1381 325 expungi
1396 306 1403 312 .
1845 283 1847 285 ¹
1926 306 1928 309 ·
1992 290 2068 327 ibid.

1184 327 1240 363 Ad
1252 330 1538 375 indulgentiarum
1551 334 1696 369 effestum
1708 334 1877 380 dispositio
1902 339 2005 383 prima
2025 343 2070 376 est

1233 380 1484 416 Sacramentalis
1500 384 1657 418 confeffio
1668 410 1678 426 ,
1704 387 1739 421 δε
1751 387 1916 423 absolutio
1928 414 1938 430 ,
1965 402 2002 425 ac
2016 402 2071 434 per

1232 431 1336 473 ipsam
1361 431 1507 467 obtenta.
1524 435 1662 469 remissio
1685 448 1693 467 :
1722 439 1871 472 Secunda
1890 465 1901 480 ‚
1928 440 1974 474 est
1997 453 2069 475 vera

1233 481 1341 515 cordis
1353 484 1511 518 contritio
1522 509 1533 525 ‚
1544 486 1578 519 δε
1594 485 1792 528 poenitentiae
1805 501 1902 533 opera
1915 515 1926 530 ,
1948 490 2069 535 quibus

1232 542 1381 575 peccator
1395 533 1539 569 redditur
1559 536 1769 572 satisfactioni
1791 541 1980 582 proximus,
2005 542 2067 576 dcc.

1232 591 1347 629 309.1.
1363 584 1444 618 Non
1456 587 1744 622 communicantur
1755 589 1908 634 ignavis,
1931 593 2044 626 otiosis
2056 617 2067 633 ,

1230 645 1268 665 ac
1290 634 1555 679 negligentibus.
1955 651 2067 689 309.2

1180 682 1397 727 Indulgentiae
1418 696 1476 728 pro
1495 685 1677 722 diversitate
1696 688 1925 733 dispositionis
1945 691 2067 726 habent

1231 734 1336 768 varios
1346 736 1478 769 effeetus
1490 761 1497 768 .
1527 747 1605 786 310.
1617 748 1652 772 2.
1663 739 1751 774 Dare
1759 741 1889 784 possunt
1899 742 2066 778 charitatis

1229 784 1508 827 complementum
1522 811 1529 819 .
1954 802 1997 838 31
2008 803 2033 827 1.
2045 801 2066 827 2

1180 834 1405 879 indulgentias
1425 836 1622 882 impugnant
1641 840 1852 875 Waldenses.
1879 839 1958 888 284-
1975 854 2003 879 1·
2027 844 2066 876 Ῑῐι

1229 885 1345 918 Svevia
1355 885 1583 922 Praedicatores
1592 913 1599 920 .
1612 889 1692 923 ibid.
1703 891 1929 936 Flageilantes.
1961 891 2031 937 284
2043 899 2066 926 2

1230 936 1372 978 Joannes
1383 937 1526 970 Wicleff.
1540 940 1617 983 285.
1632 951 1662 974 2.
1685 941 1828 983 Joannes
1847 942 1887 975 de
1901 943 2043 976 Wesalia
2056 969 2064 976 .

1231 982 1310 1021 286.
1326 996 1356 1021 1.
1368 986 1510 1030 ¹loannes
1521 988 1694 1022 Weffelius
1704 1015 1712 1022 .
1726 991 1804 1026 ibid.
1817 993 1985 1027 Martinus
1994 994 2058 1026 Lu-

1230 1033 1354 1068 therus.
1953 1041 2031 1091 287,
2047 1055 2061 1079 1

1180 1084 1466 1130 indulgentiarum
1477 1085 1615 1121 donatio
1627 1088 1741 1123 usitata
1754 1089 1795 1123 ab
1808 1089 1996 1133 Apostolis‚
2011 1104 2064 1126 eo-

1231 1147 1370 1181 rumque
1400 1137 1656 1172 Succefforibus.
1684 1140 1762 1185 287.
1775 1151 1807 1175 2.
1827 1141 1934 1184 &seq.
1955 1142 2064 1176 Etiam

1231 1187 1301 1230 post
1314 1187 1528 1222 Constantini
1542 1188 1663 1233 Magni
1685 1197 1848 1233 tempora.
1874 1201 1953 1238 290.
1964 1203 1995 1227 2.
2015 1192 2065 1224 in·

1230 1237 1410 1281 dulgentiae
1421 1238 1683 1282 eleemosynariae
1693 1263 1700 1271 .
1825 1239 1905 1277 282.
1916 1252 1945 1277 2.
1956 1243 1989 1275 ὃ(
2002 1242 2063 1283 seq.

1179 1286 1367 1321 innocentii
1381 1287 1421 1320 Il.
1447 1288 1563 1323 eleffio
1576 1290 1716 1323 discors.
1745 1302 1803 1337 72.
1819 1302 1847 1327 1-
1869 1291 2014 1326 Siciliam
2029 1293 2062 1324 in

1231 1337 1388 1382 Regnum
1399 1339 1532 1373 evexit.
1564 1349 1640 1386 141.
1658 1342 1802 1375 1.Sansti
1817 1340 1965 1376 Medardi
1978 1340 2064 1386 apud

1230 1386 1414 1422 Sueffiones
1452 1389 1631 1424 Ecclesiam
1667 1391 1797 1427 dedicat
1816 1392 2064 1427 contradicente

1232 1437 1396 1483 Episcopo
1407 1439 1622 1474 Sueffionenfi
1637 1465 1645 1472 .
1948 1445 2028 1488 360.
2043 1454 2064 1479 2

1180 1488 1397 1523 Innocentius
1407 1488 1468 1522 1V.
1484 1490 1691 1525 Fredericum
1705 1491 1744 1525 11.
1755 1492 1925 1537 degradat.
1939 1490 2019 1539 284.
2038 1503 2062 1526 r.

1231 1539 1429 1574 Defensores
1450 1539 1612 1575 Frederici
1632 1541 1863 1577 Innocentium
1876 1543 1936 1578 IV.
1959 1543 2000 1577 de
2013 1553 2065 1575 va-

1232 1589 1287 1624 riis
1298 1592 1450 1624 accusant
1464 1614 1473 1623 .
1951 1591 2022 1642 284
2041 1601 2065 1626 2

1179 1640 1338 1674 investire
1349 1640 1541 1676 Romanum
1563 1641 1760 1676 Pontificem
1783 1644 1904 1686 primus
1925 1652 2065 1678 attentat

1233 1689 1423 1725 Fredericus
1435 1691 1634 1734 Imperator.
1949 1701 2027 1739 233.
2046 1699 2060 1724 1

1178 1739 1369 1773 investitura
1380 1738 1458 1782 J'uris
1470 1740 1514 1773 est
1528 1738 1651 1775 haeresis
1663 1766 1670 1774 .
1975 1751 2028 1785 70.
2046 1750 2062 1774 1

1181 1787 1372 1829 investitura
1386 1788 1527 1822 Laicalis
1537 1790 1692 1823 damnata
1704 1815 1712 1823 .
1743 1799 1795 1826 10.
1810 1802 1838 1827 2.
1850 1800 1908 1837 44.
1923 1803 1946 1823 1.
1959 1791 2014 1826 66.
2035 1801 2062 1826 t.

1228 1836 1285 1883 67.
1303 1844 1329 1881 r.
1342 1847 1417 1884 2¹3·
1436 1838 1684 1885 1.Qibusdam
1698 1841 1820 1877 dicitur
1833 1841 1962 1875 haerefis
1976 1841 2062 1885 67.2

1228 1886 1364 1920 Rectius
1376 1897 1486 1922 tamen
1500 1898 1653 1933 negatur.
1680 1887 1734 1927 68.
1754 1902 1783 1926 1-
1797 1890 1850 1936 69.
1863 1903 1895 1927 2.
1922 1892 2003 1925 Non
2017 1893 2064 1924 so-

1229 1935 1252 1967 li
1278 1936 1384 1980 Reges
1406 1960 1416 1975 ,
1445 1938 1497 1970 sed
1525 1940 1558 1970 δε
1587 1940 1753 1972 inferiores
1782 1941 1947 1981 utriusque
1969 1943 2062 1974 sexus

1228 1985 1397 2028 Principes
1417 1985 1633 2021 investiebant
1668 1988 1853 2022 faventibus
1892 1990 2063 2024 nonnullis

1230 2033 1419 2077 Episcopis.
1975 2038 2031 2074 66-
2046 2049 2059 2075 t

1179 2084 1377 2117 investiturae
1398 2084 1645 2127 apudaeGraecos
1669 2086 1789 2130 primus
1816 2085 1949 2121 Author
1972 2088 2065 2123 Con-

1228 2135 1389 2168 stantinus
1402 2134 1611 2170 Caballinus.
1639 2140 1693 2184 69.
1707 2150 1725 2171 ι.
1740 2138 1837 2180 Apud
1849 2139 1978 2172 Graecos
1993 2144 2062 2172 non·

1229 2184 1358 2219 tantum
1375 2184 1544 2226 Abbatiae,
1574 2185 1628 2220 sed
1648 2188 1860 2222 &prioratus
1883 2189 2061 2222 investian-

1229 2246 1282 2269 tur
1301 2260 1309 2269 .
1336 2235 1414 2268 ibid.
1440 2236 1639 2270 investiendi
1660 2238 1778 2272 modus
1802 2239 1887 2281 apud
1907 2239 2060 2277 Graecos¹

1229 2284 1308 2318 ibid.
1325 2285 1634 2321 Consecrationeest
1648 2289 1807 2323 anterior.
1836 2288 1890 2334 69.
1904 2301 1934 2326 2·
1949 2289 2059 2322 Etiam

1228 2335 1246 2367 a
1261 2335 1456 2370 Mahomete
1467 2338 1618 2379 usurpata
1629 2361 1636 2368 .
1664 2338 1742 2372 ibid.
1757 2339 1980 2372 investituram
1995 2350 2060 2372 ma·

1230 2386 1360 2420 riualem
1374 2387 1523 2421 meliores
1534 2388 1638 2422 Graeci
1649 2387 1726 2422 iicet
1738 2400 1805 2423 non
1816 2387 2040 2422 damnaverint
2050 2412 2061 2427 ‚

1230 2446 1339 2470 tamen
1352 2436 1493 2470 omnino
1504 2437 1731 2481 improbarunt
1743 2463 1750 2470 .
1829 2448 1885 2485 70.
1902 2450 1927 2473 1.
1952 2438 1987 2473 ὅς
2000 2439 2061 2482 Γεςὲ

1180 2486 1321 2529 Joannes
1333 2484 1460 2520 XVlll.
1473 2487 1717 2522 dedicationem
1730 2489 1926 2521 Menasterii
1948 2483 2063 2522 autho-¹

1230 2537 1325 2570 ritate
1348 2536 1542 2578 Apostolica
1564 2537 1604 2571 ad
1630 2538 1978 2577 instantiamCornitis
1990 2537 2063 2572 Ful-

1229 2585 1445 2621 conisinvito
1465 2585 1725 2632 Archiepiscopo
1736 2588 1925 2627 Turonensi
1946 2600 2063 2622 conce-

1229 2636 1296 2671 dit.
1824 2668 1832 2674 .
1951 2638 1995 2684 36
2022 2649 2059 2673 -1

1182 2687 1319 2730 Ioannis
1341 2687 1474 2721 Calvini
1500 2687 1662 2723 horrenda
1684 2687 1726 2723 de
1750 2687 1954 2723 Eucharissia
1976 2652 2060 2723 exilu·

1232 2738 1323 2771 mnia
1338 2762 1346 2770 .
1375 2738 1494 2774 166.2.
1518 2739 1596 2782 Ejus
1614 2739 1654 2773 de
1672 2738 1876 2773 Eucharistia
1895 2740 2061 2772 calumnia

1231 2787 1422 2831 exponitur.
1451 2786 1552 2827 208.1
1573 2788 1790 2824 Eucharistiae
1801 2789 1996 2833 dignitatem
2010 2800 2062 2822 ex-

1233 2839 1341 2872 tollit.
1373 2836 1450 2871 ibid.
1467 2841 1602 2873 Realem
1618 2840 1820 2883 praesentiam
1838 2839 1954 2873 diserte
1967 2839 2061 2881 profi-

1233 2899 1335 2922 tetur.
1365 2886 1488 2924 208.2.
1503 2889 1611 2924 Docet
1628 2888 1828 2925 Eucharistia
1850 2891 1992 2924 animam
2011 2899 2062 2930 pa·

1233 2939 1301 2980 sci,
1327 2938 1550 2973 &vivificari.
1577 2949 1656 2986 209.
1671 2952 1701 2976 2.
1722 2941 1854 2978 Docet,
1880 2939 1967 2981 quod
1991 2938 2063 2971 Do-

1231 2989 1353 3022 minica
1373 3000 1449 3023 caro
1469 2989 1504 3022 in
1525 2991 1613 3025 coelo
1636 2990 1735 3033 posita
1760 2991 1866 3032 pascat
1879 2991 2002 3021 animas
2012 2989 2063 3021 de-

1236 3039 1392 3084 gentesin
1405 3050 1501 3073 terra.
1528 3038 1606 3083 219⁴).
1623 3051 1653 3075 1.
1672 3040 1750 3081 Ejus
1771 3039 1943 3072 calumniae
1954 3038 2063 3072 adver-

1236 3090 1287 3123 sus
1310 3086 1431 3122 Christi
1453 3090 1486 3122 in
1512 3089 1716 3122 Eucharistia
1735 3089 1954 3132 praesentiam.
1983 3088 2060 3122 ibid.

1235 3139 1317 3174 Odit
1329 3150 1444 3173 vocem
1457 3137 1766 3181 transsubstantiatio.
1795 3151 1835 3175 21
1847 3150 1871 3174 1.
1885 3152 1914 3176 2.
1939 3139 2065 3181 Turpi·

1236 3199 1284 3223 ter
1305 3189 1425 3223 labitur
1447 3190 1532 3223 circa
1555 3200 1702 3232 tempus,
1729 3200 1795 3232 quo
1809 3201 1873 3222 vox
1896 3190 1951 3222 illa
1965 3190 2064 3222 intro-

1237 3240 1330 3273 dusta
1344 3239 1389 3272 est
1407 3264 1413 3271 .
1442 3239 1520 3273 ibid.
1535 3238 1685 3281 Ejusdem
1697 3251 1786 3273 error
1803 3238 1844 3273 de
1855 3240 1978 3273 meritis
1992 3264 2002 3279 ‚
2030 3239 2065 3272 dc

1238 3289 1510 3323 satisfactionibus
1534 3291 1742 3323 Sannorum.
1955 3299 2061 3336 297-2.

1189 3340 1322 3383 Joannis
1335 3339 1466 3374 Calvini
1479 3339 1520 3373 de
1539 3338 1884 3385 transubstantiatione
1896 3339 2065 3373 calumniae

1237 3392 1428 3424 confutatae.
1813 3388 1889 3435 184.
1903 3399 1934 3422 2.
1956 3389 1988 3420 ἃ.
2002 3389 2065 3429 seq.

297 3453 372 3479 tunt
407 3451 514 3486 poenas
542 3442 727 3485 Purgatorii
755 3440 920 3476 mediante
946 3439 1139 3474 remissione'
1191 3441 1324 3484 Ioannis
1338 3439 1377 3473 de
1390 3438 1539 3474 Polliaco
1550 3440 1704 3475 adversus
1715 3439 1921 3483 Apostolicas
1941 3436 2066 3482 delega-

1136 3501 1143 3522 ί

1889 3488 1995 3522 tiones
2007 3512 2018 3529 ,
