2384 3756
103 1054 178 1095 Cap.
202 1064 229 1092 5.

95 2735 180 2765 Ham.
202 2744 231 2769 a.

659 158 898 191 PRIMUM
932 142 1261 187 Romanum
1296 140 1688 183 concumu-

270 238 337 271 'nus
349 261 359 276 ‚
384 232 428 267 &²
441 231 474 265 in
486 229 607 265 Dionis
618 226 716 262 Casfii
730 226 885 269 Epitome
895 225 1036 268 Joannes
1045 219 1163 264 Xiphi-

279 288 365 320 linus
378 310 385 318 .
412 283 589 326 Nongenta
605 278 806 322 septuaginta
829 276 1070 310 Germanorum
1091 270 1161 304 mil-

279 337 323 369 lia
338 337 527 369 Romanurn
545 354 555 370 ‚
583 330 639 372 qui
652 338 706 372 per
726 326 874 369 quiaque
894 323 963 357 dies
984 333 1053 356 non
1075 320 1163 356 bibe-

272 396 347 426 rat,
372 382 552 418 exercitum
563 374 831 413 circum-sidebant
845 397 855 413 ,
880 374 915 407 δε
929 371 983 406 hic
994 383 1072 406 cum
1093 370 1164 405 Au-

280 437 376 482 gusto
386 433 538 476 Principe
546 428 699 465 fremebat
711 436 752 458 ex
764 433 859 458 more·
879 423 915 456 in
936 420 1141 456 Christianos
1153 445 1162 460 ,

276 493 446 529 tamquam
465 484 499 516 in
521 479 648 515 Atheos
670 499 682 517 ‚
706 476 740 508 δε
763 474 892 508 causam
910 481 1012 507 tantas
1031 471 1163 506 calami-

277 537 372 570 tatis.
398 534 490 567 Hinc
512 530 561 565 illi
582 552 594 569 ‚
620 525 750 561 Divinae
772 524 897 567 injuriae
921 523 995 557 zelo
1018 521 1164 558 accensi,

279 589 312 620 se
326 587 528 630 segregarunt
536 578 578 612 ab
594 575 758 611 exercitus
771 583 905 617 corpore
914 597 925 613 ‚
952 573 987 607 ὅ(
999 573 1080 607 fasta
1093 572 1164 605 uni-

279 647 319 670 ¹ae
339 629 592 680 geniculationis
614 638 653 662 ac
679 624 843 660 orationis
868 633 968 657 manu
991 645 1002 662 ‚
1040 622 1165 656 Roma·

276 687 332 721 siis
361 682 502 728 pluviam
528 690 567 713 ae
592 686 709 722 potum
733 699 744 716 ,
777 675 814 708 in
839 671 1003 708 Barbaros
1028 672 1162 716 igneam

277 746 352 770 cum
371 729 565 767 fulminibus
583 725 783 773 grandinem
797 724 816 757 a
837 723 961 757 Divina
974 721 1161 756 Clementia

276 784 494 818 extorserunt.
523 778 617 812 Hinc
637 774 840 821 palinodiam
860 772 1003 807 cantavit
1024 771 1165 815 Impera-

271 844 330 868 tor
353 831 508 866 'Aurelius
529 827 726 862 Antoninus
750 849 762 866 ‚
786 825 820 858 δε
843 823 991 857 solennes
1017 819 1058 855 de
1082 821 1164 855 invi-

273 883 358 918 fibili
381 880 641 917 Christianorum
665 877 741 910 Deo
763 872 804 909 ad
815 873 970 908 Senatum
980 870 1163 915 -scripsstlit-

269 938 382 973 ⁴teras,
410 941 522 967 vetans
548 930 634 973 ipsos
652 926 805 968 deinceps
828 923 994 961 accusari,
1018 932 1073 956 aut
1096 921 1162 955 ulla

272 983 497 1028 persecutione
515 979 625 1014 vexari
642 1002 650 1010 .
676 976 817 1010 Exstant
831 974 943 1008 litterae
953 972 1039 1016 apud
1053 971 1163 1006 lauda-

273 1043 345 1068 tum
367 1032 545 1067 Eusebium
568 1052 578 1068 ,
603 1028 748 1072 ipsasque
769 1026 803 1058 in
825 1024 910 1061 libro
935 1022 1162 1066 Apologetico

274 1084 386 1119 laudat
407 1079 635 1116 Tertullianus
660 1102 666 1109 .
695 1074 882 1110 Aci-firmant
901 1073 964 1107 illae
985 1071 1018 1106 id
1040 1073 1160 1106 factum

273 1135 376 1178 prope
397 1127 751 1172 Carnutumalegione
760 1125 912 1170 gemina,
940 1133 1039 1168 quarn
1062 1122 1162 1156 Euse-

274 1185 350 1220 bius
363 1194 460 1219 vocat
485 1179 696 1215 Melitinam:
723 1176 806 1209 Eam
829 1173 1014 1218 quippeex
1037 1171 1162 1206 duabus

273 1235 388 1269 mixtis
410 1233 504 1268 fuiffe
523 1229 702 1266 conflatam
723 1224 840 1259 adserit
860 1224 1010 1268 praefatus
1020 1220 1162 1266 Xiphili-

272 1289 362 1320 nus(
382 1279 565 1319 Postmodo
573 1279 613 1313 ad
627 1286 813 1322 perpetuam
826 1275 874 1308 rei
885 1273 1077 1308 memoriam
1100 1272 1161 1305 fuit

273 1334 357 1370 dista
373 1334 479 1379 Legio
491 1328 730 1367 ffilminatrix.
758 1324 884 1356 Verum
910 1334 951 1356 ex
976 1322 1048 1364 ipsis
1070 1321 1162 1354 fuisse

272 1387 349 1419 suos
371 1380 583 1427 quadraginta
605 1377 764 1416 Martyres
786 1371 1061 1405 labitur-Sanetus
1085 1370 1161 1403 Gre-

272 1435 387 1481 gorius
407 1431 600 1472 Nym-nus.-
622 1425 674 1456 Hi
695 1424 771 1454 sunt
790 1418 894 1463 longe
912 1418 1058 1461 juniores
1078 1443 1089 1459 ‚
1116 1428 1162 1452 ut·

267 1482 350 1527 pote
378 1479 455 1524 paffi
480 1475 539 1510 sub
560 1472 698 1516 imperio
722 1468 860 1503 Licinii·
891 1469 1161 1512 lremlegendum

270 1544 342 1566 non
355 1531 401 1565 est
420 1553 432 1569 ,
459 1530 630 1559 Carnutum
645 1546 657 1562 ,
670 1520 722 1555 sed
733 1523 953 1553 Carnuntium:
980 1518 1061 1552 Hoc-
1070 1518 1159 1552 enim

269 1582 317 1617 est
338 1580 453 1615 civitas
474 1576 583 1621 prima:
593 1569 790 1607 Pannoniae.
819 1569 1019 1602 Communis
1037 1568 1078 1602 ab
1090 1570 1160 1603 uni-

268 1635 302 1667 r'a
325 1628 464 1665 Ecclesia
483 1622 644 1660 orationis
665 1620 818 1655 virtutem
848 1618 960 1653 laudat
969 1618 1071 1653 etiam
1083 1620 1160 1654 San-

269 1685 339 1716 c‘tus
360 1681 517 1724 lrepaeus,
538 1671 729 1708 'adseverans
745 1668 1003 1703 suscitandorum
1015 1680 1159 1706 mortuo.

269 1740 364 1773 rum,
391 1730 425 1764 ἃ
445 1728 589 1763 aliorum·
608 1721 839 1757 miraculorum
861 1719 1000 1764 gratiam
1023 1721 1083 1756 suo
1105 1722 1160 1757 ad·

267 1781 335 1817 huc
357 1785 500 1824 tempore
522 1773 656 1822 viguiffe
677 1772 715 1807 in
735 1769 887 1805 Ecclefiis
909 1795 920 1812 ,
945 1770 1068 1815 ipsaque
1090 1772 1159 1815 fieri

263 1831 417 1877 saepiffime‘
433 1837 556 1873 propter
578 1826 701 1869 aliquod
719 1822 901 1867 necessarium
926 1846 937 1863 ‚
956 1822 1158 1866 fraternitate

267 1881 405 1926 universa
420 1890 477 1923 per
495 1874 640 1923 Jejunium
663 1877 699 1911 (ν’
718 1873 1157 1919 sicp'plicatio'mmmultampo-

263 1933 393 1975 flulante
403 1956 411 1964 .
427 1929 660 1966 Ninivitanum
671 1925 827 1970 jejunium
839 1925 871 1959 ἀ
883 1925 1069 1961 orationem
1091 1925 1158 1960 lau·

269 1982 323 2017 d-it
348 1984 426 2017 item
447 1982 481 2016 in
502 1978 640 2015 secunda
661 1979 752 2020 super
775 1974 950 2010 secundam
978 1976 1019 2011 ad
1034 1975 1157 2011 Corin·

266 2032 357 2067 tii-ios
376 2031 559 2077 Epistulam
580 2027 719 2064 homilia
741 2028 882 2061 Sanetus:
900 2027 1043 2069 Ioannes
1052 2026 1156 2070 Chry-

267 2085 452 2128 Tou-ornus,
478 2082 512 2127 ὃς
533 2079 702 2124 adiungit:
731 2075 866 2119 Persaepe*
878 2100 881 2103 -
894 2080 976 2110 Deus
995 2075 1086 2117 quafi
1100 2085 1157 2118 pu-

268 2134 342 2166 'dore
359 2138 514 2169 movetur,
541 2131 613 2161 dum
631 2127 854 2160 multitudinem
878 2131 1084 2167 inprecatione
1094 2136 1156 2158 con-

272 2184 393 2216 cordem
411 2181 446 2213 ὁ·
469 2176 682 2219 conspirantem
705 2180 800 2207 cernit
823 2198 831 2205 .
868 2174 912 2207 Et
934 2176 1023 2208 vario
1045 2176 1078 2209 id
1104 2175 1155 2209 de-

267 2230 429 2265 &monstrat
444 2225 620 2268 'exemplo.
657 2222 804 2257 Plurima
825 2222 900 2255 sunt
919 2224 998 2256 talia
1020 2223 1154 2259 Parrum

271 2279 459 2314 testimonia
477 2302 484 2310 .
530 2273 659 2317 Nempe
677 2270 827 2317 precandi
856 2270 1014 2306 charisma
1037 2274 1153 2308 Domi.

268 2340 333 2364 nus
347 2331 438 2364 Deus
457 2326 514 2361 uni
535 2325 585 2360 vel
611 2323 723 2368 paucis
746 2322 802 2356 dat
821 2331 950 2365 propter
970 2323 1069 2357 unitae
1095 2325 1154 2358 Ec-

270 2381 372 2414 ·ciesiae
393 2377 566 2418 meritum,
592 2375 691 2419 atque
722 2371 786 2407 haec
807 2371 827 2406 a
852 2373 917 2407 sese
939 2372 1057 2408 mutuo
1082 2375 1152 2409 vult

270 2430 414 2474 adjurari
427 2452 437 2462 r
875 2429 877 2431 '

271 2487 289 2495 '¹
322 2483 376 2515 De
398 2477 635 2514 Anti-Christi
656 2476 795 2512 adventu
818 2476 851 2510 &
880 2475 995 2510 mundi
1021 2475 1152 2510 excidio

269 2530 384 2564 scribit
405 2531 438 2563 in
463 2526 599 2563 secunda
619 2527 660 2563 ad
680 2525 987 2561 Thessalonicenses
1006 2526 1151 2569 Epistola

267 2578 563 2614 SanctusPaulus:
590 2579 635 2609 Et
654 2577 731 2610 nunc
748 2578 823 2619 quid
845 2577 975 2609 detinear
996 2599 1006 2615 ‚
1042 2574 1128 2619 [citis
1141 2601 1150 2617 ,

269 2641 306 2665 ut
329 2631 478 2664 reveletur
495 2633 532 2661 in
546 2625 598 2670 suo
623 2634 752 2668 tempore
772 2651 780 2659 .
805 2626 1057 2665 Commentamir
1077 2627 1151 2660 San·

267 2683 338 2715 Rus
367 2679 508 2723 Ioannes
534 2675 788 2719 Chrysostomus
814 2688 823 2708 z
870 2677 990 2709 Metita}
1007 2676 1153 2718 quaefierit

267 2730 444 2774 quisquam,
466 2727 587 2772 quidest
598 2727 677 2760 illud
687 2726 766 2769 quod
774 2727 888 2759 detinet
900 2749 911 2765 ‚
923 2725 1032 2766 ‘hocest
1042 2748 1052 2765 ‚
1077 2728 1155 2769 quod

265 2781 402 2823 prohibet
421 2790 457 2812 ne
479 2777 652 2812 reveletur?
678 2777 736 2809 Alii
756 2777 875 2818 quidem
897 2777 1000 2808 dicunt
1018 2780 1152 2820 gratiam

268 2831 373 2864 Sanc‘li
398 2831 527 2871 Spiritus
542 2851 553 2867 ,
579 2829 632 2860 alii
662 2836 762 2859 autem
784 2830 948 2858 Romanum
972 2830 1150 2868 Imperium.

269 2881 465 2924 ,Quibus'egd
485 2878 618 2911 maxim?
638 2874 805 2918 adfhntior.
832 2877 935 2918 ,Quare
959 2876 971 2908 2
999 2878 1151 2919 ,Quoniam

261 2931 293 2973 fi
311 2930 439 2973 voluisset
459 2931 554 2962 dicere
575 2930 719 2969 spiritum
744 2951 754 2965 ,
793 2937 850 2958 non
873 2925 990 2968 dixisset
1015 2925 1149 2970 obscure,

265 2981 324 3024 sed
342 2981 464 3023 aperte,
489 2978 578 3021 quod·
590 2987 666 3010 nunc
686 2987 799 3018 quoque
823 2986 888 3008 eum
913 2977 1044 3010 detineat
1050 2983 1152 3021 gratia

267 3031 370 3064 saneti
388 3032 538 3071 spiritus,
563 3026 615 3060 boc
636 3025 674 3066 est
696 3050 707 3066 ,
742 3024 923 3067 charismata
947 3047 965 3064 ,.
992 3025 1043 3070 seu
1069 3029 1150 3060 dona

263 3085 420 3125 gratuita.
448 3081 582 3121 Alioquin
601 3084 743 3119 oporteret
756 3078 827 3115 jam
850 3086 914 3108 eum
937 3076 1107 3121 advenisse,
1127 3076 1157 3118 fi

269 3132 386 3174 quidem
409 3130 475 3172 effer
493 3130 646 3162 adventus
670 3151 681 3166 ,
716 3127 781 3159 cum
802 3125 970 3168 defectffeml
989 3126 1150 3170 charisma-

267 3191 301 3213 ta
316 3206 326 3221 ‚
344 3178 394 3222 seu
415 3181 494 3212 dona
511 3181 671 3222 gratuita.
701 3180 787 3208 Nam
801 3178 871 3216 jam
895 3177 961 3207 olim
988 3176 1146 3218 desierunt,

268 3231 400 3265 Etenim
427 3230 461 3262 ὅ(
483 3229 514 3260 in
540 3227 639 3269 priori
661 3227 700 3260 ad
717 3223 911 3259 Corinthios
925 3225 1065 3268 Epistola
1080 3228 1135 3260 scri

268 3281 314 3315 bir
336 3281 401 3324 ipse
413 3277 591 3322 Apostolus
602 3275 812 3320 Prophetiam
826 3300 836 3315 ,
866 3275 1032 3310 scientiam
1048 3302 1057 3317 ,
1087 3279 1145 3311 lin-

263 3342 344 3375 guas
364 3356 373 3370 ‚
402 3330 544 3371 aliaique
566 3327 665 3371 gratis
684 3326 775 3360 datas
799 3325 917 3369 gratias
956 3327 1145 3362 auferendas

263 3379 408 3415 Ecclesia:
421 3404 430 3418 ,
447 3378 477 3412 ὃ(
492 3376 639 3420 adjungit
653 3388 660 3407 ε
687 3379 779 3408 Nunc
790 3386 887 3409 autem
906 3386 1028 3409 manent
1037 3377 1110 3419 fides
1129 3403 1139 3418 ‚

256 3429 346 3477 spes,
373 3429 502 3462 charitas
521 3453 529 3467 ,
552 3433 616 3461 ,tria
626 3425 711 3467 haec3
745 3428 841 3468 major
864 3436 960 3461 autem
979 3426 1081 3462 horum
1104 3428 1141 3470 est

361 3478 466 3519 chrisi.
479 3482 557 3522 Lupi
568 3482 667 3520 Opera
677 3480 765 3511 T.V1.

1978 149 2037 196 17

1224 217 1377 252 charitas,
1404 218 1449 251 Et
1473 216 1613 250 iterum:
1639 214 1786 248 charitas
1801 226 1963 259 numquam
1973 217 2104 250 excidit.

1227 268 1389 303 Adfirmat
1409 265 1601 301 charismata
1626 276 1716 299 certo
1741 265 1911 301 dumtaxat
1934 276 2107 310 tempore,

1225 318 1325 353 fidem
1344 318 1379 352 ὃ(
1400 319 1487 361 spem
1510 318 1610 360 usque
1632 313 1674 350 ad
1697 314 1802 348 saeculi
1827 316 1948 356 finem,
1972 314 2108 352 charita-

1225 379 1292 403 tem
1316 367 1348 402 in
1373 377 1540 411 perpetuas
1553 364 1744 399 aeternitatcs
1755 364 1840 407 apud
1849 365 2032 405 Ecclesiam
2042 375 2108 409 per-

1223 418 1337 453 durare
1350 443 1357 450 .
1385 416 1588 452 Charismata
1605 413 1725 459 quippe
1747 424 1817 447 non
1839 413 1915 448 sunt
1928 415 1986 448 nisi
1998 415 2112 451 novel·

1225 470 1261 503 1ae
1286 468 1456 512 religionis
1482 467 1582 500 fulcra
1603 477 1642 499 ac
1658 465 1859 508 tigamenta,
1885 463 1965 497 fides
1985 465 2019 498 δε
2042 466 2109 508 spes

1225 521 1300 554 funt
1320 518 1362 553 ad
1386 513 1486 551 vit-am
1509 527 1660 551 aeternam
1671 512 1985 555 neceliariaejustitiae
1994 514 2110 551 funda-

1225 578 1355 608 menta,
1385 566 1525 601 charitas
1544 575 1654 600 autern
1672 564 1717 599 cst
1742 563 1984 607 ipsa-&justitia
1997 564 2031 597 δε
2044 564 2110 600 vita

1223 630 1359 653 aterna.
1387 618 1594 662 Linguarum
1615 616 1742 649 donum
1765 613 1910 657 promisit
1930 612 2111 651 Ecclesiam

1224 670 1377 704 omnium
1403 668 1555 712 gentium
1589 664 1710 710 linguis
1736 665 1799 701 effe
1824 663 2008 699 locuturam
2031 676 2040 696 ι
2078 665 2111 702 &

1225 718 1402 762 adimpleto
1422 717 1578 761 promisso
1600 715 1792 759 promittens
1818 714 1948 758 iignum
1973 713 2038 748 fuit
2063 715 2124 749 su-'

1227 769 1405 813 perfluum.
1431 768 1476 802 Et
1496 766 1575 801 hinc
1594 777 1664 800 non
1685 763 1792 798 solum
1811 764 1946 798 Sanetus
1957 762 2115 808 Augusti-

1227 831 1312 860 nus,
1339 829 1396 854 aut
1421 819 1555 852 Sanetus
1583 817 1725 859 Ioannes
1750 812 2030 856 Chrysostomus,
2056 813 2113 849 sed

1226 869 1325 904 etiam
1347 868 1576 903 Tertullianus
1597 878 1636 902 ac
1657 865 1790 901 sanstus
1806 862 2113 905 Irenaeustestantur

1225 918 1417 953 charismata
1441 919 1506 952 suis
1529 915 1731 960 temporibus
1753 938 1766 956 ,
1800 913 1905 955 immo
1931 914 1966 956 ὃς
1986 913 2114 949 dudum

1220 979 1318 1004 antea
1342 969 1484 1003 ceffaffe.
1512 968 1602 1002 Nam
1623 967 1658 1002 δι
1679 966 1791 1000 insana
1811 964 1972 1000 Montani
1995 963 2114 998 haerelis

1225 1017 1314 1053 hinc·
1327 1019 1513 1053 fomentum
1533 1017 1657 1059 accepit
1671 1040 1681 1055 ,
1712 1014 1806 1058 quod
1828 1014 1961 1049 illorum
1981 1012 2111 1049 resusci-

1225 1070 1385 1105 tationem
1406 1067 1622 1110 promitteret.
1635 1061 1775 1103 ⁴Verum
1788 1062 1934 1100 notanda
1945 1065 2019 1098 sunt
2032 1064 2110 1100 San·

1225 1120 1267 1153 sti
1285 1118 1515 1162 Chrysostomi
1540 1116 1653 1152 verba:
1679 1113 1806 1156 Ecclesia
1825 1115 1928 1147 multis
1942 1120 1974 1151 in
1984 1114 2051 1146 locis
2066 1121 2112 1151 te-

1225 1179 1273 1202 net
1290 1168 1354 1212 sola
1369 1167 1497 1212 ijmbola
1517 1169 1658 1211 antiqua*
1663 1164 1824 1207 felicitatis
1858 1189 1865 1195 .
1891 1165 2052 1207 Suppouit
2074 1162 2111 1203 δε

1225 1220 1374 1254 adfirmat
1396 1217 1589 1262 quibusdam
1613 1216 1648 1249 in
1673 1215 1753 1254 locis
1774 1214 1880 1249 adhuc
1895 1215 2003 1247 vivere
2029 1213 2111 1247 auti-

1223 1281 1321 1313 quam
1340 1269 1550 1304 felititatem.
1581 1267 1684 1312 Quod
1707 1266 1810 1307 ipsum
1822 1264 1863 1299 dc
1876 1266 1934 1299 suo
1963 1273 2113 1307 ternpore

1226 1319 1473 1354 clariusfscribit
1494 1318 1629 1352 Sansius
1649 1316 1786 1350 lrenaeus
1802 1340 1810 1348 .
1842 1313 2048 1351 Charismata
2065 1312 2113 1348 uf-

1226 1381 1287 1412 que
1312 1369 1352 1405 ad
1367 1369 1472 1404 saeculi
1485 1368 1606 1409 finem,
1633 1367 1709 1401 licet
1722 1376 1791 1399 non
1810 1365 2005 1409 necessaria,
2031 1375 2114 1398 nun-

1224 1431 1321 1461 quam
1342 1417 1436 1463 plene
1460 1419 1630 1456 deficient.
1659 1418 1742 1453 Sunt
1755 1414 2016 1459 nostraeinfirtnae‘
2035 1412 2113 1453 fidei

1223 1469 1337 1503 solatia
1356 1471 1390 1503 &
1414 1471 1593 1512 adjutoria.
1624 1472 1714 1505 Nam
1734 1470 1768 1505 &
1789 1470 1901 1505 nostro
1915 1465 1981 1503 hoc
1996 1465 2114 1500 saeculo

1223 1519 1357 1553 Sant'tus
1382 1517 1552 1562 Philippus
1579 1522 1699 1555 Nerius
1720 1533 1810 1557 tanta
1831 1521 1940 1568 viguit
1952 1515 2053 1567 gratia
2065 1514 2114 1552 di-

1223 1568 1472 1604 sternendorum
1493 1569 1688 1612 spirituum,
1715 1579 1748 1602 ut
1768 1584 1837 1613 m,
1872 1578 1925 1615 qui
1948 1570 2113 1611 castitatem

1220 1620 1346 1654 colerent
1358 1644 1369 1661 ‚
1395 1630 1425 1653 eo
1435 1620 1538 1663 odore,
1568 1624 1622 1663 qui
1632 1621 1705 1654 vero
1709 1618 1796 1663 [σοὺ
1802 1644 1815 1661 ,
1843 1632 1882 1655 ex
1895 1621 2006 1662 foetore
2018 1631 2118 1667 cogno}

1216 1668 1329 1715 sceret.

1270 1721 1375 1758 Porro
1387 1722 1428 1757 de
1441 1723 1560 1758 Sansto
1573 1725 1698 1767 Ioanne
1711 1721 1896 1758 Gualberto
1913 1722 2024 1758 scribit
2046 1723 2119 1761 Bla-

1221 1773 1280 1808 lius
1303 1774 1528 1817 Melanefius3
1569 1778 1636 1809 Nec
1658 1774 1756 1815 defuit
1775 1780 1843 1808 viro
1865 1777 1922 1808 Dei
1943 1781 2048 1818 gratia
2070 1777 2118 1809 di·

1215 1823 1367 1868 scra-tionis
1388 1823 1551 1868 spirituum
1566 1849 1576 1864 ‚
1604 1835 1697 1867 neque
1714 1825 1821 1857 donum
1845 1823 2035 1867 Prophetiae,
2059 1837 2117 1870 quo

1219 1876 1329 1909 occulta
1353 1873 1522 1917 hominum,
1545 1873 1604 1918 soll
1628 1879 1690 1909 Deo
1701 1881 1840 1918 cognita,
1868 1878 1988 1910 Divina
1999 1878 2117 1911 revela-

1219 1930 1295 1959 tione
1321 1925 1460 1966 edacius,
1489 1931 1663 1959 enunciavit
1677 1950 1684 1958 .
1711 1928 1746 1958 St
1764 1931 1832 1968 quis
1853 1927 1897 1958 ad
1906 1927 2115 1967 Monaflerium

1220 1981 1339 2010 veniret
1355 2001 1366 2018 ,
1406 1975 1593 2016 monasticum
1617 1976 1751 2009 habitum
1769 1981 1921 2019 petiturus
1941 1999 1954 2016 ‚
1990 1989 2028 2011 ex
2049 1981 2114 2018 eJus

1219 2024 1362 2070 adspedi'u
1383 2024 1590 2072 cognoscebat,
1617 2038 1690 2060 num
1712 2030 1770 2060 Dei
1798 2029 1911 2070 spiritu
1925 2037 2111 2061 moveretur.

1219 2075 1308 2110 istud
1332 2078 1438 2120 ipsum
1463 2077 1666 2111 demonstrat
1688 2078 1838 2120 plurimis
1858 2078 2034 2122 exemplis.
2062 2078 2115 2121 Jo-

1218 2135 1319 2159 annes
1340 2126 1469 2169 insuper
1491 2124 1606 2159 habuit
1627 2128 1663 2160 ὅτ.
1682 2127 1762 2161 fidei
1772 2127 1922 2167 donum,
1950 2129 2030 2162 item
2043 2140 2113 2162 ora-

1217 2175 1323 2209 tionis
1343 2175 1492 2218 spiritum
1516 2199 1524 2207 .
1552 2176 1596 2209 Et
1617 2175 1695 2209 hinc
1716 2176 1808 2210 certo
1829 2177 1990 2221 cognovit
2016 2178 2110 2211 suum

1218 2224 1419 2269 Episcopum
1438 2223 1573 2258 Petrum
1592 2225 1659 2259 effe
1678 2226 1906 2259 simoniacum
1922 2250 1933 2266 ‚
1957 2227 1990 2261 se
2012 2238 2110 2262 exau-

1215 2273 1372 2309 diendum
1393 2273 1448 2309 hic
1468 2274 1487 2307 a
1507 2275 1606 2315 Deo,
1634 2286 1695 2309 nec
1717 2275 1749 2309 se
1762 2275 1949 2310 autsuosin
1967 2276 2108 2312 flammis

1215 2324 1432 2359 deserendos.
1458 2323 1552 2359 Hinc
1564 2325 1752 2359 constanter
1772 2326 1936 2361 accusavit
1947 2325 2107 2369 Petrum,

1214 2386 1288 2409 cum
1304 2376 1369 2409 suis
1390 2374 1570 2410 Monachis
1592 2376 1642 2410 uti
1664 2387 1739 2409 cum
1761 2375 1982 2412 fulminatrice
2002 2377 2108 2423 legio-

1215 2437 1257 2460 ne
1281 2426 1430 2470 proceffit
1453 2425 1600 2460 Romam
1615 2450 1626 2466 ,
1652 2426 1754 2460 nullis
1772 2427 1863 2461 ceffit
1876 2427 2013 2462 remoris
2033 2453 2045 2469 ,
2072 2429 2107 2463 δε

1201 2477 1308 2519 Ιἱὶιιιιίι
1332 2474 1539 2511 Monachum
1551 2476 1685 2510 Petrum
1696 2475 1773 2510 fecit
1785 2477 1819 2510 in
1831 2477 1950 2512 mediis
1962 2477 2107 2513 flammis

1200 2524 1256 2561 'de'
1277 2527 1425 2561 Simonia
1447 2525 1649 2569 triumphare
1666 2552 1674 2559 .
1702 2526 1835 2561 Eisdem
1859 2527 2107 2563 charismatibus

1195 2577 1321 2621 ·viguit
1343 2576 1398 2611 illc
1420 2576 1635 2617 Monachus,
1661 2576 1703 2611 de
1723 2588 1788 2621 quo
1809 2577 1850 2612 ad
1877 2577 2019 2613 Abbatis
2042 2579 2108 2623 jus-

1186 3446 1195 3499 l

1193 3234 1198 3255 l
1210 3231 1294 3263 illum
1316 3229 1431 3271 deterfit
1451 3252 1461 3268 ,
1492 3229 1570 3262 nihil
1587 3233 1704 3262 omnino
1725 3230 1763 3262 ab
1784 3236 1852 3272 igne
1869 3228 1958 3272 Iaesus
1979 3257 1986 3264 .

1212 2627 1280 2660 sum
1302 2627 1445 2661 intrante
1465 2627 1631 2662 ardentem
1645 2628 1810 2662 fornacem
1824 2629 1935 2663 scribit
1947 2629 1982 2662 in
1996 2628 2104 2673 primo

1213 2673 1359 2721 Dialogo
1381 2677 1538 2720 Sulpitius
1559 2678 1710 2712 Severus:
1740 2680 1886 2719 Superata
1911 2685 2023 2713 natura
2040 2680 2102 2721 est,
2119 2679 2193 2719 Cap.
2208 2692 2254 2711 ιι.

1209 2726 1294 2771 fugit
1315 2727 1484 2760 incendium
1496 2752 1506 2767 ‚
1535 2730 1569 2761 ό·
1588 2733 1638 2769 qui
1655 2728 1821 2770 putabatur
1838 2727 1959 2772 arsurus
1979 2755 1990 2771 ‚
2017 2732 2102 2765 velut

1206 2777 1326 2822 frigido
1347 2788 1408 2810 rore
1426 2775 1587 2820 perfusus,
1610 2775 1643 2820 se
1666 2776 1729 2821 ipse
1753 2784 1879 2811 miratus
1902 2778 1958 2819 est.
1987 2780 2032 2815 Et
2058 2781 2100 2816 de

1212 2828 1309 2861 fratre
1330 2829 1493 2872 Gregorio
1519 2826 1740 2870 Cappadoce,
1767 2827 1853 2871 apud
1864 2830 2101 2866 SanstiTheo-

1212 2878 1291 2912 dolii
1316 2879 1349 2912 in
1373 2877 1533 2920 palestina
1556 2877 1760 2912 Coenobium
1783 2878 1980 2922 Monacho,
2006 2883 2100 2916 refert
2116 2871 2255 2919 Cap-92·

1214 2929 1247 2962 in
1275 2927 1375 2962 Prato
1404 2928 1563 2972 spirituali
1592 2929 1771 2973 Gregorius
1792 2929 2093 2965 Archi-Mandrita:

1213 2980 1289 3012 cum
1309 2978 1428 3020 fratres
1449 2978 1587 3020 facerent
1608 2988 1721 3021 panem
1739 3003 1750 3019 ,
1781 2978 1973 3022 succendebat
2008 2981 2099 3016 cliba-

1196 3001 1283 3084 'num
1296 3029 1400 3071 frater
1424 3033 1583 3072 Gregorius
1599 3055 1606 3061 .
1632 3031 1692 3063 sed
1717 3030 1782 3062 cum
1788 3029 1978 3073 succendisset
1989 3031 2097 3075 illum,

1197 3086 1272 3113 'non
1299 3086 1418 3113 invenit
1453 3091 1519 3113 cum
1543 3090 1597 3122 quo
1622 3079 1740 3113 deberet
1766 3089 1918 3123 extergere
1947 3079 2095 3120 furnum.

1215 3136 1345 3164 Fratres
1371 3135 1449 3163 enim
1476 3128 1692 3172 absconderant
1715 3138 1874 3171 pannum,
1899 3139 2096 3166 attentarent

1212 3192 1290 3214 eum.
1322 3180 1465 3223 Ingreffus
1491 3181 1526 3219 esi
1555 3182 1620 3223 ergo
1644 3179 1790 3220 furnum,
1818 3179 2034 3220 &vestimento
2039 3181 2094 3225 suo

2028 3235 2093 3277 Ego

1209 3291 1306 3313 autem
1326 3305 1336 3320 ‚
1364 3279 1413 3313 hoc
1440 3281 1540 3312 audito
1562 3305 1572 3319 ,
1613 3285 1739 3321 corripui
1757 3279 1879 3320 fratres
1890 3299 1908 3321 -‚
1946 3284 2026 3323 quaid
2049 3288 2094 3315 ita

1207 3330 1303 3373 ipsum
1325 3331 1515 3373 tentassent..
1545 3330 1586 3362 Et
1618 3329 1685 3371 jure
1708 3329 1827 3363 merito
1848 3330 1959 3364 fiatres
1980 3332 2093 3366 Abbas

1206 3381 1360 3424 corripuit
1372 3406 1378 3413 .
1411 3381 1499 3413 Nam
1511 3381 1779 3412 citra.ex1remam
1794 3381 2011 3415 necessitatem
2024 3392 2092 3416 non

1207 3432 1278 3467 sunt
1305 3432 1419 3466 similia
1448 3430 1575 3475 agenda
1596 3450 1604 3462 ÷
1629 3429 1692 3513 ΕΙΣ
1729 3429 1806 3464 hinc
1833 3428 2093 3514 Godescallviurm

1742 3495 1765 3530 3
2009 3491 2045 3515 θ’

1197 3211 1200 3218 ι
