2372 3756
51 773 124 809 Cap.
142 781 190 806 ²4.

624 87 706 131 DE
742 101 1089 147 qmssusonm
1127 86 1375 132 PATRUM
1403 85 1622 133 -Locm,

222 186 303 216 uniti
313 178 400 213 Verbi
409 182 554 211 virtutem
569 201 579 216 ,
604 177 639 210 (tt
650 177 774 217 eadem,
793 184 827 208 ut
838 181 884 207 ita
897 176 995 208 dicam
1007 198 1017 214 ,
1027 185 1099 215 qua-

1872 90 1970 150 ¹187

1156 171 1253 216 ftrtiti
1265 195 1275 212 ,
1297 169 1356 214 fied
1362 178 1509 213 tanquam
1518 174 1589 208 veri?
1600 174 1756 215 vivificam
1766 199 1776 215 ,
1797 174 1936 219 ipfiusque
1948 176 2036 211 Verbi

221 234 312 266 litate
317 230 483 272 praeditum
494 253 505 268 ,
532 230 589 260 imo
600 229 671 263 verb
683 229 749 268 eius
760 231 794 259 vi
810 226 842 262 (9¹
862 226 987 268 efficacia
1010 224 1109 269 reple?
1145 226 1149 268 l
1155 227 1328 268 propriam.
1358 225 1445 254 Nam
1455 222 1521 257 cum
1533 225 1602 254 vita
1606 221 1645 262 fit
1656 246 1669 261 ,
1685 231 1718 259 ut
1729 228 1810 260 Deus
1816 224 1975 268 secundum
1985 237 2037 262 na.

222 290 310 320 tum,
331 288 486 322 perquam
507 284 606 313 omnia
630 277 849 319 vivificantur,
876 278 910 309 <v
930 280 961 308 in
980 272 1034 318 suo
1049 274 1103 318 effe

223 328 454 373 conservantur.
481 330 521 366 In
531 330 649 363 ostavo
663 327 750 363 libro
761 326 827 363 haec
839 326 981 361 Domini
993 324 1102 366 verba,

225 384 291 424 Ego
298 378 366 423 sum
378 385 447 413 vita
456 404 466 420 ,
493 378 708 423 intelligenda
721 377 827 414 asserit
839 374 880 409 de
892 376 1004 409 divina
1022 374 1102 408 Ver-

226 431 261 464 bi
283 431 478 472 substantia,
504 438 602 474 atque
622 428 793 472 adjungit:
823 425 973 469 Poffumus
1001 426 1036 458 Θ·
1058 429 1103 458 vi·

222 490 292 514 tam
301 485 428 522 accipere
439 478 587 523 mysticam
596 479 778 522 Eulogium,
796 484 853 518 per
876 487 968 518 quam
992 474 1099 518 inserit

225 529 366 576 cbristus
378 528 465 571 a'in‘us
477 535 576 564 vitam
595 530 671 563 data
687 532 822 570 propria
844 530 942 559 carnis
966 524 1101 565 fidelibus

222 585 451 624 participatione
472 605 479 613 .
518 580 630 626 Qam
648 576 786 622 phrasim
807 577 907 610 etiam
939 576 1103 609 Africanae

226 629 396 670 Ecclefiae,
421 629 454 663 &
467 630 599 673 quidem
620 639 663 661 ex
687 626 864 662 traditione
886 624 1104 669 Apostolica,

225 680 320 715 fuisse
331 679 524 714 familiarem
535 678 668 712 testator
679 677 714 711 in
728 677 835 721 primo
848 676 932 710 libro
943 674 983 709 de
1017 684 1103 708 ecca-

223 741 335 766 torum
346 730 471 764 meritis
485 740 522 763 ac
533 727 716 762 remiffione
731 728 866 762 Sanstus
878 687 1100 771 Augusfinus:

224 782 346 823 Optime
365 778 477 812 Pum'ci
509 777 675 817 Christiani
695 775 888 820 Baptismum
911 773 1007 818 ipsum
1029 773 1107 807 nibil

224 830 315 864 aliud
319 830 410 871 quam
414 826 542 870 salutem
556 851 567 868 ,
594 828 628 860 (9·
638 829 659 861 5
662 836 866 862 aeramentum
876 831 1002 867 corporis
1015 823 1108 857 Cbri-

52 888 126 926 Cap,
142 897 189 918 μ,
218 879 258 923 sti
268 878 347 913 nibil
354 879 441 911 aliud
449 880 540 921 quam
551 883 651 910 vitam
663 886 789 913 vocant.
818 875 862 908 Et
872 875 908 908 in
930 876 1039 918 primo
1065 874 1104 908 ad

224 931 379 964 Sanctum
391 927 514 972 Papam
536 927 748 961 Bonifacium
772 925 857 962 libro
884 925 955 968 post
977 925 1107 963 laudata

226 980 386 1023 Baptismi
411 979 446 1013 &
475 976 685 1011 Eucharistiae
704 977 912 1011 Sacramenta
935 975 1105 1009 concludit

225 1031 293 1064 fine
314 1029 387 1073 ipfis
406 1039 476 1062 non
499 1028 588 1071 poffe
600 1026 662 1061 esse
669 1025 842 1070 salutem&
857 1031 976 1067 vitam.
1004 1025 1107 1072 Qod

223 1081 329 1125 ipsum
352 1078 433 1112 facit
458 1079 493 1111 in
515 1077 658 1112 secundo
679 1088 716 1111 ac
740 1077 777 1111 in
797 1078 913 1111 ostavo
936 1074 977 1113 de
1004 1075 1108 1110 verbis

225 1128 380 1172 Apostoli
402 1152 414 1169 ,
448 1128 488 1163 ἀ
507 1128 543 1162 in
568 1128 674 1171 primo
700 1128 850 1161 sermone
875 1125 917 1159 de
943 1135 1108 1168 tempore:

226 1179 285 1213 Est
313 1179 398 1212 inter
424 1179 530 1212 varios
566 1188 705 1222 magnus
737 1175 949 1214 Eucharistiae
976 1175 1109 1209 titulus:

225 1229 320 1278 Qia
344 1239 463 1271 nempe
489 1228 556 1271 ipsa
581 1239 648 1261 non
669 1225 714 1261 est
740 1226 988 1271 qualiscumque
1013 1235 1109 1270 caro,

227 1280 284 1314 sed
305 1289 381 1313 caro
402 1279 496 1321 ipfius
518 1277 610 1318 virae,
638 1276 779 1320 ideoque
799 1276 833 1310 &
855 1276 921 1318 ipsa
940 1275 985 1309 est
997 1275 1083 1309 vita.

279 1328 371 1363 Idem
384 1328 528 1370 Cyrillus
540 1328 574 1362 in
586 1327 722 1361 decimo
740 1325 824 1360 libro
843 1325 1011 1369 profitetur
1028 1324 1111 1358 inter

227 1378 418 1413 Dominum
428 1379 462 1414 &
474 1388 535 1415 nos
554 1378 618 1413 effe
629 1375 856 1415 habitudinem
867 1376 943 1410 vitis
954 1375 987 1409 &
998 1374 1112 1418 palmi-

228 1438 301 1463 tum
314 1451 325 1468 ‚
351 1427 492 1471 ideoque
503 1427 545 1461 ab
566 1428 636 1473 ipso
661 1424 758 1461 nobis
776 1427 839 1460 eise
860 1425 993 1460 vitalem
1013 1425 1113 1463 influ-

228 1490 334 1519 xum,
357 1474 455 1520 atque
464 1477 623 1520 exponit:
651 1479 740 1510 Dicat
757 1474 840 1514 nobis
853 1477 962 1518 aliquis
971 1472 1112 1517 causam,

230 1530 342 1563 &vim
353 1527 474 1567 mystica
486 1526 621 1570 Eulogiae
643 1526 738 1560 obiter
755 1526 872 1560 doceat.
899 1530 986 1559 Nam
1008 1534 1058 1559 cur
1079 1530 1112 1557 itt

230 1576 315 1612 nobis
329 1575 467 1620 inseritur
478 1578 490 1610 ?
515 1581 627 1609 Nonne
637 1584 669 1610 ut
680 1575 828 1621 Christum
837 1574 1007 1609 inhabitare
1009 1575 1112 1617 faeiat

230 1633 265 1661 in
279 1627 362 1660 nobis
372 1633 466 1663 etiam
487 1627 695 1668 corporaliter,
720 1631 953 1668 participatione
979 1626 1014 1659 &
1037 1634 1113 1658 com·

231 1682 365 1711 munione
371 1676 434 1720 fitae
442 1676 555 1720 sant‘lae
565 1678 691 1714 carnis?
715 1675 865 1709 Praeclare‘
876 1676 994 1718 quidem
1007 1697 1015 1706 .
1041 1677 1114 1707 scri-

232 1727 278 1761 bit
288 1732 366 1761 enim
379 1729 493 1763 Paulus
506 1730 617 1760 Gentes
625 1726 730 1768 fallas
741 1726 793 1768 effe
816 1725 1030 1767 concorporales
1042 1749 1052 1765 ,
1078 1726 1113 1758 (tr

234 1779 459 1819 compartiales,
487 1778 521 1811 (5
540 1776 706 1811 cobaeredes
728 1775 838 1816 Christi
852 1801 859 1808 .
886 1775 1110 1817 concorporales

234 1836 334 1861 autern
354 1838 482 1871 quonam
500 1828 585 1860 modo
600 1826 698 1869 fac‘lae
716 1824 812 1869 sunt?
839 1828 957 1868 Nempe*
978 1827 1114 1868 Eulogiae

233 1877 356 1918 mysticae
373 1880 601 1920 participatione
617 1876 769 1911 bonoratae
781 1901 792 1916 ‚
817 1888 907 1915 unum
928 1887 993 1910 cum
1010 1887 1042 1908 eo
1059 1874 1115 1917 fa·

232 1927 291 1960 θα
305 1925 377 1970 sune
397 1936 522 1969 corpas,
539 1925 612 1969 sttut
631 1929 666 1961 6·
683 1925 880 1970 unusquisque
901 1927 1094 1970 Apostolorum
1106 1952 1113 1959 .

233 1979 309 2010 Hinc
327 1983 409 2011 enim
431 1979 678 2023 animadvertere»
694 1977 732 2018 est
744 1985 978 2021 operaepretium
989 2003 1000 2019 ,
1027 1978 1114 2015 cbri-

228 2026 308 2067 stum
329 2038 386 2060 non
406 2029 507 2064 dicere,
523 2026 558 2070 se
582 2030 748 2061 dumtaxat
771 2033 803 2062 in
827 2029 910 2062 nobis
923 2029 1064 2070 futurum
1071 2029 1114 2073 se

233 2078 363 2110 cundum
389 2079 560 2110 relationem
581 2079 735 2119 quandam
759 2078 963 2118 affec‘lualem,
986 2078 1043 2121 sed
1061 2088 1115 2121 per

233 2132 498 2171 participationem
519 2129 690 2160 naturalem
702 2152 709 2158 .
731 2131 769 2159 Ut
791 2134 870 2161 enim
887 2127 998 2171 siquis
1020 2140 1115 2162 ceram

234 2186 308 2210 cerae
329 2175 483 2210 induc‘lam
499 2183 566 2221 igne
580 2177 670 2220 fimul
685 2178 852 2221 liquaverit
874 2202 886 2220 ,
924 2190 1015 2212 unum
1041 2181 1117 2221 quid

235 2237 273 2259 ex
292 2227 434 2260 ambobus
454 2228 564 2269 effictt;
591 2233 636 2259 ita
652 2235 709 2269 per
731 2233 856 2269 corporis
883 2227 994 2268 christi
1008 2230 1114 2271 &pre-

234 2275 301 2318 tiofi
313 2274 470 2319 sanguinis
503 2281 759 2320 participationem
781 2275 843 2320 ipse
867 2279 987 2320 quidem
1012 2285 1044 2311 in
1066 2290 1116 2312 no-

234 2326 303 2366 bis,
330 2336 382 2359 nos
399 2335 501 2363 autem
521 2327 626 2359 rursus
648 2332 682 2358 in
703 2338 736 2361 eo
751 2326 841 2369 fimul
860 2333 978 2361 unimur
1001 2352 1009 2359 .
1050 2333 1117 2362 Nec

233 2381 311 2409 enim
345 2377 431 2409 aliter
458 2375 610 2419 vivificari
634 2377 731 2419 potest
756 2379 840 2420 quod
863 2387 974 2412 natura
994 2377 1053 2421 sua
1078 2378 1116 2418 est

234 2425 444 2467 corruptibile,
473 2420 562 2469 quini
576 2425 607 2469 fi
621 2429 807 2469 corporaliter
830 2434 951 2462 unitum
971 2427 1011 2469 fit
1021 2437 1118 2471 corpo·

235 2482 264 2509 ri
287 2478 354 2517 ejus
379 2500 390 2516 ,
410 2477 478 2518 'qui
496 2475 656 2519 fecundum
682 2487 823 2511 naturam
844 2476 934 2521 suam
960 2477 1000 2519 est
1026 2486 1094 2512 vita
1108 2505 1115 2513 .

236 2527 320 2559 Haec
356 2526 402 2560 est
420 2561 423 2563 ,
439 2527 521 2560 unio
541 2551 552 2567 ,
589 2527 630 2559 de
665 2538 729 2571 qua
751 2526 848 2562 ‘dixit
873 2530 973 2562 etiam
1001 2529 1116 2564 Sancta

235 2576 371 2621 Agnes:
391 2579 604 2621 sarni-orpus
630 2579 696 2617 ejus
721 2582 832 2619 corpori
854 2585 1040 2612 meounitum
1051 2578 1119 2622 est,

235 2629 270 2660 (9¹
288 2625 414 2670 sanguis
437 2628 505 2667 ejus
534 2632 659 2659 ornavit
680 2638 774 2671 genas
799 2637 882 2660 meas
907 2654 913 2660 .
955 2627 1036 2662 Non
1064 2639 1117 2672 per

234 2677 381 2710 affectum
403 2686 459 2710 aut
479 2672 617 2721 figuram
632 2700 643 2716 ‚
670 2678 724 2712 sed
735 2677 903 2712 manifest&
914 2678 1118 2720 pervsubstm-

235 2728 314 2760 tiam
338 2752 345 2759 .
385 2725 495 2770 Pergit
522 2727 670 2770 Cyrillus
696 2727 731 2761 in
759 2726 906 2771 Epistola
931 2728 971 2762 ad
999 2729 1121 2764 Nesto-

235 2778 320 2811 rium
344 2776 543 2820 Episcopum
564 2777 601 2810 &
617 2776 863 2813 Haeresiatchatn
880 2777 1120 2813 Constantinam,

236 2828 441 2871 politanum:
471 2830 556 2871 ‚Quin
579 2828 656 2860 illud
676 2839 788 2870 quoque
809 2840 867 2861 non
881 2829 993 2870 possum
1015 2828 1119 2863 bocio*

236 2887 267 2909 co
289 2889 344 2910 non
371 2878 523 2918 adjicere,
550 2879 655 2920 nempe*
675 2880 747 2911 dum
769 2884 913 2921 unigeniti
936 2880 1010 2911 Filii
1037 2883 1116 2921 Dei,

237 2926 288 2959 hoc
309 2926 371 2968 est,
398 2924 508 2970 JE‘SU
533 2927 644 2967 christi
665 2938 808 2970 mortem,
835 2930 868 2961 &-
889 2938 926 2962 ex
937 2934 1059 2962 mortuis
1073 2941 1116 2964 re·

234 2975 445 3019 surredionem
466 2984 684 3012 annunciamus
702 3002 714 3020 ,
746 2977 933 3022 eiusdemque
957 2984 990 3011 in
1013 2982 1115 3014 coeium

239 3024 451 3069 adscensionem
471 3028 640 3069 confitemur
650 3051 661 3068 ,
686 3034 870 3063 incruentum
893 3035 925 3062 in
938 3028 1116 3074 Ecclefiasa-
1136 3038 1138 3041 ⁴

239 3077 377 3120 crificium
402 3081 454 3109 noi
472 3077 616 3121 celebrare
631 3103 640 3119 ,
676 3088 767 3121 atque
789 3082 834 3112 ad
849 3078 977 3120 mysticas
992 3079 1115 3114 'benedt-

239 3127 347 3177 ὥρης)-
359 3127 492 3159 accedere
504 3151 514 3167 ,
539 3122 631 3170 estque
655 3136 769 3163 ratione
782 3128 968 3174 -sanc‘lificari
977 3148 989 3168 ,
1014 3132 1114 3172 mpori

235 3175 330 3220 [ιώ-α’
338 3182 437 3209 carnis
450 3178 484 3211 Φ·
490 3178 612 3220 pretiosi
611 3177 766 3222 sanguinis
778 3180 891 3220 Christi
893 3185 1061 3222 participes
1073 3181 1120 3223 ef·

235 3226 310 3267 felli
322 3251 329 3258 .
358 3231 465 3269 Neque
473 3233 553 3261 enim
562 3229 646 3261 illam
653 3238 686 3261 ut
696 3239 815 3262 carnem
825 3240 1004 3263 communem
1023 3228 1117 3273 susci-2

239 3282 338 3318 pimus
353 3290 360 3309 :
388 3276 465 3319 Absit
475 3276 526 3311 hec
538 3303 544 3310 .
576 3283 685 3320 Neque
694 3281 817 3312 rursum
826 3290 972 3323 tanquam
984 3285 1046 3312 viri
1066 3292 1111 3315 cu-

235 3325 581 3371 juspiamsant‘lificati,
609 3337 661 3362 aut
671 3330 831 3372 dignitatis
852 3332 973 3364 tantum
994 3333 1110 3372 aequali·

241 3384 304 3411 tate
316 3376 602 3421 Verbovconsociati,
627 3388 681 3413 aut
703 3383 852 3415 Divinam
870 3379 1112 3417 inhabitationem

1165 283 1264 307 turam
1276 297 1286 312 ,
1306 270 1482 314 simulatque
1492 281 1583 306 unum
1593 273 1736 313 quiddam
1747 285 1810 309 cum
1822 275 1889 319 ipsa
1894 275 1953 320 sua
1973 288 2039 310 car-

1165 335 1202 358 ne
1211 322 1343 364 effeo‘lum
1353 320 1391 367 cst
1402 345 1412 362 ,
1438 333 1507 355 mox
1518 326 1589 358 vivi
1587 320 1701 364 ficandi
1711 327 1853 358 virtutem
1868 326 1924 368 ipsi
1937 337 2038 364 contic-

1162 375 1217 407 lit.
1239 375 1393 417 ,Quamvis
1405 374 1473 416 ergb
1482 373 1527 405 ad
1536 382 1590 405 nos
1609 372 1711 414 dicat;
1741 375 1832 406 Amen
1844 397 1856 414 ,
1884 381 1974 414 Amen
1995 378 2038 414 di-

1164 436 1193 457 co
1203 423 1286 458 vobis
1298 447 1310 464 ,
1335 420 1409 463 Nifi
1412 423 1666 457 manducaveritis
1686 433 1805 457 carnem
1818 424 1892 456 Filii
1910 425 2037 462 bominis

1165 478 1199 509 tls·
1211 474 1342 509 biberitis
1353 475 1418 515 ejus
1426 471 1601 518 sanguinem
1611 498 1622 514 ,
1648 478 1821 518 neutiquam
1833 482 1935 507 tamen
1955 477 2039 511 illam

1165 535 1342 558 communem
1351 547 1362 564 ,
1374 522 1425 559 hoc
1443 524 1482 563 est
1492 548 1503 564 ,
1515 523 1642 557 bominis
1654 522 1820 567 cujuspiam
1832 523 1935 563 nostrae
1946 527 2048 558 condi-

1166 580 1255 608 tionis
1280 584 1398 608 carnem
1423 574 1473 616 effe
1490 573 1658 614 exssimare
1678 572 1818 610 debemus
1841 599 1848 607 .
1888 575 2043 618 ¹Quomodo

1166 632 1244 659 enim
1254 623 1381 659 hominis
1391 624 1457 662 carb
1462 620 1620 666 secundum
1626 621 1714 666 suam
1723 623 1808 667 ipfius
1831 633 1974 661 naturam
1997 630 2046 661 vi-

1167 675 1257 721 vificp
1289 675 1341 719 effe
1378 675 1491 717 queat?
1514 676 1578 708 Sed
1596 676 1667 708 vere
1686 674 1768 709 illius
1785 681 1942 718 propriam
1955 699 1965 714 ,
1991 678 2044 717 qai

1168 723 1352 769 nostricausa
1364 727 1464 759 Filius,
1474 723 1603 759 bominis
1615 726 1649 759 (9
1665 722 1773 765 sallus
1793 723 1831 764 est
1858 726 1892 761 i&
1914 725 2048 767 appella-

1168 786 1217 810 tus
1230 800 1237 807 .
1268 776 1312 809 Et
1332 776 1365 808 iu
1378 774 1554 810 duodecim
1568 773 1718 809 adversos
1731 774 1924 810 Nestorium
1947 775 2049 819 Capi-

1167 826 1245 860 tulis
1265 837 1272 857 :
1313 827 1343 861 Si
1367 832 1436 868 quis
1461 822 1556 868 ipsam
1582 828 1702 858 Domini
1727 834 1845 859 carnem
1870 823 2049 865 vivificam,

1169 873 1308 918 ipfiusque
1329 875 1437 916 Verbi,
1463 877 1543 923 quod
1560 886 1600 910 ex
1627 874 1790 915 Patreest‚
1811 881 1970 916 propriam
1997 875 2050 917 effe

1167 931 1345 968 negaverit,
1365 923 1423 973 sed
1429 926 1555 959 alterius
1576 924 1740 973 cujuspiam
1763 924 1820 968 ipsi
1839 926 1933 959 Verbo
1951 923 2054 968 stetin·

1170 976 1241 1008 dum
1266 976 1443 1018 dignitatem
1468 977 1587 1010 tantum
1612 975 1760 1019 conJunc‘Ii
1780 1000 1791 1017 ,
1819 985 1873 1009 aut
1902 979 2054 1012 Divinam

1172 1026 1290 1058 tantum
1301 1023 1548 1059 inhabitationem
1563 1024 1690 1068 sortiti,
1718 1026 1770 1069 effe
1793 1027 1931 1066 dixerit,
1957 1036 2051 1069 neque

1171 1078 1242 1109 vero
1251 1075 1351 1116 potius
1363 1075 1519 1116 vivificam
1529 1075 1770 1117 confeffusfuerit
1783 1099 1794 1116 ,
1814 1078 1846 1110 eo
1856 1076 1936 1119 quod
1944 1076 2052 1116 Verbi,

1172 1126 1251 1168 quod
1257 1129 1354 1158 omnia
1374 1124 1532 1167 vivificat,
1548 1124 1639 1166 sabla
1655 1123 1693 1166 fit
1712 1132 1839 1170 propria
1852 1151 1863 1168 ,
1888 1126 2053 1160 anathema

1166 1175 1225 1217 fit.
1253 1175 1296 1209 Et
1309 1175 1343 1208 in
1359 1174 1451 1209 istius
1472 1173 1618 1219 Capituli
1644 1175 1886 1211 declaratione:
1913 1176 2055 1210 samium

1173 1224 1395 1267 &vivificum,
1420 1225 1664 1269 incruentumque
1674 1226 1707 1259 in
1726 1224 1859 1266 Ecclefiis
1876 1225 2055 1269 sacrificium

1169 1281 1342 1321 peragimus
1355 1300 1367 1317 ,
1392 1283 1494 1317 corpus
1520 1276 1601 1318 quod
1617 1281 1795 1317 proponitur
1819 1300 1832 1317 ,
1860 1276 1994 1318 fimiliter
2020 1278 2056 1310 ό*

1171 1323 1330 1368 pretiosum
1346 1320 1540 1370 sanguinem,
1568 1337 1628 1360 non
1648 1332 1807 1361 communis
1826 1337 1860 1359 ac
1887 1327 1968 1360 nobis
1975 1325 2056 1367 fimi-

1174 1378 1212 1413 lis
1225 1375 1350 1408 bominis
1359 1374 1526 1418 cujuspiam
1538 1376 1590 1419 effe
1599 1377 1754 1411 credentes
1765 1399 1776 1415 ,
1797 1376 1856 1420 sed
1859 1377 1962 1419 potius
1975 1386 2057 1412 tam·

1174 1437 1265 1469 quam
1270 1432 1426 1470 proprium
1442 1434 1547 1468 corpus
1560 1425 1714 1467 effet‘lum,
1741 1428 1775 1461 i&
1793 1426 1970 1471 sanguinem
1993 1428 2057 1467 ejus

1176 1476 1287 1516 Verbi,
1314 1478 1395 1518 quod
1419 1482 1517 1509 omnia
1543 1476 1684 1518 vivificat
1698 1500 1710 1516 ,
1736 1482 1930 1519 accipientes.
1961 1479 2057 1519 siqui-

1175 1526 1239 1562 dem
1249 1532 1408 1559 communis
1420 1538 1484 1559 caro
1495 1526 1652 1572 vivificare
1662 1531 1719 1560 non
1725 1525 1818 1571 potest
1831 1552 1838 1559 .
1865 1530 1910 1559 Et
1919 1525 1970 1560 hoc
1991 1529 2011 1560 5
2012 1527 2059 1560 ai-

1175 1586 1264 1609 vator
1275 1575 1337 1618 ipse
1347 1576 1482 1617 testatam
1495 1576 1600 1618 facit,
1625 1582 1784 1619 inquiens:
1811 1580 1892 1610 Caro
1915 1588 1972 1610 non
1990 1584 2058 1618 pro-

1175 1625 1233 1666 dest
1255 1627 1441 1668 quidquam,
1460 1624 1590 1670 spiritus
1614 1626 1652 1667 est
1665 1626 1880 1671 quivivificat.
1910 1628 1987 1660 Cum
2000 1632 2059 1660 ita-

1176 1686 1230 1718 que
1252 1675 1426 1717 Nestorius,
1452 1678 1487 1713 ὁ·
1511 1682 1567 1719 qui
1587 1688 1652 1710 cum
1673 1678 1723 1710 illo
1740 1675 1914 1721 sentiunt,
1939 1676 2059 1717 mysterii

1175 1725 1265 1767 hujus
1285 1731 1426 1760 virtutem
1452 1728 1561 1761 temere
1586 1727 1745 1769 diffolvant
1765 1748 1778 1767 ,
1809 1728 1967 1768 propterea
1987 1752 1998 1767 ,
2024 1729 2060 1760 ὁ·

1176 1776 1296 1818 quidem
1317 1777 1477 1810 admodum
1495 1781 1719 1818 convenienter,
1745 1777 1842 1810 editus
1863 1776 1901 1816 est
1925 1776 1970 1809 bic
1985 1788 2062 1809 ana-

1177 1824 1384 1868 thematismus
1403 1851 1411 1859 .
1450 1827 1536 1875 Qae
1562 1827 1676 1862 omnia
1702 1826 1827 1873 largitis
1851 1827 1988 1870 exponit
2024 1827 2061 1860 in

1172 1877 1350 1920 Capituli,
1375 1879 1430 1912 seu
1454 1877 1732 1912 Anathematism‘i
1757 1877 1928 1922 Apologia
1950 1878 2061 1912 adver-

1176 1927 1228 1962 sfls
1255 1925 1509 1962 Theodoretum
1537 1928 1719 1972 Cyl-ensem
1746 1928 1948 1972 Episcopum
1976 1953 1987 1970 ,
2022 1940 2060 1962 ac

1178 1980 1346 2024 praesertim
1378 1980 1412 2013 in
1440 1978 1608 2023 Apologia
1634 1979 1805 2013 adversam
1832 1990 1948 2013 omnes
1984 1979 2062 2022 Epi-

1177 2031 1291 2073 scopos
1325 2028 1566 2064 Patriarchatus
1600 2027 1808 2064 Antiocheni
1827 2054 1833 2060 .
1873 2027 2062 2074 Emphafim

1177 2078 1298 2114 habent
1321 2078 1388 2113 haec
1408 2079 1506 2113 verba
1535 2091 1541 2111 :
1582 2081 1667 2122 ,Quia
1693 2086 1763 2113 vita
1783 2079 1948 2123 secundum
1974 2089 2063 2112 natu-

1177 2140 1243 2163 ram
1266 2128 1305 2170 est
1328 2128 1456 2162 Verbum
1480 2151 1491 2168 ‚
1517 2129 1747 2168 vivificatricem
1771 2129 1863 2169 effecit
1883 2129 1972 2172 suam
1998 2140 2061 2162 car-

1178 2190 1264 2219 nem,
1291 2180 1325 2212 &
1344 2178 1401 2212 hac
1418 2184 1532 2213 ratione
1545 2177 1637 2221 fac‘la
1657 2178 1696 2221 est
1718 2179 1801 2212 nobis
1829 2178 1992 2212 benedicito
2012 2186 2063 2213 vi-

1180 2229 1350 2272 vificatrix.

1230 2279 1388 2314 Notanda
1398 2278 1593 2315 sunt&haec
1619 2280 1739 2315 verba.-
1767 2280 1922 2322 Nestorius
1942 2280 2062 2321 mysterii

1179 2329 1269 2371 buy‘us
1296 2335 1438 2365 virtutem
1460 2331 1604 2375 dissolvit.
1634 2331 1770 2365 Etenim
1791 2331 1915 2366 avitam
1934 2331 1969 2364 δε
1990 2333 2062 2365 uni-

1181 2380 1330 2414 versalem
1355 2381 1506 2416 Ecciefiae
1527 2381 1698 2426 regulam,
1724 2392 1795 2426 «με
1819 2381 1952 2426 ipsum&
1966 2379 2063 2415 Chri-

1181 2430 1233 2464 sto
1252 2430 1404 2465 Domino
1428 2433 1463 2465 in
1488 2432 1547 2466 suo
1570 2431 1691 2466 vifibili
1714 2433 1878 2476 supposito
1897 2431 2062 2476 gestatum

1180 2492 1296 2523 corpus
1321 2481 1424 2517 credit
1448 2482 1481 2517 &
1501 2480 1598 2516 docet
1618 2483 1680 2517 esse
1701 2494 1737 2516 ac
1762 2483 1845 2516 sumi
1870 2482 1904 2516 in
1935 2480 2062 2516 Eucha-

1179 2530 1272 2564 ristiae
1291 2531 1502 2566 sacramento
1514 2556 1526 2573 ,
1551 2531 1737 2567 constanter
1748 2531 2061 2572 tenurit—Nestorius,

1181 2589 1276 2624 atque
1297 2591 1339 2614 ex
1363 2582 1430 2624 ipsa
1449 2581 1589 2620 tentavit
1611 2583 1701 2616 suum
1723 2593 1862 2628 errorem
1889 2583 2066 2619 confirma·-

1182 2642 1237 2663 re.
1282 2631 1482 2675 Evangelica
1508 2633 1541 2665 &
1570 2632 1764 2675 Apostolicz
1790 2632 1832 2666 de
1855 2633 2066 2670 sacrosansto.

1180 2682 1386 2715 Sacramento
1406 2679 1844 2726 testimonia‘tonglomerat
1864 2706 1875 2722 ‚
1913 2683 1948 2716 ἀ
1973 2693 2062 2716 com·

1180 2739 1365 2764 mentatur:
1392 2735 1455 2764 Cur
1467 2740 1564 2765 autem
1586 2730 1698 2772 etiam,
1718 2730 1745 2773 fi
1766 2739 1914 2774 utraque,
1944 2733 2063 2775 utique

1168 2777 1350 2814 'Divinitas
1385 2790 1483 2825 atque
1510 2781 1699 2816 humanitas
1722 2806 1733 2822 ,
1768 2791 1802 2816 ut
1836 2792 1869 2815 tu
1904 2787 2060 2828 opinaris,

1179 2836 1337 2863 commixta
1356 2829 1446 2872 sunt,
1473 2835 1614 2865 Dominus
1639 2832 1751 2873 noster,
1778 2833 1843 2865 cum
1862 2832 2063 2873 mysteriivim

1180 2879 1335 2923 Discipulis
1349 2878 1417 2923 suis
1443 2883 1599 2923 traderet,
1619 2880 1659 2923 fic
1668 2884 1740 2916 dicii
1752 2893 1766 2923 ;
1794 2887 1942 2924 accipin,
1971 2893 2060 2916 come-

1179 2934 1240 2964 dite
1260 2942 1361 2964 omnes
1374 2955 1385 2971 ,
1410 2934 1467 2965 Hoc
1476 2931 1515 2972 est
1537 2938 1614 2965 enim
1633 2942 1738 2974 corpus
1764 2943 1860 2966 meum
1875 2958 1882 2965 .
1910 2937 1974 2966 Cur
1999 2943 2058 2965 non

1170 2982 1258 3014 'dixit
1270 3006 1281 3021 ,
1309 2987 1369 3016 Hoc
1392 2979 1430 3021 est
1445 2985 1605 3016 Divinitas
1616 2993 1699 3022 mea,
1727 2990 1795 3037 φερε
1804 2982 2063 3026 provobisfran·.

1173 3037 1257 3075 gitur
1269 3032 1285 3063 ,Ρ
1312 3030 1496 3075 Rursumque
1514 3034 1578 3067 cum
1596 3034 1733 3075 poculum
1743 3032 1933 3073 mffleriorum
1945 3032 2034 3065 daret
2045 3056 2058 3072 ,

1177 3093 1234 3115 non
1256 3083 1337 3115 dixit
1350 3106 1359 3122 ,
1388 3086 1448 3115 Hoc
1460 3082 1505 3124 *est
1526 3084 1709 3125 Divinitas,
1731 3091 1861 3127 quaepro
1872 3081 1955 3115 vobis
1966 3081 2067 3122 efflans

1177 3133 1258 3164 ditur
1271 3156 1281 3171 ,
1305 3129 1362 3174 sed
1373 3156 1383 3172 ,
1409 3135 1462 3166 Hic
1472 3130 1641 3179 estsanguIs
1652 3144 1756 3174 meus,
1782 3138 1832 3176 qui
1848 3133 1909 3175 pr&
1917 3131 2003 3165 vobis
2013 3131 2059 3175 ff·

1169 3182 1314 3224 funditur
1333 3187 1365 3213 in
1390 3183 1573 3224 remiffionem
1594 3192 1782 3226 peccatorum
1804 3184 1821 3215 ἒ
1849 3183 1892 3216 Et
1915 3181 2055 3217 itetiirn:

1177 3237 1250 3266 Non
1288 3233 1371 3264 dixit
1391 3255 1403 3273 ,
1438 3235 1566 3277 ,Quoties
1602 3233 1824 3268 manducabitis
1851 3235 2056 3266 Divinitatem

1176 3282 1254 3316 banc
1273 3305 1283 3323 ‚
1307 3279 1363 3325 sed
1381 3307 1392 3323 ‚
1429 3285 1556 3326 ,Quoties
1576 3283 1796 3317 manducabitis
1816 3291 1929 3325 panem
1951 3282 2031 3316 bunc
2044 3308 2052 3315 .

1176 3334 1249 3366 Vide
1270 3333 1307 3365 de
1328 3341 1442 3374 corpore
1462 3335 1612 3366 Dominico
1628 3335 1681 3367 illi
1691 3335 1743 3378 effe
1748 3332 1940 3376 propofitum.
1973 3335 2057 3377 ,Quo-

1177 3381 1349 3427 tiescumque
1371 3383 1595 3418 manducabitis
1618 3392 1730 3426 panem
1756 3383 1866 3425 bum,
1903 3385 1989 3425 cujus
2015 3381 2055 3423 est

1912 3431 2007 3476 ipsum
