2372 3756
99 752 187 795 Epist.
211 765 235 787 1.

95 1135 183 1176 Epist.
206 1149 231 1168 2.

98 1446 184 1486 Epist.
203 1457 234 1485 3.

99 1527 185 1566 Epist.
201 1539 231 1564 4.

215 1614 221 1625 ¹
263 1607 313 1634 tia
337 1609 420 1632 nemo
439 1595 571 1638 conficiat
599 1619 609 1626 .

88 1986 172 2027 Epist.
196 1996 222 2023 5.

87 2146 136 2182 Ep.
167 2155 206 2175 11.

88 2333 172 2371 epist.
195 2337 223 2364 6·

87 2600 118 2630 L
148 2607 174 2637 3.

85 2639 156 2671 dist.
178 2651 223 2671 ιι-

86 2679 172 2719 Epist.
196 2692 220 2711 ι.

202 2601 241 2630 in-

629 121 926 153 SEPTIMUM
964 106 1288 151 Romanum
1324 105 1715 154 ConcumM.

264 211 330 245 {ser
345 197 494 242 E'rprumi
509 196 661 238 Episcopi
674 204 812 228 mortem
826 191 1064 235 sylvanestenfi
1091 191 1152 224 Ec·

273 250 367 285 elefia
391 248 502 283 scribit
527 248 595 280 illic
619 246 822 278 Hincmarus
848 241 1064 285 Metropolita
1090 241 1153 274 Re·

272 301 387 335 mensis
400 313 407 331 :
438 303 582 343 Dignetur
595 296 668 330 mihi
682 299 853 327 Dominatio
865 293 960 333 vestra
972 293 1080 325 litteris
1087 289 1153 334 suls

256 350 438 395 fignificare
456 375 466 389 ,
493 360 579 391 quem
593 348 690 380 vultis
702 347 739 378 de
762 342 947 386 coepiscopis
967 343 1071 382 nostris
1083 366 1094 381 ‚
1119 351 1152 375 ut

274 408 351 436 etex
364 411 441 433 more
452 400 575 431 litteras
591 402 760 433 canonicas
785 395 916 437 dirigam
929 417 940 431 ,
964 394 997 426 δ’
1020 390 1153 434 Vifitato-

273 458 318 484 ris
332 451 416 493 officio
421 449 558 492 fungens
571 454 602 479 in
615 449 719 480 eadem
735 443 858 485 Ecclefia
868 443 1034 476 electionem
1056 446 1151 474 Cano·

275 508 373 534 nicam
376 500 478 542 faciat
494 523 504 538 ‚
531 501 565 532 Θ
578 507 631 530 aut
639 506 695 539 per
703 494 736 538 se
746 519 756 533 ‚
776 501 829 526 aut
835 501 892 534 per
913 494 1032 525 litteras
1053 490 1128 534 suas
1141 516 1151 531 ‚

276 555 393 584 Vitario
399 548 451 592 suo
474 548 626 591 deferente
641 571 651 586 ,
678 545 804 578 eandem
829 543 995 576 elec‘lionem
1011 553 1074 574 curn
1095 546 1152 574 De-

274 610 351 633 creto
366 605 536 640 Canonico‚
557 597 737 641 fingulorum
760 593 898 625 manibus
922 593 1054 625 roborato
1071 616 1083 631 ‚
1111 593 1157 624 ad

274 662 320 683 me
330 650 464 692 referat,
489 658 521 682 ut
528 658 583 692 per
597 658 641 679 me
655 644 721 688 ipsa
742 643 842 676 eleHio
866 644 910 675 ad
935 647 1152 675 nominationis

274 700 381 741 vestrae
403 697 605 743 discretionem
628 699 791 738 perveniat
815 718 822 725 .
853 693 897 726 Et
918 693 958 726 ad
985 689 1154 724 Hedenul-

270 748 376 794 phum
402 748 654 782 Laudunensem
680 745 878 788 Episcopum
899 768 910 783 ,
936 743 954 775 a
979 743 1011 775 se
1037 741 1150 774 consti·

271 810 379 833 tutum
403 797 642 832 Cameracensis
670 795 814 829 Ecclesiae
840 792 1050 825 Vifitatorem
1069 803 1080 823 .·
1106 792 1154 823 Ad

270 845 515 890 cameracensem
540 842 699 887 Ecclesiam
722 847 897 886 quantocius
917 842 1041 882 studeas
1048 849 1150 883 prope-

269 909 337 932 rare
360 923 371 939 ,
409 899 445 932 6*
464 898 577 938 affiduis
603 893 820 928 hortationibus
840 893 958 926 clerum
983 893 1019 925 (9⁸
1038 891 1152 933 plebem

267 948 385 991 publice
407 949 566 981 admonere
593 944 741 988 festines,
768 952 800 977 ut
825 954 883 976 uno
908 943 1061 984 eodemque
1087 953 1150 974 con-

264 997 355 1042 sensu
375 1001 466 1032 talem
483 996 537 1039 sibi
558 995 783 1038 praeficiendum
808 1001 956 1034 expetant
979 1003 1013 1024 ac
1038 994 1150 1035 eligant

268 1050 476 1089 sacerdotem,
492 1053 554 1090 .qui
580 1048 614 1080 (5
641 1055 729 1077 tanto
752 1043 914 1083 Ministerio
923 1044 1032 1085 dignus
1044 1044 1147 1075 valeat

268 1104 416 1141 reperiri,
440 1101 477 1133 ὁ*
499 1099 519 1130 ὰ
545 1095 720 1130 reverendis
747 1092 917 1126 canonibus
943 1093 1067 1124 minime*
1089 1091 1146 1135 res-

263 1157 399 1192 puatur.
428 1150 468 1183 Ei
495 1146 686 1183 transmittit
712 1143 869 1178 faciendae
893 1142 1060 1176 elestionis
1083 1143 1146 1175 for-

268 1211 359 1233 mam
377 1225 389 1241 ,
418 1199 484 1243 legi
512 1194 645 1232 mandat
672 1194 712 1228 ad
740 1193 877 1227 Clerum
903 1193 936 1226 &
960 1191 1146 1235 Populum,

265 1249 360 1292 juxta
380 1251 482 1293 ipsam
507 1247 610 1291 eligi,
634 1245 702 1278 fieri
717 1243 897 1276 Decretum
912 1266 921 1281 ‚
947 1242 981 1275 ὅς
1007 1243 1124 1286 signari

266 1299 311 1334 Et
332 1300 366 1333 in
389 1298 504 1333 litteris
527 1297 567 1330 ad
591 1293 829 1329 Cameracenfis
841 1292 988 1326 Ecclesiae
1012 1292 1143 1325 Clerum

264 1351 300 1383 ἀ
323 1349 488 1392 Populum
515 1373 521 1379 .
559 1350 605 1379 De
631 1344 763 1377 eleetione
782 1345 937 1375 Decretum
967 1346 1144 1375 canonicum

263 1405 403 1432 unanimi
427 1407 497 1432 voto
521 1406 613 1440 agere
627 1418 639 1434 ‚
664 1396 698 1428 (τ
716 1391 872 1435 sigillatim
891 1398 1021 1425 omnium
1043 1392 1134 1433 vestro

270 1461 337 1483 rum
353 1449 492 1482 manibus
515 1453 549 1479 in
566 1442 730 1487 praesimtia
754 1441 916 1483 Visitatoris
938 1442 1072 1474 roborare
1093 1440 1141 1484 sa-

267 1505 365 1543 tagite
375 1523 384 1530 .
410 1499 455 1532 Et
466 1496 506 1531 ad
519 1493 668 1529 vacantis
676 1491 895 1526 Belluacensis
908 1490 1057 1525 Ecclefiae
1071 1492 1139 1525 Cle·

266 1560 340 1582 rutn
352 1558 390 1583 ac
402 1545 584 1590 Populum:
613 1547 769 1576 Decretum
771 1541 832 1584 fine
843 1540 1007 1582 Vifitatoris
1013 1540 1140 1584 praesen-

645 1592 690 1625 Et
715 1591 797 1625 infra
822 1604 832 1624 .-
870 1591 1010 1624 Eleo‘lum
1030 1593 1075 1623 ad
1092 1603 1140 1624 nos

263 1653 418 1685 mediante
441 1646 592 1689 Vifitatore
613 1643 775 1675 adducite.
802 1640 864 1675 Per
878 1640 1050 1674 Hincmari
1061 1652 1141 1674 mor·

263 1712 333 1737 tem
353 1709 472 1733 vacans
493 1693 662 1730 Remensis
682 1691 822 1725 Ecclesia
844 1691 1052 1724 accusabatur
1078 1691 1142 1724 sine

267 1750 447 1787 visitatore
470 1746 666 1780 elestionem
692 1743 859 1775 attentasse
877 1765 890 1781 ‚
925 1740 1065 1781 ideoque
1101 1741 1139 1773 ad

262 1798 509 1835 Hildeboldum
535 1793 794 1829 Suessionensem
831 1791 1031 1834 Episcopum
1055 1814 1067 1829 ‚
1101 1791 1138 1824 se-

262 1851 380 1886 cundae
402 1847 544 1892 Belgicae
569 1844 675 1877 Proto
693 1841 874 1875 Thronurn
897 1866 908 1882 ‚
945 1842 979 1874 δε
1000 1841 1140 1884 reliquos

264 1896 576 1944 Comprovinciales
597 1892 754 1936 Collegas
768 1890 808 1924 de
834 1901 903 1924 tam
916 1892 1138 1934 praesumptuo-

265 1953 304 1987 so
328 1951 361 1986 &
382 1945 505 1984 stolido
530 1954 629 1989 opere
651 1943 683 1977 se
707 1951 866 1986 expurgat
891 1965 902 1980 ‚
938 1939 1139 1984 spondetque

265 2010 450 2045 numquam
471 1991 628 2031 attentare
642 2019 649 2026 .
675 1992 720 2027 Et
731 1990 1137 2025 WillibertiCatalaunen-

263 2052 305 2085 fis
324 2050 538 2087 elestionem,
564 2043 653 2088 quod
678 2043 743 2075 fine
764 2041 941 2075 Visitatore
965 2041 1072 2075 suiffet
1095 2051 1137 2074 at·

264 2110 414 2140 tentata,
439 2094 570 2132 cassavit
591 2093 678 2127 idem
703 2092 920 2125 Hincmarus.
949 2090 1050 2136 Qod
1077 2090 1136 2124 Re·

262 2152 352 2196 giam
373 2146 518 2193 eligendi
542 2143 708 2178 licentiam
728 2140 829 2176 Clero
849 2140 1024 2183 &Populo
1037 2140 1134 2174 defer-

260 2213 296 2235 re
317 2200 473 2234 Visitator
491 2195 591 2230 etiam
614 2192 783 2230 debuerit,
810 2189 935 2225 ibidem
956 2190 1055 2224 docet
1075 2191 1135 2224 for-

258 2249 373 2290 mula,
397 2259 461 2292 qua
483 2246 511 2279 is
532 2242 656 2279 solebat
675 2242 762 2285 ipsos
782 2240 822 2274 ad
844 2238 928 2274 reste
947 2239 1135 2284 eligendum

259 2299 441 2336 adhortari.
469 2291 616 2329 Proinde
632 2291 754 2326 varium
770 2315 781 2330 ,
806 2302 844 2324 ac
859 2290 988 2334 penitus
1001 2293 1133 2325 neceffa·

259 2352 345 2386 rium
366 2349 429 2383 fuit
450 2346 515 2381 boc
537 2345 571 2378 in
592 2354 689 2386 opere
712 2340 899 2375 Vifitatoris
920 2339 1085 2374 officium.

310 2400 442 2447 Qinta
449 2392 580 2441 quaestio
592 2393 636 2427 est
649 2415 660 2431 ‚
686 2391 742 2426 An
756 2390 912 2425 Visitator
924 2389 1071 2425 habuerit
1083 2390 1131 2425 ali·

260 2451 351 2497 quod
378 2448 426 2482 sui
452 2445 570 2481 laboris
599 2442 821 2486 stipendium?
851 2440 989 2475 Videtur
1002 2441 1154 2485 aliquod·

262 2503 345 2536 olim
356 2498 500 2533 habuisse
509 2521 518 2536 ,
532 2503 564 2528 at
576 2492 684 2538 postea
694 2503 747 2535 per
759 2492 925 2536 Magnum
936 2491 1132 2536 Gregorium

260 2554 296 2586 in
320 2548 436 2585 litteris
461 2546 502 2581 ad
529 2546 682 2580 Sanffiium
705 2543 949 2576 Maximianum
972 2542 1133 2585 Syracusae

261 2602 461 2646 Episcopum
484 2595 579 2630 fuisse
598 2591 741 2627 ablatum
753 2605 766 2624 :
790 2597 854 2625 Nec
868 2591 940 2633 ficut
961 2594 1051 2624 antea
1067 2591 1131 2634 fieri

259 2651 411 2686 dicebatur
424 2671 435 2687 ‚
458 2644 568 2690 species
579 2643 717 2686 quaedam
736 2651 789 2674 aut
811 2643 899 2675 aliud
923 2642 1070 2683 quodlibet
1096 2644 1129 2676 de
1147 2680 1149 2682 ι

258 2703 343 2736 rebus
357 2696 491 2740 Eccltfiae
503 2720 515 2737 ‚
540 2691 626 2738 quafi
624 2701 681 2735 pro
682 2691 822 2733 faciendi
840 2696 1011 2725 Inventam
1031 2692 1131 2727 labore

257 2754 378 2788 tollatur
389 2774 397 2781 .
424 2751 470 2782 sic
480 2756 606 2787 namque
616 2754 652 2777 ea
661 2767 673 2784 ‚
698 2753 767 2784 quae
779 2743 826 2775 ad
842 2747 1035 2775 munitionem
1052 2751 1129 2784 pau-

252 2812 361 2847 perum
374 2798 537 2843 facultatis
559 2800 717 2837 pertinent
737 2817 747 2832 ,
773 2791 971 2832 desideramus
996 2793 1128 2834 expleri,

256 2864 288 2887 ut
310 2851 392 2885 nulla
403 2854 522 2892 penitus
534 2852 566 2879 in
577 2843 661 2878 rebus
671 2854 767 2876 eorum
789 2841 943 2883 ambitiosis
963 2840 1126 2877 bominibus

256 2903 432 2937 venalitatis
443 2899 631 2939 relinquatur
639 2890 756 2933 occaffo.
788 2891 983 2935 Respondeo
1004 2891 1126 2938 Grego.

256 2954 341 2987 rium
354 2947 505 2984 adversus
514 2947 620 2982 solum
634 2943 815 2979 Inventarii
825 2943 1042 2977 confectorem
1055 2943 1127 2989 Epi.

256 3004 390 3044 scopum
417 2997 507 3041 loqui
518 3021 529 3036 ,
555 3007 624 3030 non
651 2993 804 3028 adversus
831 2992 1039 3026 Visitatorem
1051 3016 1061 3033 ‚
1087 2994 1127 3029 de

257 3063 325 3095 quo
334 3048 442 3084 statim
456 3045 564 3081 subdit
576 3057 585 3078 x
612 3043 780 3087 Visi'tatores
792 3040 983 3083 Ecclefiarum
994 3066 1005 3083 ,
1031 3044 1123 3077 clm.

257 3108 339 3145 eique
349 3108 446 3133 eorum
455 3121 466 3138 ‚
481 3101 530 3139 qui
537 3106 600 3129 cum
607 3094 674 3136 ith‘s
679 3102 737 3136 per
748 3104 806 3127 non
810 3091 875 3136 suae
887 3097 1023 3125 civitatis
1039 3095 1125 3127 Paro-

256 3152 340 3188 cbias
348 3148 518 3192 fatigantur
527 3170 538 3186 ‚
556 3144 677 3187 aliquod
683 3143 793 3177 laboris
802 3141 852 3186 sui
862 3168 872 3183 ‚
891 3150 920 3176 te
931 3139 1100 3185 disponente
1113 3169 1123 3186 ,

255 3209 379 3246 capiant
385 3195 542 3241 subfidium
552 3219 560 3226 .
579 3192 705 3238 Justum
715 3205 842 3235 namque
852 3191 890 3231 est
901 3217 912 3232 ‚
939 3201 972 3225 ut
985 3193 1045 3225 illic
1061 3205 1123 3227 con-

250 3256 416 3300 sequantur
422 3246 602 3289 stipendium
611 3266 624 3283 ‚
646 3242 694 3276 ubi
700 3251 757 3285 pro
764 3251 893 3285 tempore
900 3241 991 3285 suum
1009 3253 1122 3277 commo-

252 3304 328 3338 dare
337 3303 519 3342 reperiuntur
530 3292 691 3337 obsequium
700 3317 708 3326 .
736 3294 963 3327 Maximianus
976 3303 1042 3327 erat
1052 3293 1120 3328 Me-

252 3349 458 3396 tropoliticus
469 3344 622 3390 Gregorii
633 3354 689 3386 per
699 3342 843 3377 Siciliam
854 3342 1005 3376 Vicarius
1014 3366 1024 3382 ,
1035 3343 1120 3378 ideo-

254 3413 316 3447 que
327 3412 381 3446 per
392 3399 496 3444 ipsum
509 3394 614 3431 voluit
626 3390 822 3438 stipendium
835 3392 955 3428 taxari.
985 3391 1028 3428 Et
1045 3392 1119 3429 hinc

1932 123 2025 167 223

1220 187 1308 221 vides
1319 188 1412 222 istam
1426 189 1631 222 taxationem
1643 193 1789 234 spectam-
1801 191 1841 227 ad
1864 192 2096 236 Metropolita-

1222 250 1318 272 num.
1349 239 1391 271 Et
1403 239 1442 272 ad
1456 238 1606 272 Leonem
1616 239 1752 275 Corficae
1766 242 1963 286 Episcopum
1980 268 1990 282 ,
2017 242 2096 276 Ale-

1220 289 1327 322 rienfis
1340 289 1486 322 Ecclesiae
1499 288 1707 322 Vifitatotem
1719 313 1732 329 ‚
1753 292 1858 324 scribit
1873 292 1957 326 idem
1969 294 2096 337 Grego-

1220 341 1284 374 rius
1295 353 1305 372 .·
1333 339 1458 372 eunetis
1471 337 1605 380 Ecclefiae
1616 339 1701 372 rebus
1713 346 1747 371 ut
1751 348 1904 380 proprium
1917 343 2094 376 te-volumus
2111 344 2140 374 L.
2172 354 2196 374 ι.
2231 346 2265 375 Ε-

1217 395 1262 423 uti
1274 390 1445 432 Pontificem
1458 414 1465 421 .
1489 389 1541 422 llli
1554 389 1690 433 assignat
1711 400 1832 422 omnesv
1851 390 2005 436 Episcopi·
2023 404 2096 436 pro--
2110 381 2173 423 Plst-
2195 389 2241 418 76-

1219 450 1353 474 ventus.
1381 440 1483 487 Qod
1498 440 1722 483 nempeinops
1742 440 1818 472 esset
1831 439 1966 474 Ecclesia
1992 443 2025 475 &
2039 442 2093 477 de-

1219 491 1319 524 solata
1341 516 1348 523 .
1371 490 1474 536 Qod
1488 491 1591 533 ipsum
1603 490 1718 532 repetit
1730 489 1763 522 in
1778 488 1892 523 litteris
1903 490 1941 522 ad
1953 491 2091 532 ejusdem

1222 541 1369 574 Eceiefiae
1394 541 1529 573 Clerum
1557 541 1591 573 ἀ
1618 539 1782 584 Populum
1803 563 1815 579 ,
1842 550 1961 583 rogans
1982 542 2091 574 Leoni
2108 543 2161 577 ΕΡ·
2181 549 2230 576 79·

1220 591 1346 624 nullum
1360 589 1464 624 bacin
1480 602 1511 624 re
1523 591 1690 632 interponi
1708 590 1838 625 obicem
1852 615 1859 623 .
1887 589 1929 623 Et
1941 601 2000 632 pro
2011 589 2093 624 Pau-

1218 641 1253 674 lo
1266 641 1490 684 Neapolitanae
1504 640 1653 674 Ecclefiae
1664 640 1842 677 Visitatore
1855 639 1963 675 scribit
1980 639 2021 674 ad
2035 639 2093 674 Pe-

1216 700 1299 724 trum
1313 692 1403 724 suum
1414 690 1659 725 subdiaconum
1674 714 1684 730 ‚
1710 689 1939 733 Apostolici-in
1952 690 2093 734 Campa·
2109 698 2141 725 i..
2171 708 2197 726 2.
2223 697 2265 727 in-

1219 741 1271 774 nia
1285 741 1481 775 patrimonii
1498 742 1689 775 Restorem:
1717 740 1811 773 Paulo
1814 739 1916 781 fratri
1933 741 1967 774 (tt
1988 745 2093 782 Coepi·
2107 735 2175 766 dist.
2205 746 2247 766 ¹¹·

1212 788 1298 834 scopo
1309 790 1401 830 nostro
1410 799 1528 826 centum·
1544 790 1676 833 solidos,
1706 791 1740 824 (5
1761 802 1854 824 unum
1866 791 2026 832 puerulum
2047 799 2092 823 or·
2109 777 2159 815 Ep·
2181 786 2228 813 35·

1212 841 1348 882 phanum
1362 865 1373 881 ,
1398 853 1484 883 quem
1495 840 1556 884 ipse
1566 843 1684 885 elegerit
1696 865 1708 882 ,
1729 849 1790 883 pro
1801 840 1899 874 labore
1904 839 1959 883 suo
1982 842 2020 873 de
2039 852 2089 874 ea·

1216 892 1283 923 dem
1297 891 1421 932 Ecclesia
1424 891 1528 933 factas
1541 893 1628 925 dari.
1655 892 1699 925 Et
1719 891 1759 925 ad
1781 890 1960 925 Leontium
1984 890 2089 924 Urbi-

1216 952 1329 974 natem
1354 941 1553 985 Episcopum
1574 967 1585 983 ,
1622 940 1839 976 Ariminenfis
1859 940 2009 975 Ecclefiae
2030 952 2088 983 pro

1216 991 1368 1024 Castorio
1390 991 1553 1035 Episcopo
1575 991 1708 1025 infirmo
1735 992 1964 1025 Vilitatorem:
1991 991 2092 1034 ‚Quid-

1215 1042 1289 1083 quid
1298 1040 1486 1073 dereditibus
1501 1041 1634 1083 Ecclesi‘ae
1655 1043 1798 1085 accesserit
1814 1066 1824 1082 ,
1852 1052 1980 1083 quatuor
1993 1043 2088 1081 juxta

1214 1089 1445 1133 consuetudinem
1457 1099 1566 1132 oportet
1576 1092 1644 1133 fieri
1661 1098 1831 1133 portiones.
1860 1096 1959 1124 Unam
1973 1089 2083 1134 scilicet

1215 1153 1281 1184 quae
1293 1140 1550 1182 Cleropraebenda
1564 1140 1624 1183 stt,
1651 1142 1771 1184 aliaque
1794 1153 1862 1184 quae
1882 1141 2087 1183 pauperibus.

1217 1196 1261 1224 De
1270 1193 1391 1233 reliquis
1418 1200 1518 1223 autem
1539 1190 1656 1224 duabus
1677 1191 1819 1233 partibus
1843 1201 1903 1224 tres
1920 1192 1988 1234 fieri
2009 1192 2090 1225 volu·

1215 1253 1278 1274 mus
1300 1266 1307 1273 .
1334 1245 1429 1273 Unam
1440 1239 1534 1283 sartis
1561 1241 1645 1274 tedis
1666 1240 1860 1282 profuturam
1880 1265 1892 1282 ‚
1918 1242 2011 1274 aliam
2032 1250 2089 1284 pro

1210 1291 1422 1334 sustentatione
1439 1289 1494 1334 fica
1505 1289 1635 1330 castorio
1645 1289 1797 1334 Episcopo
1817 1292 2023 1335 dirigendam,
2047 1303 2090 1325 re-

1212 1343 1326 1383 liquam
1352 1341 1472 1374 tibimet
1493 1343 1687 1374 retinendam
1705 1367 1717 1375 ,
1752 1341 1860 1389 Qod
1878 1341 1998 1386 nempe
2023 1341 2090 1376 sola

1214 1391 1413 1434 Episcopalis
1432 1402 1545 1432 quarta
1568 1391 1699 1426 duobus
1725 1403 1798 1426 non
1821 1391 1980 1427 sufficeret
2002 1416 2010 1425 .
2046 1391 2092 1424 Et

1212 1441 1363 1485 adjungit
1388 1442 1547 1474 Pontifex
1561 1456 1572 1475 .·
1599 1446 1806 1483 Comperimus
1821 1443 1940 1485 aliquid
1961 1453 2091 1476 annonae

1211 1500 1241 1525 te
1265 1494 1300 1524 de
1317 1491 1438 1533 publico
1453 1489 1589 1534 consequi
1609 1516 1619 1532 ‚
1656 1493 1691 1525 Θ·
1714 1490 1769 1524 hac
1793 1503 1830 1525 ex
1851 1503 1883 1526 re
1910 1493 2092 1526 verecundia

1211 1546 1362 1584 comprimi
1385 1566 1396 1582 ,
1421 1551 1511 1584 atque
1532 1547 1566 1574 in
1586 1540 1676 1583 caufis
1697 1538 1832 1584 Ecclefiae
1856 1542 1909 1576 vel
1933 1541 2093 1584 defensione

1205 1600 1374 1633 pauperum
1387 1615 1397 1631 ,
1422 1600 1455 1624 ut
1465 1597 1616 1635 congruit,
1642 1603 1700 1625 uon
1710 1593 1763 1636 effe
1773 1593 1913 1634 efficacem
1931 1617 1939 1626 .
1970 1596 2095 1635 Propte-

1209 1644 1260 1673 rea
1272 1640 1473 1680 abstinendum
1487 1642 1524 1681 est
1537 1642 1576 1674 ab
1589 1641 1640 1675 boc
1649 1644 1731 1684 quod
1742 1644 1952 1676 verecundiam
1963 1648 2070 1676 incutit
2080 1668 2092 1683 ,

1210 1693 1244 1724 (9‘
1249 1691 1430 1732 stipendiis,
1457 1702 1527 1733 quae
1553 1692 1596 1724 ab·
1615 1692 1740 1734 Ecclesia
1767 1691 1947 1735 consequeris
1962 1718 1972 1734 ‚
2000 1694 2092 1726 debes

1208 1741 1259 1784 esse
1268 1749 1420 1774 contentus
1429 1765 1437 1772 .
1465 1740 1570 1774 Addit
1582 1741 1688 1775 minas
1704 1743 1738 1775 in
1751 1740 1848 1784 hujus
1860 1742 2004 1776 mandati
2019 1754 2093 1785 prae-

1208 1790 1442 1826 varicationem
1456 1815 1466 1823 .
1490 1791 1836 1836 Multorumindigam
1849 1792 1991 1826 Castorii
2004 1793 2092 1827 infir-

1207 1841 1355 1876 mitatem
1369 1843 1535 1875 miseratus
1548 1840 1767 1876 Ariminenfis
1777 1842 1916 1876 Senatus
1931 1843 2090 1877 Vifitato-

1205 1892 1231 1924 ri
1245 1891 1447 1935 stipendium·
1473 1891 1515 1925 de
1537 1891 1676 1935 publico
1692 1892 1902 1935 adscripscrat
1920 1905 1928 1925 ι
1959 1893 2088 1928 Verum

1205 1941 1250 1975 ob
1261 1940 1411 1976 adductas
1423 1941 1567 1976 rationes
1578 1941 1736 1977 Pontifex
1758 1942 1922 1986 judicavit*
1938 1954 2007 1977 non
2030 1955 2088 1979 ex-

1205 1992 1315 2035 pedire
1327 2017 1334 2024 .
1354 1993 1397 2026 Et
1408 1991 1448 2026 de
1462 2002 1595 2026 vacante
1606 1992 1796 2027 Salonitana
1808 1994 1950 2028 Ecclesia
1963 1994 2089 2037 scripsit

1203 2043 1243 2076 ad
1266 2043 1455 2076 Antonium
1481 2043 1573 2076 suum
1589 2043 1839 2078 Subdiaconum
1853 2068 1864 2084 ,
1892 2043 2087 2087 Apostolici.

1203 2092 1237 2125 in
1262 2091 1430 2125 Dalmatia
1456 2091 1653 2126 Patrimonii
1679 2093 1854 2127 Rectorem
1878 2107 1886 2126 :
1912 2094 2089 2138 Expensa*

1201 2152 1269 2183 quae
1282 2142 1434 2184 necessaria
1437 2141 1556 2183 fuerit,
1579 2150 1637 2183 per
1659 2142 1869 2183 OEconomum,
1897 2150 1949 2185 qui
1972 2154 2083 2187 tempo·
2126 2173 2133 2181 Ὗ
2217 2178 2224 2185 ,

1182 2176 1233 2241 {re
1253 2198 1357 2224 mortis
1379 2190 1521 2235 Episcopi
1542 2198 1681 2224 inventus
1702 2192 1740 2233 est
1754 2217 1764 2233 ,
1790 2202 1945 2236 erogetur,
1974 2205 2081 2238 quate·
2096 2174 2202 2245 &aa
2216 2188 2261 2210 ἠ’

1181 2244 1184 2271 ἵ
1202 2253 1259 2274 nus
1269 2247 1399 2275 rationes
1404 2241 1474 2284 suas
1478 2241 1586 2283 futuro
1607 2240 1754 2285 Episcopo.
1772 2251 1923 2284 exponat.
1956 2246 2080 2280 Vifita-
2096 2235 2165 2292 Ep..
2181 2229 2238 2287 22:q

1181 2290 1451 2335 {torisimpensas
1474 2293 1545 2325 vult
1567 2303 1608 2326 ex
1632 2293 1699 2326 sola
1713 2317 1727 2332 ‚
1749 2291 1832 2326 dum
1854 2293 1990 2338 quidem
2014 2298 2080 2331 suf-

1199 2342 1331 2383 fecerit,
1360 2342 1514 2385 Episcopi
1540 2341 1692 2384 portione
1712 2342 1944 2378 desumendas.
1972 2346 2077 2390 Cujus

1199 2392 1332 2437 Regulae
1343 2402 1472 2426 tenaces
1481 2391 1565 2426 adeo
1573 2394 1701 2427 fuerunt
1714 2392 1924 2428 Cathedrales
1934 2396 2079 2433 Cantua·

1198 2442 1308 2476 rienfis
1322 2442 1467 2476 Ecclesia:
1476 2442 1637 2477 Monachi
1651 2468 1662 2484 ,
1683 2453 1720 2477 ut
1733 2444 1791 2478 suo
1802 2443 1972 2481 visitatori
1996 2447 2079 2489 Rof-

1197 2492 1274 2526 fensi
1301 2494 1464 2536 Episcopo
1491 2503 1551 2527 nec
1575 2491 1753 2536 hospitium
1775 2493 1937 2531 vol'ueri'nt
1960 2509 2076 2534 conce-

1196 2542 1290 2577 dere.
1317 2543 1367 2577 lra
1392 2543 1483 2586 supra
1507 2541 1688 2578 audivimus
1709 2543 1750 2580 ab
1770 2544 1964 2582 authenticis
1987 2551 2074 2585 testi-

1195 2592 1254 2627 bus
1275 2620 1282 2627 .
1312 2594 1428 2640 Qem
1449 2604 1583 2628 omnem
1606 2606 1731 2629 morem
1757 2596 1894 2640 viguisse
1915 2599 2013 2634 etiam
2035 2601 2071 2636 in

1195 2643 1325 2683 Gallia,
1353 2644 1451 2678 docet
1474 2642 1612 2679 secunda
1633 2645 1874 2682 Aurelianensis
1898 2648 2075 2692 Synodus:

1195 2691 1359 2736 Episcopus
1385 2718 1399 2734 ,
1433 2699 1483 2736 qui
1520 2693 1694 2735 defunaum
1730 2698 1892 2731 advenerit
1923 2698 2070 2742 sepelire,
2087 2718 2151 2749 Can
2187 2728 2203 2755 5

1190 2752 1301 2785 praeter
1324 2742 1489 2787 expensamv
1505 2745 1692 2788 neceffariam
1716 2747 1796 2780 nibil
1811 2756 1869 2790 pro
1883 2748 2070 2794 fatigarunt
2153 2740 2160 2749 ⁸
2206 2740 2214 2749 ⁵

1192 2793 1325 2837 deposcat
1345 2819 1353 2828 .
1400 2795 1444 2829 Et
1470 2794 1614 2837 ejusdem
1646 2796 1712 2830 loci
1742 2798 1859 2842 quinta
1895 2799 2068 2843 synodus:

1193 2843 1327 2886 Vtfitator
1350 2844 1428 2877 nibil
1447 2846 1490 2878 de·
1510 2845 1599 2878 rebus
1622 2846 1759 2889 Ecclefiae
1774 2856 1890 2891 praeter
1901 2849 2071 2885 humanita-

1190 2903 1249 2927 tem
1275 2919 1285 2934 ,
1316 2896 1369 2928 seu
1393 2894 1603 2929 rationabiles
1626 2897 1790 2941 impensas
1808 2922 1824 2939 ,
1837 2899 2006 2943 praesumat
2018 2913 2074 2935 au-

1205 2955 1284 2977 erre.
1312 2943 1374 2980 Per
1389 2956 1436 2979 res
1449 2945 1603 2980 Ecciefiae
1615 2946 1772 2993 intelligit
1785 2949 1974 2993 portionem
1992 2952 2073 2996 Epi·
2087 2949 2160 2981 Can.
2182 2955 2212 2983 t.

1191 2994 1371 3037 scopalem.
1852 3021 1855 3024 -

1239 3045 1387 3092 Qaestio
1399 3047 1488 3081 sexta
1507 3045 1577 3088 est,
1603 3046 1634 3082 A
1656 3060 1726 3093 quo
1750 3048 1907 3084 visitator
1932 3049 1970 3085 fit
1990 3049 2068 3086 dan-

1190 3094 1248 3129 dus
1262 3096 1278 3126 ?
1300 3096 1477 3131 Facundus
1499 3097 1742 3132 Hermianensis
1767 3099 1945 3142 Episcopus
1967 3102 2069 3137 credi·

1189 3144 1237 3179 dit
1247 3145 1324 3190 eligi
1337 3147 1424 3189 posse
1435 3146 1552 3191 abipsa
1567 3158 1703 3182 vacante
1717 3149 1874 3182 Ecclesia.
1898 3149 1931 3183 A
1946 3161 2066 3186 vacan-

1189 3206 1221 3229 te
1246 3195 1456 3231 Nazianzena
1487 3197 1624 3231 Ecclesia
1646 3221 1656 3237 ‚
1676 3209 1714 3232 ac
1735 3197 1803 3241 ejus
1824 3198 1908 3232 olim
1928 3199 2066 3237 Vicario

1190 3247 1306 3280 Sansto
1323 3245 1487 3291 Gregorio
1498 3247 1661 3281 existimat
1671 3247 1767 3282 fuisse
1786 3247 1926 3283 elestum
1947 3249 2068 3287 Theo-

1192 3295 1310 3330 dorum
1336 3295 1536 3339 Episcopum
1557 3296 1848 3341 Mopsuestenum:
1871 3300 1950 3333 Cum
1969 3312 2061 3336 aetate
2082 3293 2151 3326 1⁹⁷·
2165 3299 2192 3321 ⁰·
2210 3299 2238 3328 ⁷·

1189 3345 1333 3387 confet‘lus
1350 3348 1464 3379 Beatus
1477 3350 1632 3389 Gregorius
1643 3349 1731 3392 longa
1755 3359 1868 3391 quoque
1885 3354 2068 3394 aegritudine

1189 3396 1355 3437 laboraret,
1377 3397 1410 3432 &¹
1423 3396 1456 3430 ob
1468 3394 1734 3441 horsi-causaretur
1752 3409 1824 3433 onus
1847 3398 1979 3441 Ecclefiae
1997 3401 2062 3443 sue

1932 3448 2014 3490 ferre

2107 973 2134 1001 L.
2162 982 2191 1010 4.
2227 974 2264 1004 E·

2104 1012 2167 1050 Pist.
2194 1022 2244 1049 4²·
