2352 3756
899 144 1410 190 INDEX.

274 234 338 267 lam
363 233 519 266 Romanae
544 228 693 262 Ecclesiae
715 226 805 262 dedit
828 229 908 272 Imp.
932 226 1122 262 Ludovicus

274 282 370 316 Pius.
390 291 465 328 139.
484 293 512 317 1.
531 277 708 323 Rogerioa
722 279 826 313 fausta
840 279 923 312 Sede
936 280 969 312 in
983 277 1118 312 feudum

272 333 438 367 concessa.
472 338 588 377 13922.
617 330 707 363 Cum
733 331 838 363 saneta
858 327 940 363 Sede
961 339 1029 362 non
1048 328 1120 361 satis

273 382 406 427 pacifica
417 407 424 414 .
1000 387 1075 424 140.
1092 389 1119 412 1-

224 433 402 478 Sigefridus
418 429 697 473 Archiepiscopus
709 427 970 474 Moguntinus’a
994 428 1119 472 Grego-

271 484 324 518 rio
347 481 423 517 Vll.
449 480 773 514 excommunicatur.
800 477 855 526 78.
883 489 914 513 2.
942 477 997 512 Ad
1010 477 1118 511 melio-

271 544 342 567 rem
369 541 513 566 mentem
525 528 674 564 redustus
687 527 901 572 Rudolphum
913 529 1036 563 Sueviae
1049 527 1120 560 Du-

270 594 341 617 cem
367 583 402 616 in
425 581 538 615 locum
562 580 701 614 Henrici
715 580 817 623 Regis
834 578 954 623 ungit,
979 579 1119 612 &coro-

271 642 348 667 nat.
1014 637 1068 674 50.
1084 637 1115 660 2-

221 684 357 719 Simeon
369 680 644 726 Archiepiscopus
665 678 962 713 Thessalonicensis
977 702 988 717 ‚
1016 688 1119 721 quan-

271 733 318 768 do
340 733 482 767 vixerit?
509 743 564 768 22.
595 743 625 767 1.
654 730 734 773 Ejus
757 729 797 764 de
821 729 1007 763 investitura
1033 728 1115 759 laica

272 783 434 817 sententia
449 807 455 814 .
1034 776 1114 810 ibid.

218 832 354 867 Simeon
376 829 562 866 Patriarcha
576 828 969 870 constantinopolitanus
992 827 1114 870 primus

267 893 381 917 aurum
394 893 454 925 pro
475 879 697 914 patriarchatu
721 878 841 910 Turcae
863 877 1006 910 obtulit.
1039 889 1067 923 5.
1082 889 1112 912 2.

265 932 325 967 Ab
346 931 415 975 ipso
435 929 630 965 Mahomete
652 927 687 959 in
712 925 776 960 hoc
790 925 930 960 derisus.
958 925 1035 960 ibid.
1054 926 1113 960 Pa-

267 980 448 1017 triarchatu
470 979 621 1018 exuitur,
647 977 681 1010 &
705 979 816 1020 postea
840 975 1015 1011 simoniace
1026 977 1112 1011 resti-

267 1033 390 1066 tuitur.
1033 1026 1065 1063 6.
1085 1038 1111 1063 1-

218 1081 335 1116 Simon
360 1080 483 1124 Magus
503 1077 594 1121 juxta
615 1076 793 1114 Irenaeum,
817 1088 888 1110 non
909 1076 1023 1111 divina
1044 1078 1113 1121 Spi-

265 1132 346 1165 ritus
374 1130 480 1164 Sancti
506 1127 719 1168 charismata,
748 1127 801 1161 sed
823 1128 877 1161 sua
890 1128 1110 1171 potentiorem

265 1180 411 1224 magiam
424 1190 532 1214 emere
546 1177 673 1212 voluit.
981 1187 1056 1223 194.
1080 1190 1108 1214 2-

217 1231 367 1265 Simonia
390 1230 424 1263 in
445 1227 626 1263 collatione
652 1227 807 1260 ordinum
829 1250 839 1266 ‚
864 1237 902 1261 ac
930 1227 1108 1271 promotio·

265 1291 309 1315 ne
329 1279 370 1314 ad
394 1278 552 1315 beneficia
573 1276 797 1312 Ecclesiastica
809 1278 1003 1312 damnatur.
1032 1289 1062 1314 2.
1079 1289 1108 1313 1.

264 1331 297 1364 δε
322 1331 405 1375 seqq.

215 1380 365 1415 Simonia
391 1379 437 1414 est
466 1404 478 1420 ‚
517 1390 586 1413 non
615 1388 745 1412 tantum
771 1377 919 1412 officium
944 1402 954 1418 ‚
994 1377 1050 1412 sed
1077 1379 1109 1415 ἂ

263 1429 463 1465 beneficium
496 1428 761 1463 Ecclesiasticum
799 1428 940 1462 vendere
965 1454 972 1460 .
1017 1440 1048 1464 2·
1080 1439 1107 1464 1.

262 1480 335 1528 Q
356 1481 494 1515 alterurn
516 1480 597 1513 emit
619 1504 631 1521 ‚
659 1489 812 1512 neutrum
838 1478 986 1521 ineptum
1014 1478 1108 1511 relin-

262 1532 352 1574 quit.
385 1530 462 1564 ibid.
488 1529 638 1565 Simonia
663 1540 704 1562 an
735 1528 963 1562 committatur
984 1551 995 1568 ‚
1020 1527 1043 1560 fi
1069 1528 1107 1561 ad

260 1591 455 1615 communes
479 1579 662 1623 reipublicae
695 1578 898 1612 necessitates
920 1603 929 1619 ,
956 1589 1012 1612 aut
1038 1579 1108 1621 pias

259 1629 410 1664 Ecclefiae
435 1630 546 1665 causas
568 1630 609 1663 ab
631 1627 825 1663 ordinandis
849 1628 975 1672 aliquid
998 1628 1107 1673 exiga-

258 1680 335 1711 tur?
1020 1690 1051 1714 2·
1076 1690 1106 1714 2·

210 1726 361 1761 Simonia
384 1727 429 1761 est
444 1752 454 1767 ,
482 1726 671 1761 Christiano
695 1726 869 1771 principi,
896 1728 989 1761 aliter
1012 1727 1109 1759 Anti·

259 1776 366 1812 stitem
381 1778 552 1811 nominare
564 1801 574 1816 ‚
600 1787 657 1810 aut
670 1776 822 1809 Elestum
842 1778 1036 1810 confirmare
1050 1785 1105 1807 no-

259 1827 363 1867 lenti,
390 1828 540 1861 exaClum
567 1827 705 1870 pretium
728 1825 854 1860 solvere
868 1849 880 1864 ‚
902 1826 959 1859 nifi
973 1825 1103 1858 excuset

258 1888 404 1912 extrema
419 1877 609 1912 necessitas,
865 1887 896 1922 9.
909 1887 944 1911 2.
972 1884 1014 1909 10.
1034 1886 1058 1910 1·
1074 1886 1104 1909 2.

208 1925 356 1960 Simonia
378 1938 446 1960 non
467 1924 689 1960 committitur
717 1947 728 1963 ,
753 1925 775 1956 si
804 1925 928 1957 Turcis
956 1925 1104 1957 exactum

257 1987 315 2018 pro
329 1975 553 2009 patriarchatu
569 1974 708 2016 pretium
734 1972 878 2006 solvatur
896 1999 905 2005 .
1032 1970 1059 2008 8.
1071 1981 1103 2005 2.

208 2024 357 2059 simonia
368 2025 412 2059 est
426 2024 467 2058 ab
479 2021 637 2057 haeteticis
650 2020 808 2054 beneficia
818 2022 953 2055 mercari
972 2046 980 2054 .
1030 2033 1058 2069 9.
1072 2030 1103 2054 2.

209 2075 360 2110 Simonia
390 2075 435 2108 est
455 2074 555 2108 etiam
585 2070 657 2117 post
683 2072 929 2113 promotionem
954 2074 1103 2106 exactum

258 2125 398 2167 pretium
419 2124 561 2158 solvere.
594 2133 645 2158 10-
676 2133 704 2157 1·
734 2120 817 2155 Non
844 2121 890 2155 est
917 2132 1029 2155 tamen
1046 2146 1056 2161 ,
1083 2123 1103 2155 si

259 2173 338 2217 quid
361 2174 502 2209 solvatur
524 2171 565 2207 ad
575 2171 799 2207 redimendam
814 2181 945 2204 vexam.
1008 2181 1058 2207 10.
1073 2184 1103 2208 2.

210 2223 361 2260 Simonia
382 2223 638 2259 Catholicorum
662 2221 704 2255 ab
723 2221 795 2265 ipsis
806 2221 931 2255 Turcis
945 2222 1078 2265 explosa
1096 2246 1103 2253 .

259 2286 288 2320 ς.
312 2285 338 2309 1.
366 2287 399 2312 2.
438 2276 442 2281 '

210 2325 359 2359 Simonia
370 2326 502 2369 Regum
515 2325 733 2358 Francorum.
1013 2332 1047 2367 4.
1073 2333 1117 2357 1..

210 2374 358 2410 Simonia
377 2374 423 2409 est
448 2374 606 2408 Ecclefias
631 2373 789 2413 vendere,
817 2381 874 2406 aut
906 2382 966 2415 pro
985 2360 1117 2405 manus*

260 2424 468 2468 impositione
481 2424 620 2467 pretium
632 2423 795 2467 accipere.
1024 2432 1052 2469 9.
1068 2433 1096 2457 2-

208 2474 357 2508 Simonia
378 2475 424 2509 est
447 2474 551 2519 eligi,
583 2472 828 2517 velpromoveri
842 2481 971 2516 propter
981 2483 1100 2505 munus

258 2524 276 2557 a
297 2535 418 2563 manu,
441 2524 483 2558 ab
504 2524 688 2567 obsequio,
713 2523 746 2556 &
770 2523 787 2555 a
811 2522 952 2565 lingua?
982 2533 1035 2567 72.
1067 2533 1098 2557 1.

257 2575 352 2623 Qid
376 2586 496 2608 munus
515 2574 533 2608 a
556 2574 693 2618 lingua?
721 2571 798 2606 ibid.
825 2571 917 2618 Qid
930 2582 1047 2606 munus
1058 2570 1098 2605 ab

256 2625 415 2667 obsequio
428 2625 445 2656 ἓ
1017 2621 1094 2656 ibid.

208 2674 355 2708 Simonia
372 2685 438 2708 non
450 2673 494 2708 est
504 2698 515 2714 ‚
541 2674 562 2707 si
575 2684 693 2718 pauper
705 2671 850 2706 Clericus
863 2682 921 2716 pro
936 2673 965 2707 se
979 2671 1094 2706 benefi-

257 2725 345 2758 cium
359 2723 618 2758 Ecclesiasticum
630 2733 715 2767 petat
729 2723 795 2756 sme
806 2733 881 2757 cura
892 2722 1074 2757 animarum
1089 2748 1095 2755 .
1116 2743 1118 2745 -

257 2775 335 2809 ibid.

209 2826 356 2859 Simonia
368 2836 437 2859 non
451 2824 495 2859 est
507 2824 574 2858 fine
595 2823 758 2867 implicito
770 2825 861 2866 pasto
875 2847 882 2856 .
985 2836 1041 2871 72.
1061 2836 1091 2861 2·

207 2875 356 2910 Simonia
376 2887 418 2909 an
440 2876 476 2909 sit
489 2875 646 2908 Decimas
657 2874 811 2908 vendere.
988 2885 1044 2920 94.
1059 2888 1090 2910 ι..

205 2927 356 2960 Simonia
377 2937 418 2959 an
442 2926 477 2959 sit
499 2933 574 2959 ante
596 2925 719 2959 sacrum
739 2923 951 2958 ministerium
965 2934 1011 2956 res
1024 2925 1091 2958 suas

256 2977 415 3019 repetere?
948 2973 1025 3021 365.
1059 2986 1084 3011 1-

204 3025 385 3063 Simoniaci
396 3036 436 3057 an
449 3033 558 3067 praeter
579 3024 782 3068 Baptismum
794 3023 901 3058 valide
909 3025 1088 3060 conficiant

253 3074 388 3119 aliquod
400 3074 645 3108 Sacramentum
656 3076 673 3107 ,ἶ
700 3071 809 3120 2841.
834 3075 917 3108 Item
931 3085 970 3108 an
985 3075 1088 3109 valide

252 3121 475 3159 ordinentur?
972 3136 1026 3171 72.
1056 3139 1086 3163 2.

202 3175 379 3213 Simoniaci
394 3173 526 3218 plurimi
550 3173 675 3217 puniti.
973 3185 1028 3221 44.
1059 3189 1086 3214 1·

202 3225 381 3264 simoniaci
404 3224 536 3258 Missam
561 3236 629 3258 non
657 3224 733 3258 licet
755 3225 888 3264 audire,
917 3236 977 3259 nec
994 3226 1087 3263 abeo

250 3274 481 3314 Poenitentiae,
508 3274 561 3307 vel
588 3273 797 3308 Eucharistiae
819 3275 1025 3308 Sacramenta
1038 3291 1087 3312 ac-

250 3328 370 3370 cipere.
408 3333 462 3370 14·
482 3336 512 3360 2·
542 3334 597 3371 73-
618 3335 644 3359 1-
676 3326 732 3358 An
749 3325 861 3360 saltem
886 3325 921 3359 in
947 3326 1088 3362 articulo

250 3376 387 3410 mortis?
987 3386 1040 3416 14,
1053 3391 1085 3415 2.

200 3427 416 3463 stationarius
428 3422 567 3468 schypus
579 3448 590 3465 ‚
617 3423 696 3467 quid
710 3425 722 3459 ἓ
973 3436 1027 3472 30.
1055 3441 1083 3466 2-

1891 169 1984 212 421

1181 227 1347 262 Stationes
1357 226 1616 264 Christianorum
1629 255 1639 271 ,
1666 232 1763 274 quam
1776 235 1937 280 antiquae?
1967 247 2016 283 30.
2034 249 2062 275 r.

1232 277 1415 320 Nunquam
1437 279 1500 310 fine
1524 279 1699 315 sacrificio.
1726 292 1781 326 30.
1798 298 1826 320 2.
1857 287 2064 322 Nocturnaea

1232 327 1396 371 Gregorio
1410 328 1458 361 M.
1473 328 1625 361 inductae.
1650 331 1728 365 ibid.
1758 333 1855 369 Varia
1870 336 2062 380 fignificatio

1234 378 1325 411 vocis
1336 380 1440 410 statio.
1458 388 1533 426 3¹·2·
1546 379 1651 412 Statio
1663 391 1728 414 erat
1745 384 1835 418 Feria
1847 388 1917 431 4&
1932 385 1962 419 6.
1984 386 2062 420 Pro-

1233 429 1369 460 trastum
1387 427 1547 470 jeJunium
1559 429 1657 471 usque
1670 428 1709 463 ad
1733 430 1844 467 horam
1857 446 1979 468 nonam
1991 459 2001 475 ,
2027 437 2061 470 δε

1234 487 1315 511 tunc
1333 477 1536 512 subsecutum
1560 478 1703 512 solemne
1726 479 1760 512 in
1786 483 1923 518 Ecclesia
1945 485 2061 519 sacrifi-

1233 527 1321 561 cium
1336 539 1389 575 32.
1406 537 1437 561 2.
1466 528 1546 562 Non
1559 529 1927 573 fuitsolumjejunium.
1954 545 2008 582 33.
2034 546 2061 570 1.

1233 577 1340 611 Statio
1361 578 1497 612 subinde
1518 590 1572 622 per
1585 579 1821 622 synecdochen
1838 594 1895 626 pro
1908 584 2063 627 solojeju-

1234 627 1291 660 nio
1304 628 1450 670 usurpata
1463 653 1470 660 .
1966 643 2017 679 33.
2030 647 2061 671 2.

1182 675 1341 719 Stephani
1354 677 1411 710 Vl.
1422 676 1462 711 de
1472 677 1680 713 Theutboldi
1690 679 2062 725 ordinationejudicium

1231 727 1419 761 discutitur.
1941 732 2016 779 363.
2030 745 2061 770 2.

1180 774 1336 818 Stephani
1359 778 1512 812 Dorensss
1537 781 1628 815 (non
1654 779 1857 823 Dorilensis)
1881 782 2062 826 Episcopia

1230 826 1260 859 S.
1275 826 1462 870 Sophronio
1477 828 1617 873 Legatio
1630 854 1637 861 .
1936 842 2012 879 370.
2027 844 2056 869 2.

1179 875 1208 908 S.
1223 876 1404 920 Stephanus
1429 878 1634 912 Auxentiani
1652 879 1685 913 in
1698 879 1857 923 Bithynia
1867 880 2061 916 Monaslerii

1229 926 1404 976 Praefeeius*
1413 928 1521 962 scribit
1532 929 1685 964 adversus
1694 929 1920 965 Iconoclastas.
1932 941 2012 969 201.
2029 943 2058 969 1·

1229 976 1308 1019 Ejus
1329 978 1410 1012 liber
1430 989 1557 1020 quantae
1585 981 1623 1014 sit
1656 979 1862 1015 authoritatis
1885 983 1898 1014 ?
1925 991 2002 1018 202·
2033 992 2061 1017 1.

1229 1026 1396 1062 Laudatur
1407 1030 1424 1063 a
1437 1030 1627 1064 Florentina
1649 1031 1806 1073 Synodo.
1983 1029 2060 1064 ibid.

1178 1076 1443 1113 Sternutantibus
1453 1091 1510 1113 cur
1525 1079 1607 1114 bene
1617 1091 1805 1124 precemur,
1829 1081 1862 1115 δε
1874 1092 1942 1124 quae
1969 1080 2061 1114 istius

1226 1127 1326 1161 moris
1337 1130 1457 1173 origo?
1932 1141 2008 1177 243·
2025 1141 2057 1166 2·

1176 1176 1266 1210 stola
1281 1177 1366 1211 idern
1378 1179 1467 1223 quod
1480 1180 1620 1213 orarium
1632 1204 1639 1211 .
1670 1189 1743 1226 197.
1760 1189 1785 1214 1.
1807 1181 1985 1224 Duplicem
1997 1180 2063 1214 sto-

1225 1226 1290 1260 lam
1313 1229 1437 1272 gestare
1451 1228 1660 1272 prohibentur
1675 1231 1816 1264 Diaconi
1829 1256 1836 1262 .
1859 1230 1937 1264 ibid.
1953 1231 2060 1263 Graeci

1225 1286 1363 1311 utuntur
1372 1279 1451 1313 stola
1465 1280 1551 1314 linea
1565 1305 1572 1312 .
1600 1278 1678 1313 ibid.
1705 1281 1798 1313 Olim
1810 1282 1910 1315 etiam
1927 1280 2062 1314 Latini.

1226 1325 1304 1360 ibid.

1175 1375 1381 1418 Stycharium
1406 1404 1417 1421 ‚
1444 1379 1532 1415 idem
1555 1380 1599 1414 est
1623 1380 1712 1423 quod
1740 1381 1825 1414 sacra
1858 1379 2063 1414 Tunicella.

1228 1437 1269 1473 19
1296 1453 1302 1459 .
1331 1441 1366 1465 2.

1173 1439 1372 1512 Subdiiconi
1395 1480 1542 1514 officium
1567 1479 1651 1524 apud
1674 1482 1804 1515 Graecos
1829 1492 1894 1516 non
1909 1481 1953 1514 est
1966 1490 2065 1514 tantae

1223 1527 1394 1571 dignitatis
1418 1554 1428 1569 ,
1455 1542 1583 1574 quantae
1613 1532 1696 1574 apud
1720 1531 1888 1565 Latinos.
1926 1542 2002 1578 353.
2034 1542 2064 1566 1-

1223 1577 1439 1612 Subdiaconis
1462 1582 1493 1613 in
1521 1580 1714 1614 Laodicenfi
1738 1583 1874 1615 vetitum
1893 1583 1977 1614 sacra
1991 1583 2065 1614 vasa

1221 1628 1435 1673 contingere.
1464 1631 1542 1664 ibid.
1571 1631 1789 1664 Subdiaconis
1817 1632 1903 1674 apud
1927 1631 2066 1664 Latinos

1223 1679 1345 1721 semper
1358 1679 1448 1714 licuit
1461 1682 1546 1714 sacra
1558 1682 1629 1714 vasa
1645 1690 1776 1725 tangere
1794 1693 1803 1722 3
1831 1681 1940 1715 verum
1965 1692 2067 1716 vacua

1221 1726 1238 1757 a
1252 1728 1434 1761 Dominico
1449 1731 1595 1772 Corpore
1607 1731 1639 1764 ὅ(
1659 1732 1827 1775 Sanguine
1840 1756 1847 1763 .
1876 1730 1957 1765 ibid.
1986 1732 2067 1765 Sub-

1220 1774 1352 1809 diaconi
1374 1777 1609 1820 Hispaniarum
1632 1781 1677 1812 usl
1715 1783 1844 1814 suerunt
1868 1782 1951 1814 stola
1975 1804 1988 1820 ,
2011 1781 2066 1815 sed

1221 1834 1335 1858 contra
1347 1836 1471 1859 morem
1484 1837 1669 1861 caeterarum
1685 1829 1904 1863 Ecclesiarum
1915 1855 1922 1861 .
1950 1841 2016 1876 197.
2036 1843 2065 1866 1.

1222 1873 1333 1908 Etiam
1355 1874 1536 1910 Tunicella
1557 1888 1674 1911 contra
1687 1889 1829 1912 veterem
1845 1879 1993 1912 Ecclesiae
2004 1880 2065 1914 La-

1220 1923 1295 1957 tinae
1308 1936 1435 1959 morem
1445 1951 1452 1959 .
1982 1931 2062 1963 ibid.

1170 1972 1307 2007 Sutrinae
1330 1975 1457 2016 Synodi
1479 1987 1593 2011 contra
1618 1978 1818 2022 Gregorium
1834 1978 2063 2022 VI.judicium

1219 2024 1595 2069 exsufflavitGregorius
1611 2027 1688 2059 Vll.
1924 2039 2001 2075 235.
2033 2042 2062 2065 Ι.

1167 2073 1366 2117 vaigderus
1401 2074 1647 2119 Bambergensis
1675 2076 1857 2119 Episcopus
1891 2078 2005 2111 electus
2026 2079 2063 2113 in

1218 2120 1340 2165 Papam
1354 2148 1363 2162 ,
1391 2123 1425 2156 δε
1437 2125 1615 2167 appellatus
1627 2124 1781 2159 Clemens
1794 2126 1834 2158 ll.
1933 2138 1976 2174 23
1984 2140 2012 2164 2.
2028 2141 2058 2166 2·

1166 2172 1318 2214 Synodus
1340 2173 1358 2205 a
1381 2173 1479 2207 Clero
1503 2175 1661 2208 Romano
1684 2186 1819 2209 vacante
1841 2175 1922 2210 Sede
1936 2188 2060 2220 tempo-

1218 2233 1295 2265 pore
1320 2223 1481 2266 Cypriani
1505 2236 1726 2268 congregata.
1748 2237 1825 2272 272.
1846 2235 1872 2259 1.
1886 2225 1921 2259 In
1936 2238 1972 2261 ea
1985 2239 2057 2270 pro—

1216 2272 1414 2306 visionaliter
1441 2274 1629 2314 decretum,
1661 2285 1695 2308 ut
1721 2276 1793 2318 lapsi
1821 2277 2054 2312 saniconstitu·

1214 2323 1343 2356 tionem
1357 2323 1433 2356 novi
1447 2324 1600 2367 Episcopi
1613 2326 1854 2368 exspectarent.
1878 2326 1989 2370 Lapsis
2000 2339 2054 2362 au·

1214 2382 1283 2406 tem
1295 2373 1327 2406 in
1345 2383 1492 2408 extremo
1518 2376 1588 2409 vitae
1602 2375 1745 2418 periculo
1755 2375 1893 2411 sollicite
1906 2376 2052 2412 subveni-

1214 2432 1267 2456 tur
1278 2447 1286 2455 .
1969 2427 2049 2462 ibid.

1165 2471 1254 2506 Vide
1267 2476 1446 2508 Concilium.

1164 2524 1326 2566 Syracusae
1338 2525 1372 2558 in
1387 2525 1605 2568 Metropolim
1624 2525 1738 2560 Siciliae
1750 2525 1766 2559 a
1779 2528 1898 2561 Graecis
1917 2529 2024 2562 ereetae
2036 2551 2044 2560 .

1213 2583 1289 2619 225.
1308 2586 1332 2610 1·
1363 2574 1418 2607 Ab
1431 2575 1626 2609 Innocentio
1641 2576 1679 2609 ll.
1698 2578 1729 2610 ὅ(
1742 2577 1895 2622 Eugenio
1909 2578 1966 2612 Ill.
1990 2589 2043 2621 po-

1211 2625 1274 2660 stea
1289 2623 1442 2666 probatur
1456 2650 1467 2665 ‚
1494 2626 1589 2660 salvis
1611 2628 1673 2660 suae
1695 2626 1866 2662 Cathedrae
1877 2627 2048 2672 Apostoli-

1211 2677 1258 2709 cis
1268 2674 1390 2717 juribus
1401 2699 1408 2706 .
1962 2679 2041 2714 ibid.

1159 2726 1343 2768 Syrmiense
1373 2724 1567 2767 Symbolum
1580 2751 1590 2768 ,
1616 2726 1753 2771 poffitne
1773 2726 1807 2760 in
1827 2730 2042 2764 commodum

1208 2777 1335 2810 sensum
1347 2774 1431 2809 trahi
1445 2776 1461 2807 ἓ
1920 2777 1995 2817 108-
2009 2792 2040 2816 z-

1585 2879 1622 2912 T

1245 2977 1404 3021 Emplarii
1431 2976 1625 3013 Christianis
1661 2979 1868 3024 Principibus
1905 2982 2037 3025 gratiffi-

1268 3030 1349 3068 mi,
1386 3040 1427 3061 ex
1466 3030 1676 3073 pauperrimis
1722 3029 1826 3064 subito
1873 3031 2037 3067 evaserunt

1201 3078 1433 3163 obprdilentiffimi
1445 3104 1453 3111 .
1468 3090 1520 3126 94.
1537 3091 1563 3115 1.
1595 3081 1697 3114 Erant
1723 3079 1869 3125 Regibus
1879 3080 2014 3116 ditiores
2027 3106 2035 3115 .

1200 3141 1209 3161 l
1237 3142 1244 3162 l
1272 3155 1278 3161 .

1149 3179 1417 3224 Templariorum
1441 3180 1525 3214 olim
1549 3182 1679 3215 fuerunt
1703 3181 1823 3224 septem
1836 3180 1938 3215 millia
1957 3193 2035 3215 con·

1201 3240 1361 3264 ventuum
1375 3256 1382 3263 .

1934 3242 1985 3277 94·
2003 3244 2031 3268 1·

1148 3280 1347 3314 Tertulliani
1373 3279 1521 3314 adversus
1547 3280 1712 3315 veritatem
1733 3280 1938 3316 Eucharistiae
1958 3281 2029 3316 loca

1195 3330 1316 3372 objecta
1330 3356 1336 3362 .
1903 3332 1977 3378 156.
1996 3342 2028 3366 2-

1146 3379 1349 3415 Tertulliani
1384 3379 1423 3414 de
1459 3379 1659 3416 Eucharistia
1698 3379 1777 3415 fides
1818 3380 2022 3415 orthodoxa.

1198 3441 1273 3479 159-
1304 3440 1329 3465 1.
1896 3479 1978 3514 Ter-
