2372 3756
119 2514 240 2547 'som-7.

126 2747 228 2785 (Σῆρα.

749 108 1557 162 DISse1t*rAT1.0‚&c.

233 195 366 232 Etenim
381 195 473 230 Deus
483 192 632 229 Verbum
644 189 689 227 est
702 191 814 236 imago
828 203 866 226 ac
886 193 990 236 figura
1015 200 1113 234 pater·

233 245 495 285 naesubstantiae‚
520 244 573 278 cui
595 254 704 278 tamen
725 242 1016 278 consubstantialis
1035 239 1082 273 est
1102 264 1114 281 ,

234 308 273 332 ac
285 295 474 331 naturaliter
485 293 728 329 identificatus.
755 292 940 335 Principale
969 303 1008 326 ac
1030 289 1114 324 vica-

235 346 321 382 rium
341 347 426 380 dixit
447 356 516 380 non
539 345 662 389 semper
681 353 796 378 natura
815 342 995 386 distingui.
1023 340 1112 374 Nam

235 398 328 432 Deus
338 396 486 432 Verbum
498 395 696 438 quandoque
705 393 806 429 etiam
825 391 932 426 Patris
956 390 1114 429 vicarius,

237 448 270 480 &
280 445 347 489 ejus
357 447 494 490 respestu
507 445 601 480 Pater
611 444 733 480 dicitur
743 441 878 486 Spiritus
899 440 1095 484 Principalis
1107 464 1114 470 .

238 496 368 532 Eodem
379 496 482 530 modo
492 495 645 530 distinxit
667 493 789 536 duplex
811 492 954 526 Domini
978 501 1111 534 corpus:

239 545 346 581 Aliud
357 545 537 580 naturalem
551 570 561 586 ,
589 543 678 579 aliud
698 542 970 577 sacramentalem
993 540 1115 575 habens

236 596 659 634 existentiam&formam.
685 591 773 626 Istud
784 592 946 633 adseruit,
971 590 1036 625 hoc
1062 602 1114 626 ne-

237 647 329 691 gavit
341 658 454 681 natum
467 646 507 680 de
528 645 688 688 Virgine,
715 653 773 677 aut
796 643 832 677 in
856 653 951 677 cruce
971 641 1114 684 passum.

239 697 374 731 Etenim
386 697 443 731 sub
455 695 527 730 talis
540 694 717 727 existentiae
727 692 830 727 modo
855 693 943 726 nasci
968 702 1037 725 non
1062 702 1117 733 po-

237 747 305 781 tuit
318 771 328 787 ‚
353 758 410 781 aut
419 746 484 790 pati
496 769 504 776 .
530 743 616 778 Illud
633 744 718 777 dixit
731 742 910 787 principale
922 766 933 781 ,
951 739 1017 775 hoc
1029 740 1117 774 illius

239 797 399 831 vicarium
419 818 431 834 ‚
467 805 504 828 ac
531 794 708 838 imaginem
732 805 739 824 ε
767 791 815 826 At
840 791 1014 826 substantia
1035 801 1118 824 eam-

240 847 316 881 dem
332 869 345 885 ,
369 846 405 879 δε
419 845 492 878 solo
508 843 610 878 modo
622 843 782 877 diversam
797 866 805 874 .
831 842 881 876 lta
900 841 931 875 se
951 839 969 873 ὲ
992 841 1116 875 Medar-

239 896 386 930 densium
405 895 571 928 calumnia
596 891 733 927 credidit
755 890 885 926 abunde
908 892 1096 934 expeditum
1111 914 1118 922 .

241 946 287 979 Et
299 945 380 979 reeie
393 945 487 979 sensit
498 970 505 978 .
532 943 580 977 At
591 943 728 987 impegit
741 942 774 976 in
788 940 874 976 banc
886 941 993 976 Sancti
1006 940 1120 985 Augu-

241 996 320 1030 stini
339 994 485 1040 regulam
510 1007 517 1026 :
544 997 619 1027 Tene
637 991 839 1036 sententiam,
860 990 919 1036 sed
936 996 1042 1035 corrige
1065 992 1119 1023 lin-

234 1057 350 1091 guam.
380 1044 590 1085 Laudatum‚
615 1055 657 1078 ex
667 1054 735 1086 quo
746 1042 839 1086 loqui
860 1041 975 1077 debuit
990 1065 1001 1082 ‚
1028 1041 1121 1084 septi-

238 1096 290 1130 mi
302 1094 455 1139 Gregorii
468 1094 647 1128 Decretum
660 1093 723 1127 fuit
735 1092 953 1137 praevaricatus
963 1116 971 1124 .

294 1145 351 1178 Ad
364 1144 447 1179 hanc
458 1144 637 1179 Heriboldi
661 1144 702 1178 de
720 1140 1016 1178 sacramentalibus
1039 1139 1121 1185 acci-

241 1193 396 1230 dentibus
407 1195 618 1239 quaestionem
630 1217 642 1234 ,
670 1198 716 1226 An
729 1194 854 1227 redeant
865 1197 897 1225 in
910 1201 1051 1225 naturam
1058 1196 1122 1233 pri-

236 1245 351 1286 stinam
364 1269 374 1286 ‚
403 1246 455 1279 seu
468 1257 510 1278 an
522 1245 610 1279 suam
623 1241 841 1282 annihilatam
857 1241 1069 1277 substantiam
1081 1252 1123 1275 re·

244 1296 389 1338 cipiant,
416 1294 573 1328 Rabanus
596 1294 681 1328 reste
703 1293 846 1337 reposuit
871 1307 881 1326 :
907 1291 1062 1334 Saperflua
1087 1289 1123 1331 est

243 1343 411 1387 hujusmodi
422 1344 554 1387 quaestio.
582 1345 627 1377 Et
648 1354 758 1378 tamen
770 1342 898 1378 addidit
909 1340 1011 1376 hocce
1033 1342 1125 1375 suum

245 1394 422 1438 judicium:
454 1396 534 1438 ‚Quae
555 1393 594 1434 est
615 1399 690 1427 ratio
714 1417 726 1434 ‚
763 1402 796 1427 ut
818 1391 869 1426 boc
890 1394 969 1434 quod
983 1390 1128 1432 stomacho

245 1446 416 1488 digeritur,
443 1446 520 1478 &in
537 1442 669 1487 seceffum
692 1448 861 1483 emittitur,
887 1442 994 1477 iterum
1013 1447 1046 1475 in
1064 1441 1126 1482 sta-

240 1494 474 1536 stumpristinum
494 1496 598 1527 redeat
611 1517 622 1533 ,
646 1494 712 1525 ciam
734 1492 834 1526 nullus
857 1491 908 1526 boc
927 1503 1058 1534 unquam
1078 1492 1131 1534 fie-

245 1551 274 1577 ri
296 1542 486 1586 adseruerit?
513 1543 626 1576 Aliam
649 1543 859 1586 quaestionem
884 1542 1050 1586 proposuit
1075 1552 1127 1576 ne-

246 1594 316 1629 scio
336 1592 408 1636 quis
429 1593 641 1631 Guntardus‚
662 1592 695 1627 &
719 1592 907 1627 Amalarius
931 1594 1128 1627 Fortunatus

246 1643 414 1687 respondit
434 1657 445 1677 .-
472 1648 545 1678 Νοη
558 1642 596 1683 est
607 1642 681 1676 mibi
691 1642 908 1686 disputandum
937 1644 978 1677 de
999 1644 1127 1685 sumpto

247 1694 267 1729 ὲ
286 1691 439 1728 fidelibus
459 1693 647 1729 Dominico
663 1704 822 1737 corpore,
846 1694 947 1726 utrum
973 1692 1121 1734 invifibili·

249 1753 295 1777 ter
315 1742 492 1787 adsumatur
511 1749 543 1777 in
563 1745 666 1778 caelum
678 1768 690 1784 ,
716 1754 756 1776 an
778 1742 945 1786 reservetur
967 1749 1130 1784 incorpore

249 1793 342 1834 nostro
367 1792 455 1836 usque
477 1799 508 1826 in
529 1795 610 1827 diem
626 1792 789 1836 sepultum
805 1818 816 1833 ‚
842 1803 895 1826 aut
916 1793 1071 1827 exhaletur
1098 1799 1130 1826 in

249 1855 364 1885 auras,
390 1853 443 1876 aut
463 1851 551 1876 exeat
570 1845 608 1876 de
627 1852 740 1885 corpore
767 1855 831 1877 oum
838 1842 964 1888 sangine
976 1869 986 1884 ‚
1013 1852 1068 1876 aut
1074 1852 1130 1885 per

243 1901 333 1936 poros
352 1899 526 1927 emittatur.
555 1898 609 1926 Hic
626 1892 720 1936 solum
741 1895 905 1927 cavendum
928 1893 965 1932 est
979 1917 990 1933 ,
1015 1905 1050 1926 ne
1067 1897 1099 1941 J
1101 1905 1130 1926 u-

249 1944 298 1977 dae
318 1944 402 1976 corde
417 1941 536 1986 sumam
560 1944 636 1976 illud
663 1969 670 1975 .
712 1942 895 1978 Amalarius
922 1954 989 1977 erat
1017 1953 1131 1980 natura

249 1991 489 2038 phlegmaticus
500 2019 510 2034 ‚
532 1995 656 2037 sumpta
671 1992 871 2028 Eucharistia
882 1993 1060 2038 cogebatur
1075 1993 1132 2027 sta·

248 2044 312 2078 tim
332 2045 463 2087 spuere,
490 2042 686 2085 quandoque
707 2043 878 2086 putabatur
900 2045 1052 2086 exspuere
1077 2043 1132 2077 ali-

249 2092 330 2136 quid
352 2093 548 2126 Sacramenti
563 2116 574 2132 ‚
600 2092 742 2135 ideoque
760 2091 885 2126 addidit
908 2093 948 2126 de
972 2093 1034 2127 alia
1046 2094 1131 2127 circa

253 2142 319 2177 hoc
341 2141 534 2186 quaestione:
563 2144 595 2174 si
608 2142 692 2183 forte
712 2154 758 2175 me
782 2148 936 2185 ignorante
957 2167 968 2183 ,
995 2152 1048 2176 aut
1075 2154 1132 2175 non

252 2190 447 2235 consentiente
461 2215 472 2231 ‚
497 2197 601 2224 exierit
625 2193 662 2225 de
684 2203 731 2225 ore
757 2203 818 2225 meo
838 2192 957 2234 aliquid
974 2203 1010 2225 ex
1022 2200 1133 2234 corpore

258 2245 401 2281 Domini,
428 2252 486 2274 non
505 2249 594 2283 putes
603 2239 788 2284 quodipsum
802 2242 870 2275 illuc
879 2243 1053 2285 dirigatur,
1078 2253 1134 2285 quo

253 2302 312 2325 non
331 2292 426 2324 voluit
438 2315 448 2331 ,
470 2289 522 2333 seu
533 2302 591 2324 non
605 2292 672 2324 vult
683 2296 800 2325 venire.
830 2291 873 2325 Et
888 2292 1012 2326 rursum
1023 2291 1134 2334 adjun-

254 2343 304 2385 git
329 2352 339 2371 .-
373 2343 492 2373 Domini
512 2341 550 2381 est
571 2350 674 2383 corpus
691 2339 781 2384 suum
800 2349 857 2382 per
876 2351 962 2374 artus
984 2344 1018 2375 Cn·
1040 2353 1133 2374 venas

255 2390 421 2431 diffundere
432 2391 478 2423 ad
490 2396 588 2423 vitam
597 2401 742 2425 «eternam
754 2415 761 2423 .
791 2391 875 2426 Non
897 2392 939 2425 de
950 2393 1134 2425 Sacramen-

256 2438 377 2474 talibus
400 2440 586 2482 speciebus,
612 2441 663 2476 sed
684 2441 725 2476 de
738 2442 804 2484 ipsa
827 2440 1003 2476 Dominici
1023 2453 1136 2486 corpo-

255 2490 300 2524 ris
326 2488 502 2524 substantia
523 2491 649 2525 videtur
673 2492 846 2534 quaefiviffe
869 2491 1075 2530 Guntardus,
1101 2491 1135 2524 &

256 2539 342 2573 nihil
362 2540 537 2574 definitum
561 2541 938 2584 Amalariusrespondit.
967 2542 1082 2576 Exstat
1095 2542 1136 2575 E-

257 2590 374 2633 pistola
397 2591 432 2623 in
453 2590 622 2634 spicilegio
652 2591 748 2625 Lucae
770 2589 947 2625 Dacherii.
975 2592 1134 2626 Eamdem

257 2639 469 2684 quaestionem
493 2652 603 2673 movet
626 2653 663 2674 ac
686 2641 862 2674 resolvitin
877 2641 1006 2683 speculo
1020 2642 1059 2675 de
1078 2642 1137 2675 Ec·

256 2690 355 2724 clefiae
378 2689 539 2733 mysteriis
564 2690 669 2735 Hugo
691 2691 732 2724 de
756 2691 874 2725 Sanc‘io
897 2690 1031 2727 ViCtore
1053 2705 1060 2724 2
1086 2694 1135 2724 Di-

256 2746 298 2774 cit
313 2738 439 2781 forfitan
464 2752 509 2773 cor
532 2750 637 2780 tuum,
664 2741 713 2773 ubi
727 2739 765 2780 est
774 2749 876 2783 corpus
889 2742 1011 2774 Domini
1027 2766 1037 2782 ,
1063 2741 1136 2783 post·

257 2802 347 2832 quam
368 2788 479 2833 sumpsi
502 2790 580 2823 illud
623 2793 657 2824 ¹&
693 2790 914 2824 manducavi?
950 2792 1026 2823 Audi
1052 2795 1135 2835 ergo.

256 2840 444 2882 Corporalem
468 2840 578 2882 Christi
599 2839 796 2884 praes'entiam
818 2847 929 2883 quaeris
955 2843 967 2874 ?
1001 2846 1038 2874 In
1065 2845 1133 2876 caelo

256 2901 354 2932 quaere
367 2915 375 2923 .
406 2894 512 2924 Tecum
528 2899 585 2933 per
602 2894 780 2933 corporalem
800 2890 996 2934 praesentiam
1007 2893 1052 2925 ad
1061 2901 1135 2925 tem-

253 2948 314 2981 pus
338 2940 388 2982 effe
409 2942 522 2974 voluit:
550 2942 681 2985 ‚Quando
701 2943 735 2975 (θ’
758 2942 901 2982 quamdiu
925 2942 1025 2984 necesse
1041 2941 1110 2983 fuit
1126 2967 1134 2974 .

258 2987 409 3022 Exhibuit
427 2992 473 3022 ad
489 2999 604 3033 tempus
612 2990 808 3034 praesentt'am
817 2992 1011 3033 corporalem,
1038 3001 1071 3025 ut
1077 3001 1132 3034 per

256 3039 341 3072 illam
361 3040 405 3071 ad
419 3038 608 3082 spiritualem
620 3043 837 3076 inveniendam
846 3046 991 3077 excitaret
1002 3043 1134 3084 &juva-

257 3098 322 3123 ret.
351 3088 395 3122 Et
407 3089 477 3133 post
487 3091 633 3132 quaedam
647 3106 658 3125 .·
684 3093 817 3135 ‚Quando
837 3097 871 3124 in
891 3087 1028 3126 manibus
1050 3101 1132 3128 tenes

217 3160 236 3185 ,ι
256 3141 322 3180 ejus
345 3141 564 3174 Sacramentum
577 3166 587 3181 ‚
612 3144 798 3184 corporaliter
817 3151 912 3176 tecum
934 3142 973 3182 est
995 3168 1002 3175 .
1029 3145 1135 3186 ,Quan-

257 3190 294 3222 do
306 3200 353 3223 ore
364 3187 487 3232 suscipis
502 3215 512 3231 ‚
538 3192 573 3224 (ς
584 3193 703 3233 quando
722 3204 769 3226 ore
790 3193 954 3226 manducas
965 3218 975 3233 ‚
1004 3201 1133 3235 corpora-

257 3241 325 3273 liter
335 3248 429 3274 tecum
440 3239 478 3279 est
497 3265 504 3272 .
529 3242 661 3283 Denique
675 3247 708 3275 in
729 3241 820 3286 visu,
847 3248 879 3276 in
899 3243 982 3276 taeiu
995 3267 1005 3283 ‚
1030 3249 1063 3276 in
1083 3242 1134 3286 sa-

254 3297 327 3331 pore
346 3291 528 3332 corporaliter
548 3300 641 3324 tecum
660 3291 715 3332 est.
741 3295 788 3326 Et
798 3295 942 3335 quamdiu
949 3291 1053 3336 sensus
1064 3304 1133 3328 tuus

257 3341 442 3382 corporaliter
466 3339 628 3382 adficitur,
651 3344 717 3383 ejus
733 3342 899 3385 prasentia
920 3355 977 3375 non
999 3343 1133 3386 anfi-rtur

255 3391 413 3432 corporalis
424 3416 431 3424 .
459 3390 615 3435 Postquam
634 3401 737 3428 autem
742 3389 846 3436 sensus
855 3394 1012 3436 corporalis
1023 3399 1055 3429 in
1065 3402 1134 3439 per·

1170 188 1302 230 cipicndo
1323 185 1424 229 deficit
1436 209 1447 226 ‚
1474 188 1611 227 deinceps
1630 193 1789 230 corporalis
1799 190 1914 231 christi
1921 190 2053 234 praesen-

1173 246 1218 272 tia
1238 250 1296 271 non
1321 236 1359 277 est
1383 237 1550 280 quaerenda
1570 261 1583 276 ,
1613 237 1672 279 sod
1690 238 1844 280 spiritalis
1870 243 2031 276 retinenda
2044 267 2053 274 .
2076 266 2093 294 L
2115 275 2127 293 2
2158 269 2179 296 Ι,

1175 286 1363 331 Dispensatio
1386 288 1531 329 completa
1556 285 1617 327 est,
1638 288 1776 330 perfecta
1796 291 1850 330 est.
1881 291 2052 336 Perfidiam
2074 285 2186 340 8Jc'132

1174 341 1412 373 Sacramentum:
1442 342 1544 372 Virtus
1564 345 1681 370 manet.
1710 338 1814 385 Qod
1838 342 1941 384 ipsum
1968 353 2054 386 repe.

1175 389 1215 424 tit
1232 390 1266 423 in
1294 388 1492 423 Eruditione
1522 386 1731 432 Theologica
1753 389 1794 422 de
1817 390 2049 426 sacramentis.

1177 440 1219 473 Et
1237 439 1297 473 ista
1322 439 1391 482 eius
1404 438 1499 473 verba
1510 438 1727 482 comprobat,
1755 438 1835 472 facit
1846 440 1920 479 sua,
1945 441 2055 476 &suis
2077 426 2108 499 ξς
2122 429 2186 458 4'c'

1175 490 1215 523 de
1228 487 1333 523 Missae
1355 488 1512 523 sacrificio
1531 487 1622 523 libris
1644 486 1753 522 inserit
1770 488 1984 524 Innocentius
1997 501 2056 526 ter·
2113 483 2121 492 ⁴

1175 541 1239 573 tius
1252 564 1259 571 .
1284 539 1398 574 Omne
1421 538 1518 582 hujus
1538 538 1894 575 Sacramentiofficium
1907 540 2057 574 adfirmat

1176 590 1239 624 effe
1260 589 1480 633 sumptionem
1505 614 1516 629 ‚
1542 589 1684 633 ideoque
1709 599 1746 623 ea
1767 591 1892 633 perasta
1919 589 2059 624 delinere

1179 640 1212 673 in
1231 640 1294 675 isto
1317 639 1536 675 Dominicurn
1558 650 1675 682 corpus
1695 663 1707 680 ,
1733 640 1767 673 ἀ
1788 638 1829 674 ad
1851 639 1983 674 viduata
2009 650 2060 673 ac-

1177 689 1318 725 cidentia
1340 688 1440 724 redire
1453 691 1544 724 suam
1557 688 1768 724 substantiam
1780 714 1788 722 .
1818 691 1931 739 Qare
1943 691 1983 724 de
1995 688 2061 723 hoc

1179 743 1297 783 punsto
1318 740 1403 774 male
1424 741 1534 774 scribit
1557 740 1591 773 in
1616 749 1734 781 quarto
1757 740 2008 776 Institutionum
2024 740 2060 773 li·

1181 791 1239 825 bro
1260 791 1400 834 Joannes
1412 790 1587 824 Calvinus:
1618 792 1693 823 scire
1703 801 1740 823 ex
1752 788 1817 831 ipsis
1831 813 1840 828 ‚
1868 791 1982 833 utique
1997 790 2067 824 Ro·

1180 843 1286 875 manis
1302 864 1313 880 ,
1338 842 1430 874 velim
1439 865 1449 881 ,
1463 842 1606 884 quamdiu
1616 839 1727 881 Christi
1736 851 1857 873 carnem
1868 846 2040 874 contineant
2052 864 2062 880 ,

1180 892 1230 923 ubi
1253 891 1489 924 manducarunt.
1520 893 1581 926 Hic
1597 915 1607 931 ‚
1633 902 1695 924 meo
1708 891 1843 931 judicio,
1869 895 1980 925 exitum
2006 900 2064 923 non

1181 946 1351 974 invenient.
1377 939 1553 990 quuid
1581 941 1657 981 fiat,
1682 940 1828 985 mysterii
1848 943 1960 976 auctor
1974 939 2064 974 hunc

1182 1000 1308 1024 exitum
1322 1000 1415 1025 novit
1427 1015 1436 1024 .

1232 1039 1346 1073 Exstat
1359 1039 1612 1075 RabaniMauri
1625 1040 1705 1075 liber
1726 1040 1766 1075 de
1788 1052 1883 1076 cruce
1897 1066 1908 1082 ,
1934 1041 1969 1075 in
1997 1052 2064 1084 quo

1184 1090 1250 1125 haec
1274 1089 1436 1124 habentur
1459 1090 1500 1124 de
1524 1089 1751 1125 Eucharistia:
1778 1096 1883 1134 Neque
1908 1090 2066 1135 observan-

1183 1142 1253 1174 dum
1278 1164 1289 1180 ,
1320 1139 1393 1183 ficut
1418 1139 1650 1182 apocryphorum
1675 1146 1854 1174 monimenta
1882 1143 2041 1175 decernunt
2053 1165 2064 1181 ,

1185 1192 1275 1224 donec
1296 1191 1450 1234 ds'geratur
1472 1195 1503 1224 in
1530 1199 1664 1232 corpore,
1691 1202 1729 1224 ne
1749 1196 1911 1225 communis
1921 1191 2003 1224 cibus
2019 1203 2069 1224 ac-

1184 1247 1312 1283 cipiatur
1323 1264 1333 1279 ‚
1357 1239 1416 1284 sed
1425 1238 1503 1283 satis
1527 1241 1750 1284 invigilandum
1764 1265 1775 1280 ,
1801 1251 1833 1275 ut
1847 1244 1937 1275 antec?
1949 1240 2070 1284 quisque

1182 1290 1295 1334 semper
1310 1289 1345 1333 se
1363 1298 1539 1333 praeparet,
1571 1292 1605 1325 (a'
1627 1289 1688 1333 post
1701 1298 1852 1332 acceptam
1861 1298 1996 1335 gratiam
2009 1291 2070 1323 nul-

1186 1342 1232 1375 lus
1240 1340 1274 1384 se
1296 1342 1404 1374 reddat
1425 1343 1600 1385 indignum.
1631 1340 1675 1374 Et
1698 1341 1804 1376 infra:
1832 1343 1990 1374 Frivolum
2009 1340 2069 1381 est,

1183 1391 1253 1434 ficut
1274 1397 1307 1424 in
1325 1392 1423 1424 eodem
1444 1390 1609 1433 Apocrypbo
1634 1391 1707 1426 libro
1732 1392 1838 1434 legitur
1852 1416 1862 1431 ,
1888 1397 1921 1423 in
1944 1390 1994 1423 boc
2014 1403 2071 1429 my-

1183 1442 1269 1481 sterio
1287 1446 1412 1485 cogitare
1434 1442 1470 1475 de
1484 1441 1630 1482 stercore,
1657 1452 1693 1474 ne
1713 1439 1932 1484 commisceatur
1942 1447 1975 1474 t'n
1990 1441 2072 1483 dige-

1182 1491 1273 1533 stione
1291 1492 1413 1525 alterius
1435 1491 1511 1524 cibi.
1538 1494 1675 1532 Denique
1703 1491 1752 1524 ubi
1772 1489 1942 1535 spiritualis
1965 1489 2071 1534 esca&

1185 1551 1273 1585 potus
1282 1540 1413 1585 sumitur
1425 1565 1442 1581 ,K
1460 1542 1630 1583 &spiritus
1642 1540 1769 1576 sanlius
1776 1549 1833 1583 per
1844 1552 1910 1574 eum
1926 1546 1959 1573 in
1982 1540 2074 1573 bomi-

1188 1604 1224 1626 ne
1244 1600 1380 1634 operatur
1393 1615 1404 1632 ,
1430 1598 1462 1623 ut
1471 1590 1622 1634 fiquidin
1643 1591 1728 1624 nobis
1749 1592 1870 1625 carnale
1890 1590 1989 1624 adhuc
2011 1591 2073 1631 esi,

1190 1642 1397 1685 transferatur
1407 1647 1439 1675 in
1448 1637 1591 1685 spiritum
1604 1664 1615 1680 ,
1640 1642 1675 1675 Θ
1692 1641 1751 1682 fiat
1774 1640 1856 1675 bomo
1874 1640 2069 1684 spiritualis,

1189 1694 1266 1736 quid
1283 1697 1498 1726 commixtionis
1522 1690 1629 1725 habere
1650 1693 1776 1733 potuit?
1802 1691 1960 1734 ,Quantum
1982 1696 2074 1734 igitur

1191 1742 1277 1783 distat
1289 1749 1358 1776 vita
1370 1742 1423 1775 illa
1442 1750 1558 1775 aeterna
1569 1741 1609 1774 ab
1621 1740 1676 1782 ista
1696 1742 1815 1774 mortali
1838 1747 1927 1781 vita,
1954 1741 2073 1773 tantum

1190 1796 1224 1828 (u
1240 1793 1288 1834 iste
1298 1793 1378 1826 cibus
1390 1795 1507 1825 omnino
1515 1796 1693 1834 praeeminet
1706 1791 1745 1825 ab
1758 1792 1807 1827 illo
1830 1797 1994 1831 communi,
2021 1801 2075 1832 quo

1191 1841 1333 1886 nobiscum
1344 1848 1436 1876 etiam
1458 1843 1606 1875 animalia
1628 1847 1761 1876 vivunt.
1789 1840 1920 1877 Diserte
1946 1841 2077 1884 profite-

1192 1904 1242 1927 tur
1256 1892 1493 1928 Eucharisticas
1504 1894 1622 1937 species
1638 1905 1707 1927 non
1719 1892 1823 1938 digeri
1836 1893 1870 1926 in
1882 1890 2052 1926 stomacho
2065 1915 2076 1930 ‚

1194 1955 1262 1978 non
1275 1943 1442 1978 admisceri
1455 1943 1525 1977 illic
1541 1941 1773 1978 communibus
1792 1943 1960 1978 alimentis
1972 1967 1983 1983 ,
2011 1952 2075 1976 nec

1193 1993 1281 2028 abire
1292 1995 1326 2027 in
1341 1994 1493 2027 secessum
1507 2019 1514 2026 .
1543 1993 1648 2028 Addit
1662 2005 1698 2027 ea
1711 1995 1773 2028 effe
1785 1992 1983 2037 Apocryphi
1997 1992 2081 2026 Scri·

1195 2044 1295 2087 ptoris
1306 2054 1492 2077 commenta
1505 2069 1516 2084 ,
1542 2045 1655 2086 utique
1668 2043 1756 2077 illius
1770 2045 1827 2088 qui
1846 2044 1985 2078 sefinxit
2007 2044 2078 2077 Ro·

1195 2103 1366 2127 manorum
1392 2093 1592 2135 Episcopum
1616 2093 1826 2127 Clementem
1848 2118 1859 2133 ,
1887 2094 2081 2136 compilato·
2097 2108 2167 2146 Cap,
2183 2110 2231 2137 σι,

1196 2153 1261 2176 rem
1288 2140 1559 2184 Apostolicarum
1584 2142 1863 2176 constitutionum
1894 2167 1901 2174 .
1930 2143 1973 2176 Et
2000 2143 2080 2177 hinc

1197 2191 1304 2227 scribit
1314 2191 1467 2225 Thomas
1479 2191 1660 2225 Waldenfis
1682 2192 1778 2226 fuisse
1798 2192 1881 2226 duos
1903 2192 2079 2233 Rabanos,

1197 2243 1242 2276 uti
1255 2243 1391 2285 persona
1401 2266 1411 2283 ‚
1424 2242 1469 2275 ita
1481 2241 1515 2274 &
1528 2242 1686 2276 sententia
1699 2242 1828 2284 penitus
1841 2242 1981 2277 diversos
1991 2268 1998 2275 .
2023 2244 2080 2278 Est

1195 2293 1261 2335 ejus
1275 2291 1443 2337 singularis
1455 2303 1491 2325 ac
1505 2303 1571 2325 non
1583 2291 1719 2326 fundata
1729 2291 1845 2335 opinio
1855 2318 1862 2325 .
1893 2293 2080 2327 Secundum

1196 2344 1283 2377 enim
1298 2341 1472 2376 Rabanum
1492 2352 1608 2376 omnes
1622 2342 1829 2386 ignoramus.
1858 2343 1971 2376 Etiste
1985 2343 2081 2377 Tho-

1198 2403 1266 2427 mas
1302 2393 1400 2426 etiam
1425 2392 1523 2426 docet
1554 2392 1674 2436 species
1707 2393 1771 2427 effe
1796 2394 2080 2437 incorruptibiles,

1200 2444 1337 2485 ideoque
1352 2454 1411 2476 nec
1423 2441 1464 2476 ab
1479 2453 1550 2476 aere
1565 2442 1724 2486 putrefieri
1738 2467 1749 2483 ,
1776 2455 1837 2477 nec
1848 2444 1865 2477 ὲ
1878 2444 2025 2478 muribus
2034 2456 2081 2478 ro-

1198 2493 1230 2526 di
1255 2517 1265 2532 ,
1292 2504 1352 2526 nec
1380 2491 1420 2526 ab
1445 2493 1524 2537 igne
1551 2493 1639 2535 posse
1661 2493 1810 2527 absumi.
1851 2494 1951 2528 Hanc
1972 2495 2080 2528 Sancti

1198 2541 1397 2576 Guitmondi
1410 2543 1603 2577 sententiam
1625 2552 1764 2577 conatur
1785 2544 1898 2577 multis
1921 2544 2074 2579 stabilire.

1249 2592 1291 2626 Et
1315 2591 1382 2626 haec
1407 2593 1565 2626 sententia
1589 2617 1599 2632 ‚
1626 2593 1646 2626 fi
1671 2594 1794 2627 mature
1819 2594 2080 2636 introspiciatur,

1201 2654 1267 2676 non
1290 2653 1375 2676 caret
1398 2643 1615 2676 fundamento
1635 2668 1642 2675 .
1674 2644 1804 2676 Etenim
1830 2643 1931 2677 Graeci
1956 2642 2079 2679 habent

1198 2692 1362 2735 duplicem
1389 2691 1565 2725 benedictae
1596 2703 1684 2736 aquae
1707 2692 1864 2736 speciem:
1891 2694 2080 2737 Maiorem,

1198 2744 1229 2776 ὃς
1252 2743 1412 2775 minorem
1432 2767 1439 2773 .
1469 2741 1569 2776 Hanc
1600 2742 1801 2787 singulorum
1822 2742 1887 2777 fere
1920 2745 2079 2778 mensium

1199 2792 1375 2832 Kalendis,
1402 2790 1494 2824 istam
1518 2791 1559 2825 ad
1582 2792 1833 2827 ministrandum
1847 2795 2079 2828 sacrosan-stum

1200 2841 1364 2885 Baptisma
1391 2843 1583 2875 consecrant
1622 2843 1655 2876 in
1684 2843 1755 2876 solo
1780 2842 1863 2877 festo
1890 2844 2080 2878 Dominicae

1199 2891 1407 2935 Epiphaniae.
1437 2890 1503 2924 Uti
1527 2903 1588 2925 nos
1612 2892 1646 2926 in
1667 2891 1816 2927 Paschali
1836 2894 1970 2938 vigilia.
2000 2894 2078 2936 Ejus

1199 2940 1459 2976 benedicrionem
1486 2943 1604 2975 merito
1642 2943 1776 2977 titulant
1813 2942 2079 2985 sanc‘llficationem

1197 2994 1353 3034 maj0rem.
1379 2991 1485 3035 Ipsam
1513 2993 1648 3026 censent
1668 2993 1751 3027 adeo
1775 2995 1913 3029 sanctam
1928 3019 1939 3034 ‚
1959 3004 2077 3027 uteam

1201 3055 1270 3077 non
1295 3042 1417 3076 minori
1441 3064 1454 3081 ‚
1492 3041 1589 3085 quarn
1614 3042 1835 3078 Dominicum
1860 3044 2077 3088 sanguinem,

1198 3093 1372 3127 reverentia
1393 3091 1540 3126 sumant:
1569 3092 1701 3137 Utique
1723 3103 1799 3128 cum
1820 3093 1909 3128 sacro
1932 3092 2080 3128 Antido-

1199 3155 1234 3178 to
1259 3143 1443 3187 impositam
1468 3141 1694 3177 Eucharistico
1713 3142 1876 3178 cochleari
1898 3166 1910 3182 ,
1946 3144 1979 3177 ἀ
2005 3155 2077 3178 non

2081 771 2213 804 C·17.n.

2083 820 2129 847 33·

1201 3194 1256 3227 nifi
1279 3194 1315 3226 in
1340 3193 1469 3236 integro
1489 3193 1599 3237 gratiae
1620 3194 1702 3227 statu
1717 3218 1727 3234 ‚
1752 3204 1793 3228 ac
1806 3194 1956 3236 praemiss'a
1971 3193 2078 3229 Sacra-

1200 3243 1334 3278 mentali
1357 3241 1576 3277 confeffione.
1603 3244 1647 3278 Et
1666 3242 1734 3278 haec
1751 3243 2077 3288 sanstificatioipsam

1199 3306 1316 3338 aquam
1329 3291 1434 3327 reddit
1445 3301 1519 3326 toto
1530 3304 1620 3328 anno
1634 3293 1915 3337 incorruptibilem
1934 3318 1945 3335 ,
1968 3294 2076 3329 immo

1200 3346 1298 3379 etiarn
1312 3341 1668 3385 incorruptibilitatisin
1684 3344 1748 3378 alia
1769 3344 1930 3379 elementa
1952 3344 2077 3379 deriva-

1200 3397 1330 3431 tricem.
1352 3392 1537 3429 Audiamus
1549 3395 1696 3429 Leonem
1708 3393 1869 3429 Allatium
1882 3395 1916 3429 in
1932 3394 2077 3438 Epistola

1986 3442 2026 3477 ad
