2372 3756
83 738 107 766 L
136 739 163 766 6.
189 736 224 766 Ε-

83 776 146 814 pist.
174 785 224 812 15.

662 117 937 163 QUlNTuM
973 99 1281 147 ROMANUM
1317 97 1706 147 Conclrrutvi.

261 194 416 232 omnium
440 188 630 225 Abbatum.
659 186 702 220 Et
729 186 780 219 illi
803 183 973 227 praesertim
999 181 1143 216 nost-ram

261 254 419 279 vovemus
430 240 653 276 obedientiam
664 262 671 268 .
700 234 805 285 Qod
817 235 852 269 δε
864 235 897 268 in
912 232 986 266 aliis
1008 231 1142 265 Patriar-

260 295 334 330 chis
343 306 381 328 ac
398 290 567 335 Episcopis
579 290 635 322 suo
649 287 751 322 modo
762 284 860 319 habet
874 285 986 317 locum
1000 306 1007 314 .
1034 282 1145 327 Qare

261 347 447 388 incongrua
457 341 556 376 nimis
570 338 718 382 exempla
731 348 790 382 pro
803 336 863 373 suo
885 328 991 368 errore
1018 330 1145 367 Goffre·

261 396 325 430 dus
339 394 450 428 Abbas
459 390 616 426 adduxit.
1173 426 1179 436 Ι

315 444 421 479 Porro
441 441 593 486 Gregorii
617 438 718 474 nostri
734 444 883 479 tempore
905 432 1010 476 plures
1031 432 1146 476 graffa-

263 495 381 529 bantur
392 492 434 527 de
446 492 497 526 his
509 487 779 525 translationibus
788 483 1037 518 contentiones.
1054 482 1144 516 Nam

263 546 299 579 &
311 544 351 578 ad
363 542 532 577 Claffenfis
543 536 734 573 Monasterii
747 534 911 569 Abbatem
924 532 1045 575 scripfit
1058 542 1146 565 man·

264 594 461 629 suetiffimus
474 592 589 626 Petrus
601 586 778 621 Damiaui:
806 589 870 618 Cur
896 594 942 616 ore
961 580 1147 624 perdit-isso-

263 656 322 678 ves
336 656 421 687 quem
436 655 494 675 non·
501 638 623 685 genuisti
637 639 649 670 ?
675 641 736 669 Hoc
747 635 784 677 est
797 641 876 669 enim
896 633 1035 667 naturale
1048 632 1148 686 perdt-

262 700 308 729 cis
319 720 329 735 ,
354 703 387 727 ut
413 694 514 726 altena
523 688 640 731 furtim
664 698 722 720 ova
737 685 887 730 surripiat
908 709 917 716 .
943 680 1147 724 Huiusmodi

263 756 346 790 ergo
360 744 513 787 plurimas
526 739 598 771 lites
612 738 758 780 praesenti
771 735 912 769 Canone
923 730 1078 766 exstinxit
1092 741 1148 764 aut

264 791 449 837 praefocavit
462 789 662 833 Gregorius.
690 786 774 830 Agit
799 796 867 819 non
889 784 931 818 de
951 781 1084 815 tranfitu
1106 781 1148 815 ab

262 843 393 878 Ordine
405 840 445 874 ad
459 839 621 874 Ordinem
633 861 644 877 ,
671 836 725 870 sed
737 836 908 869 dumtaxat
919 831 960 866 de
972 831 1106 865 transitu
1130 830 1147 863 a

259 891 473 927 Monasterio
484 890 522 923 ad
549 886 808 921 Monasterium.
837 883 932 918 Nulli
956 880 1046 915 enim
1067 891 1148 914 tunc

263 952 357 978 erant
369 941 478 975 diversi
490 936 736 971 Monachorum
748 933 890 970 Ordines
903 958 910 965 .
929 930 1062 966 Etenim
1075 931 1145 965 Coe-

263 992 454 1028 nobiticum
489 987 761 1022 Monachismum
785 986 819 1019 in
845 983 1003 1027 AEgypto
1026 982 1148 1023 incepit

264 1044 401 1078 sanetus
415 1039 585 1074 Antonius
597 1063 607 1077 ‚
636 1048 732 1080 quem
745 1037 778 1069 in
793 1033 994 1071 Palaestinam
1017 1032 1151 1074 Sanctus

265 1093 423 1127 Hilarion
450 1114 461 1130 ‚
490 1090 523 1122 in
550 1087 675 1135 ltaliam
704 1087 839 1121 sanans
868 1082 1087 1120 Athanasius,
1115 1081 1148 1113 in

264 1141 460 1178 Armeniam
485 1137 652 1174 Eustatius
676 1134 868 1171 Sebastenfis
891 1157 904 1174 ‚
938 1131 973 1165 iu
1002 1131 1148 1167 Pontum

487 1271 491 1275 .
536 1265 662 1274 ,ᾖ-ἤ

1930 114 2020 159 133

1208 179 1342 213 Sanctus
1356 177 1492 214 Basilius
1502 202 1514 218 ,
1542 178 1576 210 in
1589 179 1733 213 Galliam
1745 181 1880 214 Sanctus
1900 180 2067 214 Martinus
2077 205 2089 222 ‚

1211 230 1245 263 in
1261 227 1423 262 Gothiam
1434 228 1571 263 Sanstus
1592 227 1728 261 Nicetas
1741 253 1751 268 ,
1778 230 1812 263 in
1835 229 1990 275 Belgium
2008 230 2085 265 San-

1208 281 1274 314 ctus
1299 277 1478 312 Vistricius
1500 275 1780 321 Rothomagenfis
1800 280 1981 324 Episcopus
2002 305 2014 322 ‚
2047 279 2087 320 in.

1210 328 1359 363 Africam
1371 330 1507 363 Sanetus
1518 327 1726 372 Augustinus
1738 350 1749 365 ,
1775 328 1809 359 in
1824 330 2020 374 Hispaniam
2030 330 2086 365 de-

1205 379 1281 417 tulit
1307 390 1345 412 ac
1381 377 1542 421 plantavit
1567 377 1701 413 Sanstus
1736 376 1891 412 Donatus
1913 405 1921 412 .
1958 381 2088 415 Omnes

1205 439 1296 463 erant
1318 428 1461 471 ejusdem
1474 428 1590 462 vitae&
1603 428 1712 465 format
1726 450 1736 467 ‚
1763 427 1820 459 nifi
1834 426 1921 470 quod
1932 430 2087 471 quasdam

1207 479 1377 514 varietates
1398 477 1564 512 induxerit
1585 477 1720 511 sanctus
1740 474 1963 518 pachomius,
1989 479 2087 522 equi-

1209 530 1268 564 bus
1280 527 1348 563 haec
1360 529 1422 562 fuit
1434 541 1499 563 una
1513 541 1520 559 :
1547 530 1581 561 si
1591 534 1659 570 quis
1671 528 1709 565 de
1719 527 1816 560 altera
1824 528 1911 560 domo
1920 529 2088 569 transfera-

1208 590 1257 613 tur
1269 580 1312 612 ad
1320 579 1447 612 alteram
1458 603 1471 623 ι
1498 585 1629 620 exceptis
1643 577 1691 610 bis
1703 589 1770 620 quae
1783 576 1849 621 usui
1860 579 2034 620 quotidiano
2045 580 2088 611 ad

1208 630 1346 664 habitum
1355 629 1509 672 neceffaria
1516 626 1592 671 sunt
1605 653 1616 669 ,
1638 627 1735 670 secum
1746 627 1914 669 transferre
1927 627 2088 670 m'hilpote-

1207 686 1248 712 rit
1260 706 1267 712 .
1294 679 1457 721 Monachi
1472 677 1513 713 ad
1523 688 1649 712 certam
1658 678 1797 712 domurn
1810 678 1924 713 affixio
1946 678 1996 713 illi
2018 690 2089 712 non

1210 730 1331 773 placuit
1342 755 1352 770 ,
1381 729 1434 763 sed
1445 730 1581 768 cunctos
1590 728 1698 762 voluit
1710 738 1766 770 per
1778 731 1837 763 suae
1858 729 2090 774 congregatio-

1212 780 1261 813 nis
1271 780 1462 817 Praefeetum
1484 778 1572 823 posse
1592 778 1634 813 de
1656 777 1761 814 domo
1783 779 1947 812 transferri
1969 778 2011 813 ad
2033 778 2090 813 do·

1211 841 1301 863 mum
1314 854 1324 870 ,
1351 830 1399 864 uti
1412 828 1512 864 hodie
1521 829 1558 862 fit
1569 828 1606 863 in
1618 826 1801 863 Ordinibus
1823 829 1973 863 Fratrum
1993 829 2094 864 Men-

1210 880 1397 913 dicantium
1413 905 1420 912 .
1448 881 1501 916 De
1514 879 1600 913 coelo
1613 890 1668 922 per
1681 878 1853 923 Angelum
1865 878 1956 914 venit
1968 878 2093 913 Pacho-

1212 929 1270 965 mii
1299 929 1430 973 Regula
1445 953 1455 968 ‚
1491 940 1589 971 atque
1615 928 1659 963 ita
1679 929 1765 969 lucet
1790 928 1921 964 facilem
1943 930 2092 965 Fratrum

1214 979 1480 1013 Mendicantium
1494 979 1729 1023 migrationem
1752 979 1837 1013 male
1860 980 1878 1013 ὲ
1901 978 2093 1023 quibusdam

1213 1028 1391 1073 improbari
1407 1052 1414 1060 .
1438 1028 1623 1076 Qomodo
1634 1029 1674 1063 de
1685 1029 1813 1064 Ordine
1825 1029 1865 1064 ad
1879 1029 2043 1065 Ordinem
2057 1029 2095 1065 fit

1213 1078 1312 1117 hodie
1322 1078 1470 1113 facienda
1481 1079 1650 1122 translatio
1662 1103 1675 1125 ‚4
1697 1080 1765 1115 alio
1775 1080 1852 1117 loco
1866 1089 2067 1126 exponetur.

789 1348 1610 1408 CANONXXI2

268 1505 453 1643 DE
489 1463 758 1569 Imperaiore
797 1487 1323 1563 Constantinopolitano.

458 1700 967 1745 Scuorrou.

267 1845 393 1931 DE
417 1846 612 1889 Imperatore
636 1840 805 1876 Michaele
830 1841 950 1880 Duca,
977 1839 1040 1873 five
1060 1838 1157 1872 Para-

389 1909 409 1940 P

1224 1686 1288 1730 ipsa
1302 1686 1447 1733 sacrilege*
1455 1691 1646 1735 conJ'ungc'tur
1661 1715 1672 1731 ‚
1693 1689 1854 1732 statimque
1864 1691 2005 1725 5acerdos
2017 1691 2107 1726 abdr-

1221 1750 1305 1773 catur
1316 1763 1327 1779 ,
1354 1749 1388 1773 ur
1398 1747 1502 1782 aperto
1523 1740 1665 1784 commsso
1674 1741 1818 1773 adulterio
1834 1765 1841 1773 .
1868 1740 1998 1774 Michael
2008 1751 2107 1776 autem

1220 1788 1343 1831 detonfis
1357 1790 1480 1832 capillis
1494 1814 1506 1830 ,
1530 1789 1681 1834 sententia
1695 1790 1887 1825 Patriarcbae
1908 1792 1943 1825 (τ
1964 1795 2108 1835 Metropo-

1216 1840 1381 1873 litanorum
1395 1865 1406 1880 ,
1433 1839 1547 1883 Ephesi
1557 1839 1797 1884 Archiepiftopus
1818 1841 1962 1886 deligitur
1975 1868 1982 1875 .
2011 1845 2108 1877 Semel

412 1897 521 1930 inacio
542 1920 553 1936 ,
593 1893 724 1936 ejusque
747 1890 937 1935 Logotheta
961 1888 1155 1932 Nicephoro
1215 1890 1335 1923 rantum
1347 1891 1390 1923 ad
1399 1887 1495 1933 ipsam
1508 1892 1609 1925 urbem
1622 1893 1745 1932 acceJffl,
1774 1890 1957 1934 &reversus
1979 1898 2011 1924 in
2035 1897 2104 1926 Ma-

262 1947 379 1982 scribit
402 1948 544 1991 Joannes
564 1941 754 1986 Schylitza:
784 1940 967 1985 agathem,
993 1951 1058 1973 cum
1084 1940 1150 1982 effer

264 1998 399 2031 maxime
409 1998 529 2030 idoneus
545 1995 579 2028 ob
591 1991 771 2036 versutiam,
797 2001 830 2025 ut
847 1989 873 2031 fi
892 1995 958 2033 quis
987 1991 1083 2029 alius,
1111 1990 1155 2022 ad

264 2049 444 2080 lucrandum
458 2070 467 2085 ‚
493 2044 666 2087 &quaestu's
690 2047 793 2086 gratia
817 2041 892 2073 nulli
913 2049 1040 2081 parcens
1069 2039 1152 2081 infa-

264 2104 334 2130 miae
343 2121 352 2137 ,
377 2097 521 2137 officinam
532 2100 563 2126 in
574 2092 722 2130 Rhadesto
733 2115 742 2130 ‚
753 2091 787 2124 (θ’
797 2091 991 2130 monopolium
1001 2089 1126 2128 instituit
1138 2113 1148 2128 ‚

262 2146 422 2189 prohibens
449 2147 483 2179 cb·
508 2154 641 2177 coercens
666 2152 767 2174 omnes
791 2140 952 2173 vendentes
966 2162 976 2178 ,
999 2137 1150 2182 solumque

264 2201 459 2238 Imperatoris
463 2194 568 2235 forum
579 2192 686 2224 venale
714 2189 907 2222 machinatus
927 2187 963 2227 est
977 2211 984 2219 .
1012 2192 1067 2220 Ex
1094 2200 1149 2231 quo

263 2245 512 2285 maxima-famis
528 2241 627 2275 auc‘lor
639 2240 701 2282 fuit
718 2264 728 2279 ,
754 2241 788 2273 (ν’
809 2250 906 2271 eorum
918 2250 984 2280 quae
1006 2249 1147 2280 umquam

263 2300 456 2329 memInerint
466 2292 594 2326 hommes
606 2290 802 2329 crudeliffimae
816 2313 827 2329 ,
855 2293 899 2320 ita
913 2297 945 2320 ut
955 2289 1027 2320 inde
1051 2292 1146 2330 Impe-

262 2353 344 2378 rator
357 2350 574 2388 cognomentum
587 2346 737 2374 inventrit
753 2363 762 2379 ,
789 2341 876 2381 siquo
896 2342 991 2380 magis
1014 2349 1104 2380 quam
1126 2340 1147 2370 ἃ

261 2395 380 2438 suorum
394 2395 546 2435 Majorum
557 2397 670 2424 nomine
681 2389 806 2430 Posteris
817 2387 856 2429 est
878 2394 1028 2431 cognitus.
1058 2391 1146 2420 Nam

258 2445 289 2487 fi
308 2451 374 2487 quis
391 2445 494 2482 dicat,
522 2440 651 2475 Michael
665 2465 675 2480 ‚
706 2450 798 2481 neque
823 2439 920 2470 addat
936 2461 946 2477 ,
973 2439 1145 2479 Parapina-

263 2501 325 2528 cius
339 2519 350 2535 ,
377 2494 462 2527 baud
475 2491 580 2533 statim
604 2489 778 2534 cognoscitur
792 2503 803 2521 .-
829 2491 875 2519 Eo
897 2488 975 2530 quod
996 2496 1065 2520 tunc
1088 2500 1145 2520 mo-

262 2549 336 2579 cr't'us
359 2541 536 2586 numismate
558 2542 737 2574 venderetur
755 2565 765 2580 ,
789 2537 846 2581 sed
872 2541 992 2570 Pinario
1020 2544 1120 2571 minus
1134 2562 1144 2578 ‚

264 2602 315 2637 qut·
335 2594 374 2634 est
400 2595 516 2627 medius
541 2590 696 2634 quadrans
724 2614 730 2621 .
766 2587 868 2633 Qod
897 2588 999 2630 ipsum
1035 2588 1144 2621 scribit

263 2643 415 2678 Michael
441 2643 566 2684 Glycas
589 2665 596 2672 .
634 2638 789 2681 Uterque
821 2638 965 2680 Scriptor
991 2637 1143 2671 adfirmat

262 2692 466 2729 Michaelem
487 2690 582 2726 fuisse
604 2688 775 2724 hominem
801 2688 985 2726 incurium,
1012 2688 1144 2721 &com-

264 2743 496 2789 ponendorum
518 2741 666 2774 versuum
687 2739 792 2783 magis
815 2749 914 2780 quam
941 2737 1086 2782 Augusti
1100 2749 1144 2772 re·

263 2794 399 2840 girninis
424 2792 624 2826 studiosum.
654 2790 747 2822 Hinc
770 2787 829 2821 sub
851 2788 920 2831 ipso
947 2786 1065 2820 Turcae
1078 2788 1143 2822 Ro-

261 2855 375 2880 manas
396 2854 443 2878 res
472 2853 539 2876 non
553 2851 665 2884 parum
679 2839 877 2872 lacerarunt.
905 2838 1018 2884 Qare
1029 2837 1139 2871 offenfi

262 2895 420 2929 Procetes
442 2894 587 2927 fecerunt
611 2890 699 2934 quod
713 2887 820 2922 scribit
833 2898 1029 2921 memoratus
1041 2887 1143 2932 Schy-

263 2945 339 2979 litza
359 2957 367 2976 :
405 2947 541 2985 Cupiunt
566 2945 775 2982 Imperatorem
805 2936 996 2977 michaelem,
1023 2943 1074 2980 qui
1099 2941 1144 2972 ad

259 2996 381 3037 palatia
402 2999 435 3026 in
457 2991 634 3025 Blachernts
653 2990 781 3033 fugerat
795 3000 861 3022 cum
875 2987 999 3030 Augusta
1014 2991 1116 3021 Maria
1131 3014 1140 3030 ,

258 3043 368 3088 suoque
386 3042 448 3085 filio
469 3040 658 3082 Constantino
679 3038 923 3082 Porphyrogenito
936 3061 946 3076 ‚
972 3040 1006 3072 (5
1026 3040 1071 3070 ad
1081 3042 1141 3071 Mo-

259 3095 406 3134 masticam'
429 3097 526 3125 vitam
551 3092 692 3124 reducunt
724 3096 757 3122 tn
782 3089 885 3122 studii
912 3086 1116 3127 Monasterium
1130 3115 1140 3130 ,

260 3156 327 3179 cum
350 3144 406 3176 vili
411 3144 548 3183 jumento
558 3139 772 3183 transmiffum.
802 3137 845 3172 Et
858 3138 891 3171 in
904 3136 1139 3182 ejusthronum

260 3194 464 3229 intruserunt
477 3215 486 3230 ‚
514 3202 552 3224 ac
566 3200 618 3232 per
631 3189 786 3222 Cosmam
813 3185 1036 3221 Patriarcham
1058 3190 1139 3234 ungi

260 3241 460 3280 &coronari
483 3242 629 3274 fecerunt
653 3237 881 3282 Nicephorum
902 3237 1112 3273 Botoniatem
1130 3264 1140 3280 ‚

260 3295 302 3329 de
326 3305 393 3338 quo
417 3291 522 3335 pergit
549 3289 635 3323 idem
657 3288 799 3331 Scriptor
823 3302 833 3322 .·
871 3291 960 3321 Ducit
990 3290 1141 3328 Mariam,

259 3344 374 3387 dejeffi
398 3343 430 3376 &
465 3339 573 3374 adhuc
610 3339 750 3373 viventis
774 3336 954 3372 Michaelis
980 3329 1161 3426 uxorem,1

262 3399 427 3437 Imperator
452 3389 640 3432 Nicephorus
651 3393 729 3421 omm‘
741 3398 849 3422 remoto
859 3389 973 3431 pudore
985 3413 996 3431 ,
1022 3390 1056 3424 (9·
1076 3401 1141 3425 cum

360 3441 467 3483 Christ.
478 3445 558 3484 Lupi
570 3443 668 3483 Opera
679 3442 713 3473 T.
730 3442 778 3472 Vl.

1215 1941 1309 1973 maelis
1326 1939 1535 1981 Monasterium
1549 1966 1559 1982 ‚
1587 1942 1628 1975 ibi
1647 1939 1752 1984 manfit
1764 1966 1774 1982 ‚
1797 1939 1861 1985 suis
1884 1942 2022 1975 manibus
2042 1946 2102 1977 ela-

1213 1989 1320 2023 boram
1336 2015 1344 2022 .
1372 1994 1403 2023 E
1401 1993 1505 2035 gregi&
1518 1994 1589 2026 vero
1605 1992 1698 2026 cultu:
1716 1991 1753 2033 est
1769 1991 1808 2025 ab
1821 1995 1922 2026 Alexio
1932 1997 2099 2032 comneno,

1212 2046 1264 2080 qui
1274 2039 1456 2082 postmodam
1470 2047 1633 2085 imperavit
1647 2066 1658 2083 ,
1681 2041 1737 2085 sub
1750 2046 1833 2083 cujus
1854 2049 1946 2076 etiam
1967 2048 2097 2086 Imperio

1213 2091 1291 2122 diem
1314 2089 1400 2132 ficum
1411 2091 1504 2132 obiit,
1531 2104 1651 2125 uxorem
1672 2091 1759 2134 suam
1771 2095 1905 2125 Mariam
1917 2118 1928 2134 ‚
1950 2093 2013 2135 post
2039 2097 2099 2127 Bo-

1212 2145 1335 2172 ioniatae
1359 2139 1575 2175 abdicationem
1603 2141 1778 2174 Monachum
1784 2141 1928 2183 fallam,
1950 2149 2043 2176 venta
2052 2156 2096 2179 eo-

1211 2200 1300 2228 rum,
1327 2201 1398 2232 quae
1420 2196 1452 2223 in
1477 2188 1508 2233 se
1527 2189 1678 2234 admiserit
1692 2215 1703 2230 ,
1729 2196 1761 2222 in
1784 2189 1850 2234 ipsa
1871 2201 1964 2226 morte
1987 2195 2093 2239 dignas

1211 2247 1280 2271 tus.
1309 2240 1481 2284 Augustos
1506 2241 1582 2275 suos
1604 2241 1770 2283 Principes
1788 2241 1924 2283 ejicere,
1953 2243 2096 2281 trucida-

1210 2298 1243 2321 re
1257 2312 1267 2328 ,
1294 2300 1350 2323 aut
1362 2290 1396 2323 in
1411 2290 1651 2324 Monasierium
1664 2291 1825 2333 conjicere
1838 2316 1849 2332 ‚
1875 2303 1912 2325 ac
1934 2295 2092 2335 tondere,

1209 2337 1254 2371 est
1267 2339 1402 2382 antiqua
1418 2340 1610 2375 Graecorum
1631 2341 1807 2384 iniquitas:
1837 2341 1958 2377 Unum
1978 2344 1995 2378 ὲ
2018 2358 2090 2390 pec-

1208 2388 1291 2422 catis
1305 2388 1373 2423 istis
1386 2414 1396 2430 ,
1422 2389 1471 2424 ob
1480 2403 1548 2435 quae
1563 2391 1687 2426 Divina
1700 2391 1785 2434 ipsos
1795 2392 1929 2427 tandem
1950 2387 2089 2430 deseruit

1205 2437 1327 2481 justitia
1339 2464 1350 2480 ,
1375 2451 1413 2474 ac
1426 2441 1561 2475 tradidit
1574 2441 1609 2475 in
1622 2440 1789 2476 barbaram
1800 2442 1989 2479 servitutem
2000 2445 2089 2481 Tur-

1207 2499 1320 2523 carum
1332 2514 1339 2522 .
1367 2491 1540 2538 Qosdam
1554 2490 1672 2534 ejecios
1685 2491 1919 2528 consecrabant
1941 2494 1977 2528 in
1998 2495 2089 2531 Pres-

1207 2538 1338 2581 byteros
1349 2551 1404 2574 aut
1419 2541 1612 2585 Episcopos:
1626 2542 1702 2576 Erat
1712 2542 1816 2587 gratia
1827 2543 2011 2588 singularis.
2042 2547 2087 2582 Et

1206 2587 1307 2630 ipsam
1320 2590 1457 2624 Cosmas
1472 2589 1659 2625 patriarcha
1681 2591 1758 2626 fecit
1780 2592 1998 2637 Parapinacio
2020 2596 2085 2630 Mi-

1205 2637 1315 2672 chaeli.
1335 2640 1489 2685 Sacrilegi
1507 2641 1596 2685 istius
1610 2643 1812 2676 matrimonii
1825 2644 1967 2679 radicem
1980 2647 2083 2689 aperit

1206 2687 1312 2722 brevis
1328 2690 1779 2733 Constantinopolitanorum
1790 2691 1830 2725 ad
1841 2704 1969 2737 captam
1982 2698 2083 2741 usque

1204 2737 1221 2770 a
1245 2738 1366 2773 Turcis
1388 2738 1499 2774 urbem
1520 2740 1757 2785 Imperatorum
1780 2742 1960 2789 Catalogus
1982 2758 1990 2778 :
2027 2750 2084 2779 Mi-

1201 2787 1287 2822 chael
1299 2792 1399 2822 Ducas
1406 2792 1574 2831 proditione
1583 2793 1713 2836 conjugis
1728 2795 1748 2825 ἃ
1771 2794 1935 2828 Botom'ata
1955 2799 2082 2839 Imperio

1202 2839 1335 2879 dejedlus
1347 2862 1357 2879 ‚
1384 2842 1463 2874 &in
1487 2841 1661 2883 Monasterio
1683 2844 1781 2875 studii
1801 2843 1955 2886 detrusus,
1980 2848 2015 2881 &³
2031 2855 2083 2888 po·

1195 2888 1259 2928 stez?
1288 2889 1400 2932 Ephefi
1424 2893 1611 2933 Metropolim
1624 2891 1732 2933 sallus
1762 2891 1800 2932 est
1822 2919 1829 2926 .
1867 2894 1982 2929 Exstat
2007 2896 2080 2939 post

1203 2939 1340 2984 Georgii
1370 2940 1497 2975 Codini
1517 2942 1638 2977 librum
1659 2940 1700 2977 de
1726 2943 1910 2989 originibus
1922 2946 2083 2982 Constan-

1205 2988 1435 3033 tinopolitanis
1448 3017 1455 3024 .

1253 3039 1356 3073 Porro
1369 3040 1536 3083 Michael,
1562 3042 1734 3078 licetvarie
1746 3043 1878 3078 vitiosus
1900 3046 1997 3087 esset,
2024 3045 2080 3080 ha-

1204 3088 1272 3124 buit
1286 3100 1395 3124 tamen
1409 3092 1523 3126 &suas
1532 3094 1686 3134 virtutes,
1714 3093 1754 3127 de
1767 3104 1904 3136 quarum
1926 3107 1992 3130 una
2009 3097 2079 3131 scri-

1203 3139 1298 3174 bitin
1314 3139 1508 3176 Caffinenfis
1520 3142 1714 3177 Monasterii
1728 3142 1898 3177 Chronico
1910 3143 1981 3180 Leo
2005 3145 2078 3182 Ho-

1204 3190 1322 3223 stienfis
1339 3190 1518 3235 Episcopus
1531 3206 1541 3226 :
1562 3197 1651 3227 Circa
1662 3192 1712 3225 bos
1725 3194 1787 3225 dies
1801 3193 1930 3227 Michael
1938 3195 2078 3234 Constan-

1208 3242 1422 3283 tinopolitanus
1434 3246 1595 3284 Imperator
1609 3246 1696 3276 Patri
1718 3241 1864 3283 Desiderio
1883 3254 1938 3285 per
1960 3253 2076 3279 nuntio,-

1206 3293 1283 3323 dona
1292 3293 1425 3332 plurima
1437 3291 1598 3334 transmiſsi·
1609 3318 1618 3331 ,
1631 3292 1748 3339 poscens
1762 3301 1794 3326 ut
1801 3301 1857 3334 pro
1864 3292 1897 3337 J}
1909 3307 1943 3327 ac
1954 3296 2054 3329 libr-ris
2063 3322 2074 3338 ‚

1205 3340 1324 3380 &statu
1337 3345 1457 3382 Imperii
1479 3341 1541 3382 sui,
1571 3346 1790 3384 Omnipotentis
1813 3347 1868 3377 Del
1892 3346 2075 3379 clementiam

1203 3392 1318 3432 affiduis
1327 3391 1465 3437 precibus
1478 3402 1616 3427 exoraret
1633 3417 1639 3424 .
1667 3391 1786 3436 Insuper
1797 3393 1831 3428 ob
1855 3396 1946 3429 Beati
1970 3387 2076 3430 Patris

1639 3442 1681 3477 Μ
1934 3448 2028 3479 Bene-
