2352 3756
580 119 649 148 ΛΕ
687 99 1739 149 SATISFAC'HONUM'INDULGENTMS.

1892 121 1981 164 311

233 196 305 227 deae
316 190 493 232 bomoprius
511 189 587 223 tales
601 192 754 230 acquirere
761 185 924 229 secundam
946 184 1125 226 qualitatem
1182 179 1310 222 ficiunt,
1334 181 1368 213 eb·
1388 189 1550 222 antequam
1571 191 1710 226 capiant,
1738 187 1800 231 ipsb
1818 187 1949 229 profec‘lu
1970 190 2059 222 &ae-

235 243 296 284 [μισ
311 246 472 275 vocationis
488 265 495 272 .
526 240 648 273 Pondus
669 246 771 270 autem
781 237 895 269 valoris
920 236 965 268 illi
978 235 1123 277 relinque-

235 305 268 327 re
281 317 290 332 ,
317 298 368 334 qui
379 297 477 325 omnia
478 290 560 333 facit
573 289 688 330 &feeit
700 294 733 320 in
744 298 864 320 numero
873 311 883 324 ‚
905 285 1036 327 pondere
1049 308 1061 324 ‚
1088 285 1123 317 ό·

235 341 374 385 mensura
387 367 394 374 .
417 341 559 381 Postremo
577 340 765 372 concedentes
787 336 998 379 Indulgentias
1018 358 1029 373 ‚
1055 335 1123 366 tali-

236 403 283 427 ter
306 395 339 426 (ν
361 398 394 425 in
419 397 604 430 intentione,
630 391 663 423 a&
687 394 719 420 in
740 387 866 425 verbis,
891 388 924 419 (3
950 391 983 417 in
998 383 1122 427 scriptis

235 442 307 487 suas
318 442 494 481 conceffiones
516 441 726 478 moderentur,
754 447 788 470 ut
805 446 856 469 nec
867 434 1123 476 Divinaejustitiae

239 505 304 527 cum
315 490 514 534 misericordia
537 492 714 533 derogetur,
740 497 791 519 nec
800 484 998 529 scandalum,
1025 490 1121 517 maxi-

239 546 287 576 me
306 541 494 584 pufillorum‚
516 541 692 582 praebeutur
710 559 721 575 ,
746 538 798 570 vel
820 547 855 568 ne
870 534 977 576 facilis
998 534 1124 573 conceffio

240 594 364 632 majoris
386 592 589 634 Indulgentiae
605 598 662 630 pro
673 593 806 619 minimis
829 587 881 619 vel
901 590 1015 628 exiguIs
1033 582 1121 625 caufis

235 648 343 685 pariat
363 646 395 672 in
415 642 524 673 arduis
543 642 577 673 (ts
593 639 732 682 legitimis
750 645 805 678 pro
817 634 942 676 Ecclesia
962 635 1014 668 vel
1025 638 1124 675 Repu-

239 693 319 725 blica
330 698 455 736 negotiis
466 692 693 723 detrimentum.
724 686 872 734 Qisque
899 686 932 718 &
947 686 1047 727 plenae
1062 694 1121 725 pro

237 743 305 775 suis
326 741 464 785 peccatis
484 738 692 774 satisfactioni
716 738 841 770 studeat
854 760 864 775 ‚
890 736 923 768 δε
937 734 1040 767 hocce
1061 732 1121 765 stu-

237 793 333 826 dium
346 791 550 834 quotidianis
566 791 665 822 etiam
678 786 901 829 Indulgentiis
918 793 1056 817 conetur
1068 782 1122 816 ad-

237 842 350 884 juvare
371 864 378 871 .
408 839 488 884 Qo*
512 839 596 871 issud
621 837 764 869 studium
787 833 885 869 fuerit
906 833 1125 876 diligentius,-

237 891 280 924 eo
304 887 358 923 hic
383 899 523 923 conatus
545 888 606 920 erit
628 885 817 920 fructuosior
831 907 843 915 .-
867 883 957 917 Istud
980 893 1121 926 namque

237 939 382 974 studium
396 950 457 972 nos
468 936 587 972 affidue
601 936 677 969 facit
692 934 865 969 viciniores
886 933 1095 967 satisfactioni
1109 958 1119 973 ‚

237 992 380 1033 ideoque
402 987 685 1031 Indulgentiarum
710 985 894 1028 capaciores
915 1008 922 1015 .
947 983 1060 1017 Plures
1080 983 1121 1017 de

237 1039 300 1074 hac
314 1039 446 1073 materia
458 1038 651 1081 quaestiones
663 1036 813 1080 relinquo
822 1031 1118 1076 scholasticeTheo-

237 1091 336 1134 logia:
349 1088 585 1122 Profefforibus
607 1111 613 1118 .

291 1139 429 1173 Restant
441 1148 634 1181 argumenta
647 1134 781 1178 Ioannis
794 1133 926 1167 Weffeli
943 1157 954 1172 ,
975 1134 1032 1176 qui
1049 1144 1121 1167 cen-

237 1190 300 1223 suit
316 1189 400 1222 solos
414 1190 448 1222 in
465 1187 622 1222 charitate
636 1186 788 1229 perfeetos
800 1185 862 1218 esse
874 1194 966 1226 aptos
980 1183 1045 1216 Dei
1058 1183 1121 1216 Re·

236 1251 308 1283 gno
319 1264 330 1279 ,
358 1240 392 1273 δε
406 1237 533 1272 addidit
546 1237 640 1270 istam
658 1235 888 1278 perfectionem
900 1232 1039 1269 conferri
1053 1244 1118 1266 non

236 1290 326 1332 poffe
349 1300 403 1331 per
427 1288 676 1332 indulgentias.
705 1286 766 1318 Ista
788 1284 876 1318 enirn
902 1284 1053 1326 perfeetio
1075 1284 1116 1315 est

239 1339 390 1372 omnium
402 1339 619 1381 cupiditatum
638 1359 647 1374 ‚
674 1337 750 1368 licet
766 1346 834 1367 non
847 1334 954 1378 quoad
969 1343 1120 1374 motum,

238 1389 353 1422 saltem
381 1389 491 1431 quoad
519 1386 713 1421 adhaefivum
742 1386 897 1420 aisensum
926 1384 1121 1422 evacuatio,

237 1449 337 1481 quam
349 1438 472 1471 clatum
490 1449 527 1470 ac
540 1447 663 1470 certum
676 1436 719 1469 est
733 1446 802 1468 non
825 1435 883 1467 nifi
898 1433 995 1467 asolo
1007 1434 1120 1466 imme-

236 1489 326 1523 diate
348 1489 424 1521 Deo
446 1487 534 1530 poffe
557 1485 670 1519 donari
698 1509 704 1515 .
727 1484 819 1518 Hinc
843 1484 898 1518 ille
918 1483 1032 1516 intulit
1052 1483 1120 1516 nul-

236 1538 284 1571 las
304 1562 315 1577 ‚
343 1538 455 1571 saitem
479 1537 588 1579 plenas
613 1560 622 1574 ,
649 1533 872 1580 indulgentias
897 1534 984 1577 posse
1005 1533 1119 1568 donari

234 1599 291 1630 per
314 1586 494 1630 Episcopos
513 1611 520 1619 .
546 1586 746 1627 Respondeo
768 1584 862 1618 istam
880 1583 1041 1626 majorem
1058 1583 1121 1617 effe

233 1636 336 1680 longe
363 1637 555 1670 faniffimam
580 1662 587 1669 .
616 1634 751 1667 Etenim
779 1634 813 1666 in
841 1635 947 1676 primo
973 1633 1059 1666 libro
1079 1633 1120 1666 de

234 1685 405 1730 Baptismo
439 1686 605 1719 adversum
631 1682 822 1717 Donatistas
849 1683 960 1715 scribit
986 1684 1121 1715 sanetus

236 1737 442 1780 Augustinus
454 1749 465 1769 .·
491 1738 569 1768 Sicut
580 1741 610 1767 in
622 1736 821 1766 sacramentis
837 1737 947 1765 veteris
958 1730 1121 1770 Testamen-

235 1792 262 1819 ti
290 1785 437 1819 vivebant
451 1787 574 1827 quidam
585 1782 737 1826 spiritales
751 1806 760 1822 ‚
786 1783 829 1814 ad
838 1794 948 1815 novum
953 1780 1061 1823 scilicet
1071 1784 1121 1813 Te-

229 1835 410 1876 stamentum
434 1858 443 1873 ,
467 1836 547 1877 quod
568 1843 635 1866 tunc
658 1831 861 1865 occultabatur
889 1856 899 1871 ‚
925 1832 1031 1863 occulte
1052 1839 1120 1871 per-

233 1892 362 1918 tinentes
374 1909 385 1924 ,
404 1884 445 1926 fic
467 1887 501 1918 (ν
514 1895 591 1916 nunc
616 1889 648 1915 in
660 1886 848 1914 sacramento
871 1886 941 1914 novi
959 1880 1126 1919 Testamen-

234 1940 280 1973 ti,
305 1936 387 1976 quod
400 1937 471 1974 jam
494 1934 660 1966 revelatum
683 1931 740 1971 est,
763 1931 902 1973 plerique
921 1936 1035 1963 vivunt
1057 1936 1122 1962 ani·

234 1986 344 2016 males.
374 1986 438 2027 ,Qui
458 1984 594 2025 proficere
612 1981 642 2023 fi
664 1983 766 2014 nolunt
779 1983 824 2013 ad
844 1980 1038 2022 percipienda
1052 1991 1123 2022 quae>

230 2033 302 2077 sunt
310 2033 436 2076 spiritus
450 2037 504 2065 Dei
517 2058 527 2073 ,
553 2034 608 2073 quo
616 2043 660 2064 eos
671 2031 808 2063 hortatur
819 2030 915 2072 sermo
929 2029 1132 2087 Apostolicus,¹

236 2086 280 2117 ad
300 2094 390 2117 vetus
405 2082 624 2125 Testamentum
641 2080 836 2123 pertinebunt
848 2104 856 2111 .
882 2081 913 2112 Si
936 2079 1111 2121 aistempro.¹

1134 621 1138 656 Ι

1186 230 1255 273 cessa
1276 231 1319 262 ad
1330 236 1614 270 novumpertinent.
1644 239 1689 268 Et
1701 236 1819 278 fiprffis
1839 236 2060 280 quamffiirira-

1185 282 1229 314 les
1239 279 1341 322 fiant,
1367 292 1405 313 ex
1426 278 1481 313 hac
1493 286 1560 312 vita
1586 288 1761 326 rapiantur,
1786 288 1914 326 custoditi
1931 297 1985 329 per
2007 289 2060 319 Sa-

1185 328 1531 374 cramentisant‘litatem
1554 336 1589 362 in
1600 340 1682 363 terra
1701 341 1872 368 viventium
1890 345 2060 379 computan—

1185 390 1258 421 tur,
1285 381 1338 413 ubi.
1355 379 1392 420 est
1413 378 1486 423 spes
1507 380 1601 415 nostra
1623 382 1657 417 Q·
1675 389 1772 422 portio
1793 387 1934 420 Dominus
1955 413 1965 421 .,
1990 392 2060 421 Nee

1184 436 1303 464 invenio
1325 431 1400 473 quid
1422 431 1523 464 vertas
1545 431 1728 474 intelligatur
1750 435 1829 475 quod
1844 432 2059 475 seriptumest:

1185 480 1395 523 Imperfec‘lum
1415 492 1508 514 meum
1531 483 1673 514 viderunt
1693 483 1764 516 oculi
1783 489 1844 514 tui.
1870 485 2060 527 ,Quandoqui-

1186 533 1252 563 dem
1270 530 1405 574 sequitur
1426 544 1433 563 :
1462 534 1507 563 Et
1528 537 1560 563 in
1585 531 1658 564 libro
1677 540 1726 565 tuo
1750 544 1849 566 omnes
1875 531 2060 575 scribentur.

1186 579 1289 630 Qod
1317 581 1483 623 praesertim
1501 592 1612 615 verum
1625 582 1670 616 est
1689 584 1721 615 in
1735 583 1817 623 illis,
1843 584 1899 626 qui
1921 582 1992 625 post
2005 584 2063 617 cri-

1186 631 1349 666 minosam
1361 632 1461 665 vitam
1476 631 1679 673 baptizantur
1691 634 1725 666 in
1741 634 1810 675 ipso
1820 634 1936 668 mortis
1945 633 2035 667 exitu
2049 657 2060 672 ,

1184 682 1216 715 δε
1238 681 1281 714 ita
1302 692 1379 714 cum
1407 681 1499 714 bono
1521 681 1667 716 Latrone
1687 682 1826 717 audiunt
1849 695 1856 715 ε
1887 684 1983 719 Hodie
2004 694 2065 715 me-

1183 741 1248 763 cum.
1270 736 1330 764 eris
1350 737 1384 764 in
1410 729 1557 774 Paradiso
1571 756 1583 766 .,
1608 733 1759 766 Errorern
1780 734 1868 767 enim
1888 733 2062 767 continent

1184 779 1251 814 haec
1274 780 1382 815 Sancti
1404 782 1554 826 Gregorii
1580 782 1725 826 Nyffeni
1743 781 1838 817 verba
1859 783 1893 818 in
1910 784 2062 820 oratione

1183 831 1440 868 adversumillos
1450 856 1460 871 ‚
1489 831 1544 874 qui
1558 831 1760 875 Baptismain
1774 833 2040 867 finemdifferunt
2050 845 2060 865 ;

1183 879 1351 920 Trifariam
1362 883 1543 915 dividuntur
1565 893 1612 915 res
1623 882 1775 916 bominum
1796 889 1828 916 in
1837 894 1872 916 ea
1882 895 1950 925 quae
1960 881 2063 925 exspe-

1183 929 1282 962 tJatur
1302 941 1372 963 vita
1392 956 1398 962 .
1426 935 1474 963 Et
1493 939 1609 973 primus
1631 935 1750 976 quidem
1771 939 1827 967 erit
1851 935 1922 966 ordo
1944 945 2063 971 eorum,

1183 986 1235 1021 qui
1250 978 1323 1022 sunt
1344 982 1509 1014 laudabiles
1537 984 1571 1016 ζῆ·
1579 984 1653 1024 justi
1668 1008 1675 1014 .
1689 985 1845 1023 ⁷5ecundus
1866 995 1985 1024 eorum,
2010 988 2064 1025 qui

1184 1041 1275 1071 neque
1291 1029 1473 1063 honorantur
1486 1056 1497 1071 ‚
1526 1043 1615 1074 neque
1622 1039 1788 1075 puniuntur
1801 1060 1808 1066 .
1835 1037 1953 1067 Tertius
1966 1042 2064 1065 autem

1183 1091 1305 1120 eorum,
1330 1088 1382 1122 qui
1396 1091 1452 1122 pro
1469 1088 1598 1125 peccatis
1623 1086 1827 1125 dantpoenas.
1863 1084 1918 1116 Ubi
1938 1086 2006 1127 ergo
2017 1094 2063 1116 eos

1180 1139 1340 1171 ponemus,
1368 1139 1417 1174 qni
1438 1138 1470 1164 in
1492 1139 1624 1173 exequiis
1649 1140 1800 1175 accipiunt
1822 1136 1938 1167 lavacri
1959 1131 2066 1174 benefi-

1182 1181 1257 1213 cium
1281 1182 1298 1212 ,ἓ
1327 1180 1524 1215 Constanter
1536 1183 1846 1226 affirmatipsoscffe
1866 1185 1899 1217 in
1921 1183 2065 1217 secundo

1184 1230 1354 1264 dumtaxat
1372 1231 1488 1266 ordine
1500 1244 1514 1266 :‚
1539 1231 1613 1265 Esse
1634 1233 1776 1266 donatos
1798 1233 1864 1270 sola
1880 1232 2065 1270 remiffione

1185 1291 1393 1324 peccatorum
1416 1306 1427 1321 ‚
1453 1280 1593 1325 ideoque
1618 1283 1652 1315 δε
1672 1284 1833 1318 immunes
1855 1285 1872 1317 a
1893 1283 2064 1327 gebenna,

1187 1332 1296 1364 verum
1318 1331 1445 1365 alienos
1463 1332 1481 1364 ὲ
1503 1331 1609 1375 gloria
1634 1333 1765 1378 Regni.
1794 1333 1838 1367 Et
1858 1334 1972 1367 multis
1998 1333 2066 1367 baec

1184 1381 1376 1414 confirmat.
1405 1380 1532 1416 Verum
1559 1383 1645 1416 solus
1657 1382 1723 1418 haec
1736 1382 1833 1419 docet
1853 1384 1887 1417 in
1902 1382 2042 1417 Ecclefia
2055 1407 2068 1422 ,

1186 1431 1324 1473 ideoque
1346 1433 1380 1465 ὃς
1404 1441 1487 1465 errat
1511 1456 1518 1463 .
1548 1432 1623 1466 Ubi
1643 1433 1688 1467 est
1709 1434 1804 1476 plena
1819 1458 1830 1473 ,
1855 1434 1970 1476 utique
1993 1434 2025 1467 &
2047 1434 2067 1466 ὲ.

1182 1480 1276 1523 culpa
1299 1482 1334 1515 ὃς
1355 1480 1373 1514 ὲ.
1396 1492 1492 1524 poena
1514 1482 1617 1515 futuri
1638 1483 1766 1523 saeculi,
1792 1494 2001 1527 peccatorum
2022 1495 2069 1516 re-

1183 1530 1314 1571 miffio‚
1342 1542 1409 1564 non
1436 1532 1541 1574 potest
1566 1543 1636 1566 non
1660 1535 1723 1567 effe
1744 1534 1848 1578 gloria
1861 1534 1988 1578 Regni.
2019 1535 2079 1577 At,

1183 1579 1258 1613 vero
1269 1580 1341 1614 talis
1353 1581 1499 1615 remissio.
1509 1582 1605 1615 datur
1613 1584 1727 1619 multis
1739 1585 1839 1618 etiarn
1864 1584 1898 1618 in
1910 1584 2069 1619 charitate

1181 1631 1371 1673 imperfectis
1385 1657 1391 1663 .
1420 1631 1464 1665 Et
1476 1631 1544 1675 ejus
1555 1634 1837 1675 complementum
1849 1634 1918 1668 dari
1927 1635 2070 1668 omnino

1180 1680 1275 1721 poffit
1299 1681 1401 1713 etiam
1428 1693 1483 1722 per
1509 1682 1737 1726 Indulgentias
1759 1709 1766 1715 .
1796 1684 1899 1718 Plena
1927 1683 2068 1718 charitas

1179 1728 1246 1761 illis
1274 1739 1342 1762 non
1359 1729 1404 1762 est
1430 1731 1608 1770 meritum,
1634 1733 1687 1766 sed
1712 1733 1771 1767 erit
1793 1735 1978 1776 praemium.
2009 1734 2072 1768 Per

1179 1780 1402 1820 imperfectam
1427 1777 1482 1813 hic
1505 1780 1645 1820 vivunt,
1670 1783 1705 1815 ὃς
1720 1784 1807 1816 viam
1831 1782 1888 1816 fibi
1903 1794 2016 1826 parant
2029 1786 2072 1818 ad

1180 1827 1348 1871 perscitam
1361 1853 1371 1868 ,
1398 1840 1496 1872 quam
1519 1831 1681 1872 accipient
1697 1833 1730 1865 in
1749 1833 1880 1866 alterius
1891 1834 1966 1867 vitae
1978 1845 2073 1868 exor-

1179 1879 1237 1911 dio
1250 1903 1260 1917 ,
1284 1887 1380 1921 atque
1390 1880 1435 1913 ita
1448 1879 1654 1914 inchoabunt
1677 1882 1893 1916 &intrabunt
1912 1884 1973 1916 Dei
1989 1896 2072 1928 gau-

1179 1929 1273 1962 dium
1295 1929 1497 1977 &regnum.
1527 1929 1591 1963 Res
1605 1929 1674 1964 haec
1696 1932 1742 1966 est
1762 1932 1898 1966 alterius
1920 1934 2006 1975 loci,
2034 1935 2070 1968 δε

1180 1977 1325 2022 pluribus
1346 1979 1472 2023 indiget
1492 1980 1649 2014 elucidari
1669 2006 1675 2012 .
1704 1983 1884 2027 Agendum
1911 1981 1966 2017 hic
1990 1986 2069 2018 efl‘et

1178 2028 1277 2061 etiam
1293 2029 1334 2062 de
1356 2028 1584 2063 defunctorum
1606 2030 1829 2076 loduigentiis
1849 2057 1856 2064 .
1888 2034 1961 2067 Has
1986 2034 2068 2069 item

1156 2081 1161 2123 ff
1178 2079 1328 2121 relinquo
1345 2078 1544 2114 Ductoribus
1554 2079 1762 2117 scholasticis.

1891 2238 2053 2248 ———

291 2312 774 2430 Ultrajeeienfe
798 2388 817 2415 ,
872 2322 1367 2431 moguntinum
1390 2387 1410 2414 ‚‚
1468 2330 1550 2404 ξφ
1607 2323 1998 2431 Brixi'nense

861 2436 1401 2520 Conciliabnlum
1421 2501 1439 2516 ..

350 2622 538 2657 Rixinenfis
559 2621 783 2657 Conciliabuli
804 2620 885 2656 Acta
912 2621 1110 2665 compendio

233 2625 346 2759 B
373 2673 521 2707 describit
546 2673 734 2707 Conrardus
749 2672 862 2706 Abbas
877 2672 1108 2716 Uspergenfis:

378 2728 462 2756 Anno
475 2728 593 2756 Domini
604 2721 749 2765 millesimo
756 2721 913 2766 oc‘logefimo
923 2748 931 2761 ‚
955 2735 1019 2756 cum
1030 2723 1110 2763 apud

235 2783 379 2813 ,Brixiam
401 2778 543 2807 Noricam
561 2779 686 2816 triginta
700 2776 729 2804 E
729 2771 908 2814 piscoporum
920 2776 1105 2811 Conventus,

1158 2622 1268 2689 udum,
1280 2629 1332 2665 qui
1342 2622 1562 2665 Ecclefiasticum
1568 2622 1717 2666 subvertit
1727 2627 1858 2660 ordinem
1867 2653 1877 2668 ‚
1897 2634 1948 2671 qui
1960 2630 2048 2663 Chri-

1159 2673 1257 2713 stiani
1271 2677 1392 2714 Imperii
1402 2674 1595 2714 perturbavit
1611 2678 1743 2717 Regnum
1754 2702 1764 2717 ‚
1789 2683 1840 2719 qui
1854 2682 1927 2722 Regi
1937 2680 2046 2712 Catho-

1171 2725 1222 2755 lico
1243 2734 1276 2755 ac
1295 2721 1413 2764 pacifico
1432 2729 1557 2765 corporis
1579 2724 1732 2759 &animae
1757 2732 1887 2760 intentat
1900 2738 2019 2762 mortem
2033 2754 2044 2770 ‚

1169 2778 1219 2814 qui
1241 2776 1396 2814 perjurum
1421 2773 1555 2814 defendit
1566 2777 1693 2817 Regem,
1717 2782 1770 2818 qui
1793 2782 1869 2811 inter
1892 2781 2042 2813 concordes

235 2842 287 2866 mc
299 2840 355 2861 mm
377 2827 610 2866 &optimatum
628 2829 771 2856 exercitus
785 2847 796 2862 ‚
823 2820 980 2864 nonsoliim
992 2825 1107 2862 Italiae‚
1154 2815 1159 2886 ἱ
1163 2822 1329 2866 seminavit
1353 2821 1553 2865 discordiam,
1579 2830 1655 2858 inter
1673 2828 1811 2869 pacificos
1833 2829 1900 2860 lites
1926 2852 1937 2867 ‚
1963 2834 2041 2862 inter

230 2879 286 2921 sed
306 2878 340 2912 &
354 2878 528 2908 ‚Germaniae
541 2899 551 2914 ,
571 2874 650 2917 jussu
670 2877 757 2916 Regis
784 2875 903 2905 Henrici
925 2884 1103 2915 congregare·

1160 2873 1280 2915 fratres
1291 2873 1436 2915 ftandala
1445 2898 1459 2914 ,
1479 2880 1561 2907 inter
1571 2877 1706 2920 conjuges
1729 2878 1883 2917 divortia,
1910 2879 1945 2911 6·
1954 2881 2041 2920 quid-

235 2939 306 2968 tur,
327 2919 431 2970 sallus
451 2923 489 2963 est
510 2930 639 2957 oninium
660 2921 809 2965 consensus
833 2923 983 2954 adversus
1006 2925 1105 2957 Hilde-
1152 2924 1241 2971 fquid
1259 2924 1356 2965 quiete*
1368 2928 1447 2956 inter
1465 2926 1516 2965 pie
1528 2930 1669 2958 viventes
1675 2925 1754 2964 stare
1771 2926 1948 2968 videbatur,
1975 2940 2039 2961 cou-

234 2979 382 3011 orandum
396 2977 514 3016 Papam
525 2999 535 3014 ‚
555 2981 741 3019 *cognomento
752 2975 918 3015 Gregorium
925 2969 1082 3014 septimum
1094 2997 1103 3012 ,

234 3039 322 3070 quem
338 3024 656 3070 Pseudo-monachum,
682 3021 827 3065 totiusque
850 3020 981 3064 vesaniae
989 3022 1104 3064 pestife-

234 3090 300 3110 rum
308 3080 471 3117 principem
483 3095 493 3111 ‚
518 3075 552 3107 (5
559 3074 710 3115 praecipue
727 3073 840 3115 sanc‘lae
854 3075 998 3104 Romanae
1020 3074 1101 3105 Sedis

183 3129 185 3131 ’
233 3125 400 3169 invasorem
420 3124 603 3165 affirmantes
615 3147 626 3162 ‚
652 3123 690 3155 ab
702 3122 857 3164 Apostolica
868 3123 941 3155 sede
962 3123 1102 3163 depellen-

232 3180 304 3210 dum
327 3201 337 3216 ,
363 3179 505 3217 quamvis
532 3171 680 3215 absentem
703 3197 713 3212 ‚
751 3172 993 3214 depraedicabant
1023 3196 1034 3210 ,
1070 3175 1103 3207 (ς

232 3228 405 3260 Guihertum
427 3220 653 3265 Ravennensem
677 3220 925 3264 Arcbiepisiopum
946 3219 1102 3264 ipfisubro-

225 3279 362 3321 gaudum
382 3272 527 3315 eligebant
538 3298 546 3305 .
573 3274 672 3312 Hujus
686 3274 804 3305 Decreti
821 3271 951 3313 conclusio
965 3270 1028 3304 baec
1044 3272 1101 3313 est:

232 3330 335 3371 Qum,
362 3329 521 3367 inquiunt,
548 3322 629 3354 illum
649 3321 756 3361 constat
775 3334 831 3354 non
856 3324 874 3354 ἃ
887 3324 945 3354 Deo
958 3321 1076 3355 elec‘lum
1090 3347 1101 3363 ,

228 3375 280 3421 sed
289 3379 308 3409 a
316 3376 347 3420 se
359 3374 420 3420 ipso
431 3380 462 3407 in
466 3372 580 3415 fraude
590 3382 625 3406 ac
633 3379 756 3414 pecunia
769 3373 1008 3415 impudenttffime*
1027 3373 1102 3415 obje—

1164 2974 1263 3015 cufflt;
1289 2977 1357 3005 Nos
1379 2972 1500 3005 authore
1523 2978 1583 3006 Deo
1602 2982 1766 3018 congregati
1787 2982 1820 3008 in
1845 2987 1955 3016 unum,
1981 2980 2037 3011 Le-

1163 3029 1245 3066 gatis
1266 3035 1299 3055 ac
1308 3023 1415 3055 litteris
1429 3023 1506 3064 freti
1517 3025 1610 3057 decem
1631 3027 1665 3058 Θ
1677 3037 1782 3059 novem
1806 3024 2034 3068 Episcoporum,

1165 3075 1214 3106 die
1219 3071 1245 3115 s
1239 3073 1322 3107 ant‘lo
1340 3080 1506 3115 praeteritae
1519 3074 1693 3113 Pentecostes
1705 3078 1864 3118 Moguntiae
1886 3087 2036 3119 congrega-

1163 3133 1258 3156 torum
1284 3147 1294 3163 ,
1330 3125 1432 3156 contrci
1469 3125 1592 3156 eundem
1619 3125 1856 3157 Hildebrandum
1877 3128 2034 3166 procaciffl‘-

1157 3185 1263 3219 rmum,
1286 3171 1439 3216 sacrilegia
1461 3174 1494 3207 δ’
1515 3175 1650 3206 incendia
1666 3176 1882 3215 praedicantem
1904 3198 1914 3214 ,
1935 3179 2034 3216 perju-

1156 3221 1208 3255 ¹ria
1230 3222 1431 3256 &homicidia
1456 3223 1676 3264 defendentem,
1705 3224 1887 3256 Catholicam
1913 3227 1946 3258 (w
1960 3232 2034 3270 Apo-

1158 3274 1286 3313 stolicam
1294 3273 1385 3314 fidem
1396 3275 1433 3307 de
1443 3282 1556 3314 corpore
1577 3272 1762 3317 &sanguine
1774 3277 1893 3307 Domini
1911 3281 1942 3307 in
1954 3289 2035 3319 quae.

1160 3324 1249 3363 stione
1254 3332 1412 3365 ponentem
1425 3347 1434 3362 ,
1463 3322 1591 3355 haretici
1602 3326 1775 3365 Berengarii
1786 3330 1940 3367 antiquum
1951 3328 2034 3370 disci.

1162 3376 1264 3415 pulum
1290 3399 1301 3415 ‚
1337 3375 1559 3407 divinationum
1600 3375 1634 3407 (9⁴
1663 3372 1842 3417 fhinniorum
1879 3377 2011 3410 cultorem
2023 3406 2034 3421 ‚

1897 3437 1987 3459 mani-
