2372 3756
607 64 900 96 SEPUMUM
936 48 1244 95 ROMANUM
1282 48 1671 95 Concimum.
1889 67 1987 104 229

233 141 508 191 nominatum
534 138 775 184 Henricum
799 170 812 193 ‚
848 150 980 199 quem
1006 135 1176 195 Regem
1203 130 1359 179 dicunt
1383 166 1395 190 ‚
1433 133 1664 200 omnesque
1707 133 1896 184 fautores
1933 142 2045 199 ejus,

233 208 678 261 excommunicationi
714 203 893 269 subjicio
917 240 929 263 ‚
967 207 1009 252 &
1050 198 1342 252 anathematis
1379 202 1565 249 vinculis
1598 204 1768 264 alligo:
1808 211 1865 254 Et
1889 206 2049 255 iterem

232 286 435 344 Regnum
477 267 930 327 Theutonicorum&
955 274 1092 322 Italiae
1121 309 1135 333 ,
1181 291 1232 321 ex
1267 287 1389 338 parte
1417 273 1750 337 Omnipotentis
1786 279 1876 323 Dei
1910 281 1952 324 &
1976 286 2049 325 ve-

231 353 319 401 stra
354 347 617 399 interdicens
644 350 684 396 ei
709 384 722 407 ,
758 362 933 396 omnem
961 343 1220 411 potestatem
1255 347 1297 409 ὅτ,
1322 340 1583 403 dignitatem
1610 342 1674 388 illi
1699 345 1886 404 Regiam
1913 347 2049 406 tollo,

232 426 280 471 ἃ
309 437 357 470 ut
387 421 527 469 nullus
553 418 898 468 Christianorum
928 417 968 462 ei
994 414 1100 462 sicut
1140 415 1255 475 Regi
1281 411 1460 461 obediat
1485 448 1498 471 ,
1535 410 1747 460 interdico
1771 449 1783 471 ,
1819 415 2051 480 omnesque

233 495 317 559 qui
344 476 386 540 ei
412 495 661 554 juraverunt
688 524 701 548 ,
737 487 810 536 vel
849 484 1051 550 jurabunt
1091 483 1145 535 de
1184 486 1328 545 Regni
1366 481 1668 531 dominatione
1699 518 1712 541 ,
1749 480 1774 530 ὲ
1821 486 2052 547 juramenti

234 560 512 629 'promissione
545 558 725 608 absolvo
750 593 763 605 .
811 554 907 624 lpse
935 571 1079 604 autem
1107 557 1322 602 Henricus
1351 571 1452 602 cum
1478 551 1560 604 suis
1593 551 1831 605 fautoribus
1862 554 1908 601 in
1933 556 2055 603 omni

233 613 529 694 congressione
554 630 657 678 belli
683 628 822 675 nullas
848 629 960 674 vires
978 661 991 686 ,
1025 625 1277 690 nullamque
1305 626 1351 672 in
1376 627 1465 672 vita
1494 621 1564 670 sua
1591 626 1815 671 victoriam
1840 621 2054 673 obtineat.

232 705 308 751 Ut
333 718 478 750 autem
503 698 764 765 Rudolphus
794 700 999 759 Regnum
1026 695 1399 743 Theutonicorum
1425 709 1546 756 regat
1581 697 1623 742 δε
1647 692 1851 743 defendat
1874 729 1888 754 ‚
1925 712 2057 761 quem

238 772 508 821 Theutonici
535 770 752 830 elegerunt
779 766 857 814 fibi
886 769 932 815 in
958 769 1128 826 Regem
1164 802 1177 824 ,
1213 764 1268 813 ad
1313 764 1495 813 vestram
1526 762 1780 814 fidelitatem
1806 801 1820 825 ,
1855 781 1909 813 ex
1932 781 2057 832 parte

236 842 377 891 vestra
406 839 550 899 dono,
587 839 769 899 largior,
804 839 846 884 &
872 832 1068 884 concedo
1088 829 1301 884 'omnibus
1324 834 1401 883 fibi
1426 833 1610 884 fideliter
1637 833 1950 885 adhaerentibus
1982 836 2058 884 ab-

236 909 493 961 solutionem
523 909 717 958 omnium
746 922 1027 973 peccatorum
1050 941 1064 964 ‚
1102 905 1378 971 nostramque
1403 903 1749 955 benedictionem
1776 908 1825 958 in
1860 906 1941 956 hac
1968 908 2061 955 vita

235 987 282 1031 &
318 984 365 1029 in
393 980 534 1028 futura
559 1014 572 1038 ,
608 976 746 1026 vestra
770 975 902 1025 fretus
930 975 1087 1023 fiducia
1117 977 1275 1037 largior
1300 1010 1312 1022 .
1351 978 1471 1023 Sicut
1499 978 1616 1024 enim
1641 978 1856 1025 Henricus
1881 993 1960 1043 pro
1989 974 2060 1024 sua

236 1050 438 1118 superbia
460 1086 475 1110 ,
508 1046 806 1102 inobedientia
829 1083 843 1106 ‚
879 1050 921 1094 δι
950 1045 1134 1099 falsitate
1156 1081 1168 1104 ‚
1206 1044 1231 1092 a
1278 1047 1420 1107 Regni
1449 1044 1664 1108 dignitate
1701 1045 1805 1112 juste
1830 1046 2060 1111 abjicitur,
2095 1052 2100 1056 ’

235 1114 563 1186 ita-Rudolpho
604 1136 683 1185 pro
719 1115 790 1165 sua
814 1116 1061 1165 humilitate
1087 1151 1101 1175 ,
1137 1113 1390 1182 obedientia
1413 1151 1427 1174 ‚
1462 1119 1504 1164 δε
1532 1118 1720 1165 veritate
1746 1153 1759 1177 ,
1794 1116 1981 1183 potestas
2018 1121 2062 1166 δε

237 1191 433 1254 dignitas
455 1192 604 1252 ‘Regni
630 1186 881 1237 conceditur
911 1222 923 1232 .
973 1188 1109 1247 Agite
1134 1180 1248 1238 nunc
1273 1222 1285 1244 ‚
1333 1183 1476 1251 quaeso
1500 1221 1513 1244 ‚
1569 1189 1720 1234 Patres
1770 1191 1812 1234 δε
1842 1189 2064 1258 Principes

239 1249 484 1310 sanstiffimi
505 1246 521 1319 ¹,
557 1275 606 1308 ut
630 1259 770 1317 omnis
796 1254 978 1304 mundus
1006 1255 1224 1318 intelligat
1259 1259 1300 1303 &
1331 1253 1586 1318 cognoscat,
1622 1257 1728 1322 quia
1760 1255 1790 1304 fi
1814 1258 1990 1323 potestis
2018 1260 2065 1306 in

237 1332 377 1379 Coelo
409 1332 542 1392 ligare
577 1333 619 1376 &
647 1326 833 1386 solvere,
869 1324 1049 1392 potestis
1087 1327 1133 1385 in
1169 1340 1280 1373 terra
1308 1326 1522 1391 Imperia,
1560 1329 1743 1388 Regna,
1778 1330 2068 1395 Principatus,

243 1399 449 1456 Du'catus
478 1436 491 1459 ‚
528 1397 749 1447 Marchias
776 1432 789 1456 ,
825 1397 1074 1450 Comitatus
1097 1431 1111 1454 ,
1146 1396 1419 1450 &omnium
1447 1396 1672 1450 hominum
1698 1394 1962 1464 poffeffiones
1990 1416 2070 1466 pro

240 1473 412 1519 meritis
442 1468 595 1516 tollere
625 1468 859 1531 unicuique
884 1469 938 1514 ’δι
972 1462 1207 1530 concedere
1231 1500 1243 1512 .
1293 1469 1391 1514 Vos*
1421 1467 1538 1513 enim
1580 1467 1902 1518 Patriarchatus
1924 1505 1937 1529 ‚
1974 1472 2070 1517 Pri-

235 1554 385 1589 matus
420 1571 433 1596 2
466 1534 877 1604 Archiepiscopatus
904 1571 917 1594 ,
953 1531 1235 1601 Episcopatus
1261 1532 1507 1600 frequenter
1533 1535 1688 1584 tulistis
1713 1541 1856 1604 pravis
1892 1543 1934 1587 &
1961 1538 2075 1588 indi.

236 1610 340 1671 gnis
367 1645 380 1669 ,
403 1603 459 1656 ¹&
488 1596 715 1668 Religiosis
739 1607 844 1654 viris
867 1602 1040 1659 dedistis
1063 1640 1075 1653 .
1113 1606 1156 1651 Si
1183 1605 1299 1659 enim
1333 1603 1570 1671 spiritualia
1596 1605 1799 1671 judicatis
1823 1644 1836 1667 ,
1872 1608 1982 1675 quid
2016 1608 2072 1661 de

236 1677 508 1728 saecularibus
537 1693 615 1726 vos
644 1672 761 1742 poffe
788 1672 1138 1722 credendumiest
1162 1672 1179 1719 ἓ
1217 1676 1275 1720 Et
1301 1673 1333 1721 fi
1363 1677 1557 1735 Angelos
1593 1675 1873 1726 dominantes
1928 1683 2071 1728 omni-

235 1748 325 1798 bus
351 1747 554 1815 superbis·
571 1744 844 1812 Principibus
873 1741 1123 1809 judicabitis
1148 1778 1161 1802 ‚
1197 1741 1307 1809 quid
1335 1740 1589 1803 deqillorum
1612 1743 1743 1795 servis
1772 1746 1914 1802 facere
1943 1765 2071 1816 pote-

239 1819 318 1868 stis
343 1809 370 1866 ἶ
398 1814 638 1866 Addiscant
685 1832 800 1879 nunc
827 1817 973 1875 Reges,
996 1849 1009 1872 ‚
1057 1817 1098 1866 &
1132 1830 1284 1862 omnes
1315 1810 1454 1865 saeculi
1491 1818 1720 1884 Principes
1747 1854 1760 1878 ,
1796 1822 1953 1884 quanti
1991 1839 2070 1871 vos

238 1888 341 1938 estis
370 1924 384 1948 ‚
420 1885 527 1954 quid
566 1884 745 1953 potestis
769 1921 781 1932 .
830 1887 888 1932 Et
925 1885 1109 1937 timeant
1145 1886 1277 1950 parvi
1305 1883 1491 1951 pendere
1521 1885 1742 1954 J‘uffionern
1769 1889 1968 1938 Ecclefiae
1992 1909 2068 1941 ve-

239 1950 333 2007 strae
358 1993 377 2018 ‚
409 1959 523 2006 &in
548 1953 750 2023 praedicto
787 1955 983 2005 Henrico
1022 1967 1112 2009 tam
1143 1952 1237 2003 cito
1274 1952 1484 2019 judicium
1526 1956 1713 2007 vestrum
1739 1976 1935 2011 exercete
1964 1997 1978 2022 ,
2015 1978 2064 2015 ut

240 2044 392 2077 omnes
409 2025 551 2075 *sciant
575 2061 588 2085 ‚
623 2027 729 2091 quia
759 2041 848 2072 non
882 2023 1062 2071 fortuitu
1093 2059 1106 2083 ,
1156 2021 1227 2071 sed
1256 2024 1393 2073 vestra
1422 2026 1634 2092 potestate
1662 2028 1791 2079 cadet
1811 2065 1823 2078 .
1865 2031 2064 2081 Confun-

240 2096 400 2146 dant'ur
425 2133 438 2156 ,
473 2097 639 2157 utinam
665 2093 721 2158 acl
756 2094 1059 2162 poenitentiam
1087 2128 1100 2151 ,
1135 2109 1184 2159 ut
1219 2091 1391 2159 spiritus
1423 2095 1474 2150 sit
1502 2096 1638 2148 salvus
1676 2102 1722 2151 in
1750 2099 1824 2155 die-
1849 2104 2059 2156 Domini.

242 2171 353 2216 Aeta
375 2169 532 2228 Romae
553 2201 567 2228 ,
604 2166 729 2216 nonis
759 2163 934 2215 Martiis
963 2198 976 2227 ‚
1013 2159 1247 2218 indictione
1275 2165 1431 2217 tertia.
2056 2182 2057 2185 ¹

429 2333 457 2377 S
492 2346 521 2376 C
556 2346 586 2377 H
621 2345 655 2377 0
681 2346 713 2376 >L
749 2346 765 2376 Ι
797 2334 834 2376 ’0
870 2347 900 2377 N
920 2364 935 2376 ⁰
976 2370 979 2371 ⁷
1100 2343 1105 2350 ·
1172 2341 1306 2374 quenter
1350 2333 1488 2367 afferunt
1514 2332 1686 2369 Romanos
1721 2333 1905 2371 Pontifices·
1932 2338 2056 2374 Sanstis

671 2398 675 2401 -
1175 2381 1344 2424 Apostolis
1366 2381 1465 2417 Petro
1491 2384 1524 2416 ἀ
1539 2382 1642 2418 Paulo
1668 2384 1857 2420 succedere:
1883 2388 2053 2431 utiquein

706 2457 709 2459 .
1171 2430 1430 2473 praedicationem
1455 2432 1490 2466 &
1511 2432 1694 2469 doctrinam
1716 2459 1727 2475 ,
1753 2435 1773 2470 ὲ
1795 2447 1862 2479 quo
1882 2438 1976 2472 fonte
1998 2440 2053 2473 sua

353 2476 464 2511 Enrici
478 2478 580 2522 Regis
591 2478 684 2522 plena
695 2477 886 2523 degradatio
895 2487 962 2513 erat
973 2488 1056 2520 opus
1075 2489 1118 2513 ar·
1171 2480 1221 2514 isti
1254 2482 1393 2515 Decreta
1419 2483 1453 2517 &
1472 2481 1626 2528 dogmata
1648 2484 1818 2528 praesertim
1839 2485 2030 2523 hauriebant
2044 2514 2052 2522 .

375 2525 476 2561 duum
490 2552 497 2559 .
525 2527 618 2562 Hinc
630 2528 926 2570 ipsum-petaaurus
937 2527 1120 2571 Gregorius
1171 2530 1242 2564 Nec
1254 2531 1347 2564 enim
1359 2531 1415 2565 ista
1431 2532 1503 2567 loca
1516 2533 1647 2568 suadent
1658 2545 1829 2578 utrumque
1853 2537 2050 2580 Apostolum

240 2578 373 2610 invocat
399 2577 587 2611 Sanctorum
610 2577 854 2619 Apostolorum
871 2576 1039 2620 Principes
1061 2577 1118 2612 Pe-
1172 2580 1264 2613 fuiffe
1286 2581 1495 2624 Cardinalem
1511 2584 1708 2628 Episcopum
1731 2585 1979 2622 Romanorum.
2005 2588 2049 2622 A·

235 2638 327 2660 trum
353 2627 386 2660 &
406 2626 548 2660 Paulum
571 2640 581 2660 .-
617 2625 791 2660 Profitetur
814 2628 851 2662 se
876 2637 945 2661 non
972 2625 1117 2661 humano
1173 2629 1399 2673 postolicarum
1411 2631 1698 2668 Constitutionum
1715 2634 1848 2670 Author
1860 2639 1997 2672 affirmat
2011 2638 2048 2672 in

241 2682 358 2717 motu‘,
384 2675 436 2710 sed
457 2678 601 2710 asturum
622 2684 663 2710 ex
688 2676 832 2719 ipsorum
857 2673 1056 2711 authoritate
1080 2688 1117 2711 ac
1171 2678 1380 2714 Antiochena
1406 2681 1550 2716 Ecclesia
1574 2683 1723 2717 Sanctum
1749 2686 1912 2720 Evodium
1938 2688 1956 2722 a
1971 2689 2048 2722 San·

236 2726 357 2760 divino
376 2725 555 2771 privilegio
570 2749 581 2766 ‚
606 2726 660 2760 cui
682 2737 781 2760 nemo
802 2724 1005 2761 Christianus
1022 2727 1116 2769 poffit
1171 2731 1221 2763 c‘to
1234 2729 1353 2771 Petro,
1380 2731 1534 2766 sanetum
1546 2732 1621 2765 vero
1634 2733 1800 2779 Ignatium
1812 2737 1905 2771 fuisse
1918 2737 2047 2772 ordina-

236 2775 391 2810 obsistere
412 2794 420 2808 s
455 2777 553 2810 lstam
580 2776 824 2809 invocationem
843 2777 916 2817 *effe
942 2775 1116 2819 antiquiffi-
1171 2790 1239 2813 tum
1260 2780 1457 2823 Episcopum
1480 2782 1498 2816 ὲ
1522 2782 1639 2817 δαηᾶο
1663 2785 1826 2828 Apostolo
1848 2786 1973 2821 Paulo.
2002 2789 2046 2822 Et

235 2825 478 2861 mum-morem
498 2825 737 2860 suadent-verba
751 2824 932 2859 Firmiliani
947 2826 1118 2866 Caesarien·v
1168 2831 1201 2863 in
1226 2830 1331 2872 primo
1363 2829 1545 2866 Annalium
1568 2843 1661 2868 tomo
1673 2835 1839 2870 Dominus
1862 2837 2045 2871 cardinalis

227 2875 279 2907 *fis
289 2876 374 2918 apud
394 2871 606 2920 Cappadoces
630 2874 876 2918 Archiepiscopi
898 2876 931 2908 in
944 2875 1114 2913 litterisad
1169 2881 1271 2914 Caesar
1283 2880 1444 2914 Batonius
1458 2878 1716 2919 commentatur:
1743 2888 1880 2930 Legimus
1890 2888 1973 2928 apud
1980 2888 2044 2921 Cle-

237 2923 389 2959 sanctum
411 2926 637 2970 cyprianum.-
662 2929 727 2958 Eos
747 2932 798 2967 qui
819 2928 919 2958 Romae
936 2922 1031 2968 sunt,
1050 2937 1114 2963 ‚non

237 2983 276 3006 ea
284 2979 317 3006 in
328 2975 460 3009 omnibus
470 2974 627 3018 observare
638 2973 781 3019 quaesum
793 2975 832 3013 ab
849 2981 958 3018 origine
971 2977 1087 3009 tradita
1099 2951 1127 3017 ‚i
1161 2979 1327 3022 sanc‘ltffimi
1339 3002 1350 3018 ,
1376 2991 1485 3014 necnon
1506 2985 1685 3024 eruditiffimt'
1696 3010 1706 3025 ,
1738 2986 1923 3019 Antiochenae
1943 2988 2041 3020 Eccle-

235 3024 273 3056 ό·
287 3022 404 3065 frustra?
431 3024 620 3067 Apostolorum
654 3049 665 3066 ,
691 3027 803 3068 utique
827 3023 915 3058 Petri
942 3025 976 3059 &
997 3025 1091 3060 Pauli
1101 3046 1124 3068 ,μ
1159 3029 1209 3071 fiae
1229 3031 1247 3060 ἃ
1270 3032 1358 3062 Petro
1370 3032 1548 3073 Evodtum‚
1574 3038 1723 3077 Ignatium
1746 3038 1817 3068 verb
1842 3038 1862 3067 ἆ
1886 3038 1978 3069 Paulo
1990 3037 2040 3079 effi

235 3073 450 3108 authoritatem
460 3077 646 3115 praetendere
660 3097 672 3116 ,
682 3074 768 3117 scire
783 3081 850 3116 quis
862 3081 953 3108 etiam
974 3075 1042 3109 inde
1060 3055 1124 3117 poli
1164 3088 1275 3114 creatas
1289 3077 1448 3124 Episcopos
1459 3105 1466 3113 .
1494 3082 1639 3125 Necsan?
1649 3097 1738 3118 unum
1748 3086 1808 3126 post
1819 3087 1908 3117 alium
1923 3111 1932 3125 ‚
1957 3096 1991 3118 ut
2002 3087 2039 3120 de

234 3121 304 3161 test.
333 3124 416 3167 Agit
435 3124 469 3159 iu
479 3124 587 3159 Sancti
599 3123 752 3168 Stephani
779 3124 951 3158 Pontificis
963 3116 1122 3162 adversus*
1163 3136 1276 3163 caeteris
1289 3130 1329 3161 ibi
1340 3130 1470 3172 dicitur,
1491 3131 1651 3174 sedfimul.
1682 3137 1851 3177 ,Quodtunc
1863 3136 2039 3178 quidemfa-

224 3172 641 3216 ›rebaptismum2Decreta‚
666 3175 801 3215 quaeille
822 3175 1011 3208 sannorum
1025 3174 1111 3216 Petri,
1163 3180 1241 3213 llum
1255 3178 1342 3223 fuzffl’
1364 3183 1505 3220 videtur,
1529 3184 1593 3215 ciam
1615 3183 1737 3225 diffenfio
1761 3185 1813 3216 illa
1835 3190 1913 3218 inter
1932 3186 2036 3227 fideles
2097 3193 2099 3195 ’

234 3222 270 3256 &
290 3222 595 3257 Pauliauthoritate
625 3223 753 3257 videtur
761 3224 932 3257 munivisse
947 3249 954 3256 .
979 3225 1020 3258 Et
1032 3223 1109 3259 hinc
1165 3236 1212 3272 qui
1226 3241 1260 3263 ex
1270 3229 1473 3270 circumcisione
1487 3256 1496 3270 ,
1523 3233 1609 3265 &eos
1622 3238 1723 3274 quiex
1738 3234 1885 3267 Genttbus
1897 3236 2039 3277 adficiem

219 3272 353 3317 forsan·
370 3274 503 3307 Sanetus
524 3273 681 3313 1renaeus,
707 3273 864 3311 Eusebius
883 3274 1082 3308 Caesariensis
1096 3299 1106 3314 ‚
1164 3290 1331 3319 venerant,
1358 3280 1424 3322 esset
1442 3286 1585 3314 concitata
1606 3306 1613 3314 .
1642 3284 1949 3325 ‚Quocircaquamdiu
1984 3288 2038 3320 illa

218 3317 373 3359 §annus
386 3322 610 3365 Epiphanius,
634 3322 756 3366 aliique
776 3324 902 3367 antiqui
918 3323 1027 3359 Patres
1045 3326 1108 3360 fre·
1115 3318 1124 3396 J

271 3392 276 3405 ι,
298 3403 301 3406 ,
331 3371 436 3413 Christ.
449 3376 529 3416 Lupi
542 3376 638 3415 Opera
655 3374 749 3406 T.V1.

1161 3330 1337 3371 perduravit
1358 3353 1369 3371 ,
1395 3331 1474 3364 illud
1493 3333 1654 3415 “medmxrrn
1670 3331 1757 3376 fut'ffe
1783 3333 1949 3368 adhzbttum
1972 3359 1982 3375 ‚
2002 3343 2038 3370 'ut

1870 3394 1990 3430 uterque

1168 2931 1272 2962 mentis
1287 2929 1512 2969 constitutiones
1521 2957 1531 2973 ,
1557 2934 1665 2975 quibus
1678 2937 1828 2969 interdum
1843 2936 1886 2978 uſs
1895 2936 1966 2980 sum
1978 2942 2042 2970 viri
2061 2932 2094 2962 Α·
2106 2941 2154 2968 45·r
