2352 3756
158 1177 209 1217 Ep.
232 1185 277 1213 5²-

360 149 456 201 366·

475 297 827 351 CAPUT
898 300 969 346 11.

291 453 484 509 Romanus
496 437 796 509 Pontifbxpotcst
820 437 948 501 ubique
968 430 1173 501 conficrcrre

429 513 630 586 Epistopos
655 546 668 569 ,
700 513 815 558 etiam
842 510 879 555 in
907 504 1033 553 alienis

556 576 886 631 Patriarchatibus
895 611 908 626 0

394 721 569 768 Espondeo
581 720 677 757 istum
689 729 830 753 errorem
851 717 914 751 effe
929 713 1099 751 manifeste
1110 714 1176 749 Eu-

294 728 389 815 R
419 774 586 812 sebianum
598 782 696 814 atque
708 767 975 806 Schismaticum.
1002 765 1058 801 Est
1072 764 1176 798 Schis-

291 827 422 862 maticis
447 822 546 861 hodie
584 822 703 857 Graecis
731 819 871 862 palmare
898 815 1152 851 fundamentum
1164 837 1175 854 ‚

295 890 336 913 ex
347 888 415 921 quo
436 876 565 919 sperant
587 872 780 907 Romanum
802 868 984 904 Primatum
1008 875 1175 921 everteret,

292 938 392 973 atque
403 922 542 962 stabilire
553 920 753 957 Eusebianas
766 919 905 962 ineptias
916 914 1179 962 Philippo-Poli-

292 979 362 1013 tani
376 972 599 1011 Conciliabuli
617 970 753 1014 .Longe
764 968 857 1002 aliud
870 970 904 1002 in
919 968 1036 1010 litteris
1048 965 1095 1000 ad.
1105 966 1177 999 An-

293 1028 469 1063 tonianum
481 1024 682 1068 Episcopum
693 1020 860 1064 profitetur
872 1019 1034 1063 gloriosus
1046 1018 1175 1058 Martyr

293 1077 499 1122 Cyprianus.
529 1072 776 1109 Schismaticam
789 1069 972 1104 Novatiani
983 1065 1177 1123 Anti-IJapae

293 1127 508 1161 intrusionem
520 1122 656 1158 nervose
668 1122 811 1165 exagitat
822 1144 832 1160 ‚
844 1128 940 1162 atque
953 1118 1175 1161 prosequitur:

293 1179 370 1214 Cum
388 1176 424 1221 fit
436 1177 455 1208 ἂ
469 1173 582 1215 christo
593 1185 653 1207 una
666 1170 793 1213 Ecclefia
809 1178 865 1212 per
877 1178 971 1204 totum
989 1169 1133 1203 mundum
1143 1171 1176 1200 in

293 1229 388 1263 multa
399 1225 532 1262 membra
542 1218 661 1266 divisa}
689 1227 757 1256 item
768 1219 967 1264 Episcopatus
979 1230 1056 1252 unus
1067 1234 1085 1258 ,ς
1097 1221 1127 1250 E
1126 1223 1176 1260 pt-

290 1277 442 1326 scoporum
468 1277 625 1312 multorum
646 1273 776 1306 concordi
803 1269 1005 1311 numerofitate
1029 1266 1154 1311 dff‘sus
1163 1293 1174 1309 ,

293 1334 331 1364 N
334 1333 494 1362 ovatianus
505 1325 566 1368 post
580 1328 636 1357 Det
647 1324 838 1358 traditionem
849 1344 860 1360 ,
881 1319 943 1362 post
956 1330 1118 1353 connexam
1141 1319 1175 1352 <3¹

294 1379 401 1421 ubique
427 1375 613 1418 conjunctam
644 1372 807 1408 Catholtcae
843 1369 977 1413 Ecclefiae
1010 1374 1154 1403 unitatem
1165 1391 1175 1409 ‚

249 1443 253 1446 ·
295 1429 462 1464 humanam
472 1435 590 1462 conetur
603 1424 708 1466 faeere
719 1420 892 1463 Ecclefiam,
921 1422 954 1455 (9
961 1428 1016 1462 per
1025 1420 1176 1464 plurimas

149 2585 288 2622 Ep.8.15-

186 3053 246 3086 A·3

253 3054 296 3087 63.

294 1484 437 1514 civitates
459 1487 549 1512 novos
576 1473 716 1515 Apostolos
732 1470 801 1515 suos
824 1477 929 1504 mittat
944 1495 954 1511 ,
980 1478 1016 1503 ut
1037 1470 1175 1513 quadam

295 1533 426 1565 recentia
457 1524 522 1573 suae
549 1522 736 1564 institutionis
769 1521 978 1563 fundamenta
1004 1519 1154 1564 constituat
1167 1542 1175 1550 .

295 1582 430 1621 Cumque
446 1579 515 1619 jam
532 1575 653 1617 pridem
669 1581 727 1617 per
747 1583 847 1606 omnes
877 1574 1051 1605 Provincias
1077 1571 1111 1604 ό·
1121 1577 1177 1611 per

293 1629 382 1664 urbes
389 1627 521 1675 fingulas
531 1626 665 1659 ordinat}
684 1621 744 1665 fint
757 1619 896 1665 Episcopi
911 1645 922 1662 ,
947 1626 981 1655 in
994 1630 1085 1656 aetate
1100 1625 1177 1653 amt-

293 1685 366 1723 ραι,
391 1685 425 1711 in
433 1679 495 1723 fide
507 1678 616 1720 integri
630 1698 640 1714 ‚
665 1672 836 1717 inpressum
850 1670 978 1715 probari
996 1695 1007 1710 ‚
1033 1676 1065 1704 in
1081 1667 1177 1712 pers}-

293 1735 406 1764 cutione
411 1726 566 1772 proscripti·
579 1750 590 1766 ,
615 1725 664 1759 ille
671 1721 763 1767 super
780 1734 827 1758 eos
843 1732 940 1757 creare
961 1722 1033 1752 altor
1050 1718 1177 1761 Pseudo-

294 1778 455 1822 Episcopos
467 1777 591 1811 audeat.
618 1772 798 1817 ‚Quasipoffit
817 1780 872 1803 aut
883 1778 978 1802 totum
997 1769 1093 1802 orbem
1106 1772 1177 1800 novi

293 1838 416 1865 conatus
428 1826 615 1867 obstinatione
622 1832 784 1865 peragrare
793 1846 804 1862 ,
831 1829 883 1853 aut
894 1817 1078 1858 Ecclefiastict
1088 1825 1179 1859 corpo·

294 1885 340 1914 νὴ
351 1882 551 1920 compaginem
573 1869 1011 1915 discordlaesuaeseminatiwe
1037 1865 1179 1910 rescinde-

294 1941 347 1964 re.
373 1929 459 1976 Qae
485 1923 578 1959 verba
599 1921 662 1958 alte
685 1922 828 1954 clamant
851 1919 1083 1955 Romanorum
1106 1916 1180 1959 Epi-

296 1981 398 2022 scopo
411 1976 473 2013 effe
487 1975 616 2019 plenam
629 1970 818 2017 potestatem
833 1993 844 2010 ,
870 1979 934 2014 qua
947 1977 1054 2002 totum
1067 1965 1181 2022 orbem

299 2031 435 2072 ipsemet
457 2034 605 2071 peragret
632 2046 643 2061 ‚
670 2030 725 2055 aut
748 2030 876 2063 quaqua
897 2017 1020 2052 versum
1042 2015 1179 2051 destinet

298 2079 444 2122 Legatos
455 2100 465 2116 ‚
493 2074 527 2106 &
538 2083 594 2106 aut
609 2082 663 2114 per
674 2069 735 2104 hos
756 2079 809 2103 aut
822 2080 876 2111 per
888 2067 1092 2110 semetipsum
1104 2076 1181 2121 con·

299 2131 400 2164 secret
422 2124 543 2167 ubique
566 2121 743 2164 Episcopos
765 2142 773 2151 .
802 2119 845 2151 Et
869 2117 926 2150 ista
955 2115 1112 2159 potestate
1136 2126 1182 2147 vi-

299 2179 394 2214 detur
416 2172 624 2207 Novatianus
643 2168 681 2203 ad
700 2169 793 2202 suum
817 2165 963 2201 Schisma
984 2166 1182 2200 firmandum

299 2226 436 2264 voluiffe
449 2221 500 2257 uti
518 2234 525 2256 z
554 2221 597 2257 Et
611 2219 695 2254 hanc
710 2219 886 2253 vanitatem
915 2216 1042 2251 videtur
1052 2217 1182 2252 Sanstus

300 2276 490 2321 Cyprianus
513 2271 549 2307 in
572 2271 645 2314 ipso
670 2278 804 2313 arguere
829 2292 836 2300 .
861 2266 917 2301 Est
938 2266 1028 2301 enim
1057 2268 1182 2301 vanitas

299 2321 531 2363 Haerefiarchis
552 2320 721 2358 familiaris
740 2344 748 2352 .
776 2317 826 2353 Ita
848 2317 888 2351 de
910 2316 1182 2361 Hierosolymita-

301 2390 351 2413 nae
375 2373 522 2411 Ecclefiae
546 2372 651 2415 impio
672 2370 819 2403 invasore
844 2367 1038 2402 Theodosio
1057 2392 1067 2409 ,
1093 2366 1180 2412 quod

301 2438 410 2462 novos
432 2424 609 2469 Episcopos
634 2421 754 2454 sacrare
778 2418 908 2452 tentarit
933 2425 1029 2462 atque
1049 2418 1181 2462 coeperit

301 2488 358 2524 per
380 2485 515 2511 omnem
542 2472 636 2506 istum
665 2467 924 2505 patriarchatum
951 2491 962 2507 ,
993 2467 1128 2502 testatur
1148 2468 1180 2501 in

302 2528 390 2568 suis,
417 2525 487 2569 post
507 2521 812 2558 Chalcedonensem
834 2517 1007 2561 synodum
1031 2518 1184 2552 exstanti·

303 2576 385 2619 bus,
414 2575 537 2609 Edi-stis
562 2572 743 2615 Imperator
762 2569 949 2603 Martianus
970 2593 977 2601 .
1005 2568 1050 2602 Et
1068 2569 1184 2604 confir-

304 2638 397 2663 mant
419 2622 664 2669 Epiphanienfis
694 2619 853 2664 Evagrius
878 2644 888 2660 ‚
914 2629 952 2652 ac
975 2617 1185 2662 Nicephorus

306 2679 473 2712 Calixtus.
499 2672 603 2721 QOd
626 2672 730 2716 ipsum
754 2670 892 2706 tentavit
913 2668 947 2704 &
970 2669 1185 2705 Hae-refiarcha

306 2728 502 2762 Guibertus.

356 2778 400 2812 Et
413 2778 471 2812 ista
496 2777 549 2809 sua
563 2773 721 2819 potestate
733 2770 878 2806 Romani
900 2770 982 2805 olim
1007 2770 1186 2806 Pontifices

310 2829 496 2870 frequenter
509 2824 588 2860 citra
602 2823 792 2866 cujusquam
815 2821 1109 2856 contradictionem
1124 2822 1189 2855 fue-

312 2888 389 2912 runt
402 2878 446 2909 usi
461 2900 468 2907 .
498 2876 578 2909 Non
596 2873 726 2908 tantum
748 2874 782 2907 in
807 2871 1028 2905 Provinciales
1049 2882 1106 2906 aut
1118 2873 1189 2906 Me·

312 2926 485 2971 tropolitas
503 2924 689 2964 Antistites,
716 2923 770 2957 sed
791 2922 892 2957 etiam
916 2922 950 2955 in
965 2922 1185 2956 patriarchas.

315 2977 447 3012 Etenim
460 2977 492 3008 in
509 2972 681 3008 Eusebiani
695 2971 853 3006 Chronici
867 2971 1090 3015 supplemento
1117 2972 1186 3007 scri-

314 3027 361 3062 bit
372 3027 502 3062 Sanetus
515 3025 766 3064 Hieronymus:
792 3020 939 3064 Eusebius
965 3023 999 3055 (π
1021 3021 1188 3063 Lucifer-de

311 3077 400 3112 exilio
421 3082 612 3109 revertuntur
628 3098 635 3105 .
661 3075 692 3104 E
717 3072 820 3113 quibus
836 3070 955 3112 Lucifer
976 3070 1097 3114 adscitis
1119 3074 1186 3106 alm

313 3127 424 3162 duobus
459 3123 670 3167 Confeffortbus
711 3122 869 3154 Paulinum
896 3120 1025 3161 Eustatil
1049 3122 1187 3166 Episcopi

316 3178 521 3216 Presbyterum
533 3197 543 3214 ,
570 3178 619 3216 qut
634 3170 828 3215 J'enunquam
849 3171 1046 3204 haerett‘corum
1066 3176 1186 3210 commu-

317 3234 399 3260 m‘one
407 3226 574 3268 polluerat,
600 3228 631 3255 in
640 3230 729 3264 parte
752 3221 906 3254 Catholica
930 3221 1090 3255 Antiochia·
1113 3226 1187 3265 Epi-

308 3275 426 3319 scopum
432 3275 516 3316 factt
533 3299 539 3306 .
566 3273 720 3306 Sanctum
732 3270 917 3304 Eustatium
933 3270 1122 3306 Antiochiae
1131 3272 1190 3304 Pa·

317 3325 511 3364 triarcham,
538 3333 635 3367 quem
658 3323 693 3355 in
705 3321 812 3354 Sancti
835 3319 1030 3364 Philogonii
1053 3320 1136 3365 apud
1157 3322 1188 3355 se

318 3374 459 3408 desuntsti
474 3372 580 3406 locum
594 3382 742 3405 evexerat
758 3371 893 3403 Nicaena
906 3370 1058 3412 Synodus
1075 3396 1085 3411 ‚
1108 3370 1189 3413 deje-

319 3424 366 3459 cit
379 3419 560 3457 Eusebiana
573 3421 668 3456 faffio
682 3419 855 3463 ‚1&istam
875 3419 1048 3454 Ecclesiam
1068 3421 1190 3466 redegit

886 139 1523 187 DlssrRrAT1o

1230 219 1264 273 in
1291 220 1380 254 stiam
1407 222 1594 258 servitutem
1619 251 1627 258 .
1668 226 1793 264 Verum
1821 230 1958 268 haretici
1984 258 1994 275 ‚
2030 234 2106 271 licet

1230 269 1371 310 ejusdem
1399 272 1495 307 Sessae
1520 297 1530 314 ,
1569 277 1643 310 sunt
1670 279 1780 321 paffim
1808 281 1951 317 Cadmaei
1977 287 2102 321 fratres.

1232 317 1418 355 Istiusmodi
1442 322 1541 358 etiam
1559 325 1695 361 fuerunt
1717 329 1855 363 Ariani.
1883 332 1973 367 Nam
1994 335 2105 379 &ipsa

1235 369 1416 406 Eusebiana
1443 373 1543 408 factio
1569 387 1637 410 non
1665 379 1729 412 fuit
1756 379 1815 413 nisi
1842 373 1978 416 frustum
2005 387 2106 420 totius

1233 420 1351 456 Ariani
1372 425 1534 465 corporis.
1564 425 1675 462 Etiam
1686 428 1742 463 illa
1753 430 1788 463 in
1798 431 1991 467 Seleucieufi
2003 433 2108 476 Syno-

1231 469 1276 505 do
1285 471 1654 515 semetipsamlaceravit
1674 479 1709 512 in
1720 480 1785 514 alia
1796 482 1916 523 frusta,
1941 493 2040 527 atque
2062 484 2108 518 ita
2139 492 2143 497 ²

1233 521 1355 554 factum
1375 522 1421 556 est
1444 525 1533 569 quod
1555 526 1590 560 in
1612 528 1730 562 eodem
1752 531 1980 574 supplemento
1999 533 2110 568 scribit

1235 571 1321 604 idem
1333 571 1562 619 Hieronymus
1574 590 1586 611 .·
1612 580 1749 613 Meletiur
1764 605 1774 620 ,
1799 582 1937 623 Sebastiae
1959 588 2110 618 Armenio·
2126 583 2159 612 A·
2179 587 2224 621 36.

1234 632 1299 653 rum
1310 620 1472 664 Epiftopus
1486 649 1497 665 ,
1518 626 1557 658 ab
1571 632 1672 661 acacio
1684 632 1717 664 (9·
1729 634 1849 675 Georgia
1862 657 1873 673 ‚
1897 636 2019 667 Arianis
2031 637 2110 676 Ept-

1229 669 1324 714 scopts
1339 696 1350 711 ‚
1377 674 1561 709 Antiochiam
1571 679 1759 723 transfertur
1768 705 1775 713 .
1803 683 1916 725 Etpost
1927 695 1984 718 non
1989 685 2108 728 grande

1225 2809 1404 3516 &ferendam
1413 3282 1527 3315 operam
1538 3281 1621 3304 tanto
1633 3280 1754 3318 negotio.
1782 3274 1876 3308 Hinc
1886 3276 1952 3308 vult
1966 3275 2051 3308 mitti
2063 3275 2123 3307 Le-

1234 728 1373 766 temports
1385 726 1597 766 intervallum,
1623 740 1688 762 cum
1701 731 1904 772 Presbyterum,
1929 740 1978 776 qut
1999 734 2038 766 ab
2048 737 2111 766 Eu-

1235 773 1320 805 doxio
1342 775 1515 817 Anteceffore
1532 775 1587 819 suo
1606 779 1724 821 depositi
1739 781 1871 824 fuerant
1892 807 1904 824 ,
1925 782 2111 827 suscepisset,

1235 822 1318 854 exilu·
1335 824 1519 866 justissimam
1546 827 1664 872 causam
1693 829 1795 875 subita
1815 832 1888 875 fidei
1911 836 2111 868 demutatione

1236 871 1356 914 delufit.
1385 875 1528 910 Aeacius
1540 876 1683 921 Luscus,
1710 881 1909 917 Caesarienfis
1932 884 1964 917 in
1979 882 2111 926 Palesti-

1238 933 1278 978 na
1294 922 1475 969 Episcopus
1487 949 1499 967 ,
1524 938 1592 961 erat
1611 940 1750 975 magnus
1769 932 1803 965 in
1824 933 2039 967 Antiocheno
2053 933 2111 967 Pa-

1237 971 1412 1007 triarchatu
1435 974 1648 1020 Metropolita
1668 1004 1679 1021 ‚
1706 982 1872 1025 Georgius
1895 994 2003 1017 autem
2027 980 2113 1016 Lao·

1237 1022 1372 1057 dioensis
1396 1022 1574 1067 Episcopus
1598 1039 1665 1063 erat
1692 1030 1896 1067 Antiocheni
1919 1032 2114 1068 Patriarchae

1239 1073 1272 1105 in
1292 1072 1402 1116 primae
1413 1073 1509 1116 Syriae
1528 1075 1704 1112 Provincia
1728 1080 1848 1116 nobilis
1866 1083 2111 1128 saffraganeus:

1240 1122 1281 1155 Et
1295 1122 1334 1156 ad
1348 1123 1433 1166 ipsos
1445 1124 1585 1160 omnino
1607 1127 1765 1170 spestabat
1775 1128 1969 1167 Patriarchae
1984 1145 2114 1176 promo-

1238 1171 1286 1206 tio
1299 1197 1306 1205 .
1333 1173 1472 1209 Hincin
1486 1175 1632 1210 Eudoxii
1645 1203 1655 1218 ‚
1682 1178 1773 1221 cujus
1782 1190 1916 1214 omnem
1937 1183 2113 1217 factionem

1238 1223 1469 1259 damnaverant
1487 1225 1643 1260 Seleuciae
1663 1252 1674 1267 ,
1702 1228 1812 1263 locum
1835 1230 1990 1266 intrusere
2013 1232 2125 1266 Mete·-

1239 1273 1321 1307 tium
1338 1298 1346 1306 .
1372 1273 1546 1310 Acacianae
1570 1277 1721 1312 factionis
1740 1279 1826 1323 apud
1839 1282 2019 1316 Seleuciam
2030 1281 2114 1316 Aeta

1240 1324 1477 1366 prosecutusest
1490 1325 1666 1369 Meletius,
1692 1340 1790 1374 atque
1802 1331 1847 1367 ita
1857 1331 1903 1366 ob
1921 1332 2043 1377 dogma
2058 1331 2114 1370 de-

1240 1373 1390 1416 gradatos
1412 1375 1454 1411 ab
1479 1376 1636 1413 Eudoxio
1656 1378 1863 1422 presbyteros
1883 1384 2042 1425 reparavit
2061 1382 2116 1416 uti

1238 1424 1400 1468 gloriosos
1427 1426 1633 1463 Confessores
1655 1453 1662 1461 .
1690 1429 1887 1465 Eudoxiana
1913 1433 2009 1466 factio
2027 1431 2114 1475 apud

1243 1473 1458 1510 Antiochiam
1471 1487 1539 1512 erat
1553 1479 1716 1521 potentior
1727 1504 1734 1513 .
1764 1480 1858 1517 Hinc
1877 1482 1911 1516 &
1922 1483 1986 1526 ipsa
1996 1481 2114 1525 abjecit

1239 1523 1413 1559 Meletium
1439 1551 1450 1567 ,
1483 1527 1517 1561 &
1546 1528 1600 1571 ipsi
1639 1530 1893 1573 superordinavit
1933 1531 2115 1575 Euzoium.

1243 1575 1317 1609 Erat
1338 1574 1406 1610 illic
1432 1578 1465 1610 &
1484 1578 1672 1615 Eustatiana
1692 1585 1885 1617 communio
1903 1594 1910 1616 :
1938 1581 2117 1619 Catholica.

1240 1625 1296 1660 sub
1322 1625 1520 1670 presbyteris
1537 1629 1571 1662 &
1595 1630 1732 1665 Clericis
1752 1632 1819 1666 fine
1837 1633 2002 1676 Episcopo
2020 1631 2116 1665 Chri-

1242 1676 1383 1710 stianitas
1406 1701 1418 1717 ,
1443 1688 1513 1720 quae
1540 1678 1669 1713 intrusis
1698 1691 1752 1723 per
1772 1681 1916 1717 Arianos
1945 1681 2115 1725 Episcopis

1241 1736 1408 1768 nunquam
1438 1728 1583 1762 voluerat
1609 1730 1856 1764 communicare
1883 1756 1890 1763 .
1928 1731 2027 1764 Hanc
2053 1729 2114 1763 fibi

1238 1775 1414 1809 conciliare
1436 1776 1558 1810 studuit
1580 1779 1724 1812 extrusus
1752 1780 1905 1812 Meletius
1929 1804 1939 1820 ‚
1964 1778 2118 1815 Catholi-

1239 1834 1310 1856 cam
1322 1823 1418 1856 fidem
1429 1827 1529 1867 coepit
1538 1828 1679 1868 profiteri
1693 1851 1704 1867 ,
1730 1828 1762 1862 δε
1773 1839 1911 1863 conatus
1933 1829 1978 1863 est
1991 1829 2040 1862 illi
2052 1829 2116 1863 effe

1242 1872 1441 1917 Episcopus.
1470 1874 1511 1907 Et
1522 1875 1625 1917 plures
1650 1878 1755 1920 ipsum
1779 1879 1853 1913 sunt
1875 1880 1996 1913 secuti.
2023 1878 2115 1914 Cum

1242 1924 1308 1963 ipso
1322 1923 1355 1956 in
1377 1922 1569 1959 suburbanis
1589 1929 1730 1969 campis,
1757 1939 1873 1971 utpote
1895 1928 2031 1963 civitate
2051 1929 2115 1972 eje-

1240 1971 1301 2011 sti,
1329 1972 1401 2004 sunt
1412 1973 1567 2013 compulsi
1578 1986 1671 2019 agere
1682 1978 1845 2019 Synaxes:
1877 1977 1917 2011 Et
1934 1977 2012 2012 hinc
2035 1978 2115 2014 dicii

1240 2021 1455 2063 Campenses.
1485 2022 1709 2079 Verum‘quod
1722 2027 1866 2060 Arianus
1878 2028 2005 2068 fuisset,
2030 2027 2114 2064 &ab
2140 2054 2141 2057 =

1243 2069 1375 2103 Arianis
1398 2069 1475 2104 ess'et
1497 2071 1657 2113 intrusum,
1679 2075 1775 2109 multi
1796 2077 1869 2110 sunt
1882 2077 1986 2118 ipsum
1998 2078 2118 2112 aversa·¹

1243 2121 1268 2155 ti
1291 2145 1298 2152 .
1327 2120 1419 2153 Hinc
1448 2115 1580 2155 Lucifer
1606 2122 1812 2159 Calaritanus
1838 2126 2018 2170 Episcopus
2044 2128 2116 2163 illie
2180 2142 2182 2144 ·

1242 2171 1440 2205 consecravit
1465 2171 1642 2206 Paulinum
1663 2198 1681 2215 ‚.
1700 2176 1805 2209 virum
1829 2188 1883 2219 pet
1900 2179 2015 2212 omnia
2036 2177 2117 2212 inte-

1243 2231 1356 2264 grum,
1385 2220 1581 2256 Eustatianae
1603 2225 1656 2257 seu
1667 2224 1848 2260 Catholicae
1869 2229 2116 2263 communionis

1244 2271 1486 2306 immaculatum
1511 2272 1696 2307 sestatorem
1718 2301 1725 2308 .
1760 2276 1989 2311 ordinationis
2009 2303 2019 2317 ‚
2044 2289 2116 2321 quae

1242 2322 1351 2364 &ipsa
1373 2322 1487 2355 multis
1506 2323 1734 2363 quaestionibus
1753 2328 1863 2359 ansam
1882 2326 2017 2369 praebuit
2034 2352 2044 2369 ‚
2072 2329 2117 2361 se-

1244 2372 1325 2405 riem
1347 2370 1447 2405 habes
1458 2372 1542 2415 apud
1555 2372 1717 2408 Socratem
1730 2400 1741 2415 ,
1767 2375 1940 2409 Hermiam
1959 2378 2118 2411 Zozome·

1245 2433 1345 2460 num,
1371 2421 1648 2465 Theodoretum,
1674 2437 1711 2459 ac
1720 2425 1801 2459 alios
1822 2424 2118 2463 authenticosScri·

1245 2483 1349 2515 ptores
1362 2495 1369 2504 .

1293 2521 1440 2567 Qaessio
1462 2523 1505 2556 est
1520 2547 1530 2562 ,
1556 2523 1632 2570 Qa
1655 2523 1854 2559 authoritate
1874 2525 2007 2560 Lucifer
2029 2526 2062 2560 id
2073 2534 2119 2560 at-

1245 2573 1420 2607 tentaverit
1434 2573 1450 2604 ?
1477 2571 1553 2606 Erat
1569 2574 1689 2607 latinus
1702 2574 1878 2618 Episcopus
1890 2600 1899 2616 ‚
1926 2577 2118 2620 proscriptus

1245 2623 1279 2657 &
1291 2622 1368 2656 exul
1381 2647 1391 2662 ‚
1420 2620 1505 2655 nihil
1516 2633 1691 2658 commune
1704 2623 1825 2659 habens
1845 2638 1920 2660 cum
1936 2627 2117 2660 Antioche·

1246 2684 1290 2706 no
1318 2671 1542 2706 patriarchatu
1570 2697 1577 2704 .
1614 2673 1812 2717 Respondeo
1839 2676 1930 2710 illum
1955 2676 2051 2720 egisse
2075 2687 2116 2709 ex

1247 2721 1445 2756 authoritate
1456 2722 1654 2766 Apostolicae
1664 2724 1857 2770 Legationis
1868 2751 1875 2758 .
1901 2727 2021 2759 Fateor
2032 2725 2116 2760 hanc

1249 2771 1358 2807 lucido
1369 2771 1559 2807 testimonio
1573 2784 1639 2807 non
1656 2775 1744 2816 posse
1764 2775 1996 2809 demonstrari:
2027 2776 2117 2809 Atta-

1248 2824 1538 2866 menfirmaeipsam
1560 2823 1728 2858 stabiliunt
1747 2825 1952 2868 conjecturae.
1982 2826 2116 2859 Etenim
2169 2832 2173 2837 ’

1247 2874 1349 2908 totius
1361 2874 1541 2908 Orientalis
1552 2898 1562 2913 ‚
1589 2885 1626 2907 ac
1637 2875 1808 2918 praesertim
1823 2874 2038 2909 Antiochenae
2059 2875 2117 2909 Ec-

1246 2923 1345 2957 clesiae
1357 2923 1555 2957 calamitates
1573 2926 1710 2967 exponit
1733 2925 1764 2959 in
1778 2926 1890 2959 litteris
1910 2925 1950 2963 ad
1963 2924 2117 2958 sanctum

1247 2972 1459 3007 Athanasium
1487 2974 1632 3018 Magnus
1656 2974 1807 3014 Basilius,
1834 2976 1867 3009 &
1890 2976 2116 3017 prosequitur,-

1247 3028 1332 3057 Viros
1348 3023 1461 3065 aliquos
1475 3022 1607 3064 Ecclefiae
1621 3034 1681 3058 tuae
1693 3048 1703 3063 ,
1724 3032 1861 3066 potentes
1883 3031 1914 3057 in
1926 3025 2060 3058 doc‘lrina
2068 3025 2117 3067 sa·
2132 3032 2184 3069 Ep.
2206 3039 2255 3066 4²·

1247 3087 1287 3108 na
1300 3098 1310 3113 ‚
1336 3075 1380 3106 ad
1390 3075 1592 3108 occidentales
1604 3072 1760 3115 Episcopos
1782 3080 1867 3108 mitte
1879 3098 1889 3113 ‚
1916 3075 2022 3117 quibus
2042 3075 2118 3109 cala-

1248 3124 1401 3158 mitatibus
1412 3131 1578 3164 occupemur
1599 3125 1631 3156 (ν
1640 3132 1813 3165 premamur
1825 3148 1835 3164 ,
1862 3125 1924 3157 illis
1945 3133 2097 3167 exponam
2108 3149 2116 3157 .

1248 3173 1355 3207 InHrue
1367 3173 1432 3205 illos
1438 3173 1542 3214 forma
1553 3174 1703 3205 narrandi
1714 3198 1724 3213 ‚
1746 3186 1805 3216 qua
1815 3184 1956 3208 utantur.
1987 3174 2057 3215 Esto
2070 3177 2121 3208 Sa-

1249 3224 1328 3257 muel
1337 3222 1469 3263 Ecca-fin
1485 3247 1491 3254 .
1518 3225 1579 3256 scio
1589 3225 1680 3264 qudm
1690 3223 1850 3267 langueam
1862 3225 1985 3266 epistolae
2006 3227 2050 3257 ad
2058 3236 2121 3257 con-

1251 3334 1346 3367 gatos
1355 3323 1395 3356 ab
1411 3322 1498 3356 Atha
1506 3322 1603 3356 nafio:
1613 3323 1711 3368 Qod
1726 3324 1750 3357 is
1759 3324 1917 3358 Romanae
1925 3324 2070 3357 Ecclefiae
2080 3324 2125 3357 es-

1254 3375 1297 3407 set
1311 3384 1408 3406 notus
1428 3374 1460 3406 ὅ(
1474 3384 1601 3416 gratus.
1637 3373 1771 3406 Easdem
1801 3374 1996 3407 calamitates
2019 3375 2125 3416 ample

1252 3423 1387 3467 exponit
1400 3422 1434 3456 in
1448 3422 1561 3457 litteris
1571 3422 1611 3457 ad
1625 3423 1855 3458 Occidentales
1868 3424 2046 3467 Episcopos
2058 3447 2068 3462 ‚
2091 3427 2126 3460 &

2024 3484 2092 3518 pro-

2144 3449 2192 3486 ΞΡ.
2213 3454 2261 3479 71·
