2372 3756
200 2140 203 2143 ’
255 2147 433 2185 nasserium
456 2174 468 2189 ,
502 2148 578 2182 licet
613 2146 773 2180 Paternus
808 2145 928 2178 Canon
967 2144 1136 2178 Romanas

665 167 1715 226 QilNTUMROMANuMConcu-tum.
1933 185 2020 229 131

1209 246 1364 280 ¹Iimitibus
1376 245 1700 289 Conciliorumficorum
1720 253 1752 278 in
1774 248 1823 281 hoc
1845 250 2028 291 dumtaxat,
2054 260 2091 284 ut

1219 297 1459 340 quandocumque
1479 298 1603 331 voluerit
1619 295 1673 338 fibi
1699 298 1822 329 clericos
1843 294 1981 334 ordinare
2001 325 2012 341 ,
2037 302 2094 335 vel

1218 352 1358 381 Oratoria
1382 346 1568 387 Monasteriis
1590 348 1745 385 dedicare,
1774 346 1937 388 Episcopus
1952 375 1962 390 ‚
1987 357 2020 384 in
2040 362 2089 387 cu.

1209 400 1265 438 jus
1277 396 1363 438 plebe
1373 398 1425 431 vel
1431 402 1555 431 civitate
1574 397 1651 430 locus
1673 394 1841 434 Monasterii
1860 398 1977 439 consistit
1988 425 2000 440 ,
2025 398 2089 443 ipse

1215 447 1305 487 hujus
1328 454 1459 482 muneris
1478 453 1613 491 gratiam
1634 447 1777 487 compleat
1797 470 1809 485 ,
1839 444 1932 487 salva
1951 449 2088 484 libertate

1216 495 1422 532 Monachorum
1434 522 1444 536 ‚
1472 497 1551 530 nihil
1567 496 1624 539 fibi
1641 504 1756 538 praeter
1776 494 1854 527 banc
1873 497 2086 534 ordinationem

1215 549 1374 581 vindicans
1387 572 1397 587 ,
1423 558 1515 590 neque
1524 546 1724 588 Ecclesiasticis
1734 556 1779 578 eos
1798 546 2011 579 conditionibus
2031 558 2085 581 aut

1212 602 1348 641 angariis
1367 595 1499 640 subdens
1521 621 1529 629 .
1566 598 1661 645 Qas
1688 597 1820 630 cunstas
1841 596 1995 638 Synodos
2021 597 2087 630 lau-

1212 646 1292 681 dant
1309 672 1319 687 ,
1344 659 1382 682 ac
1403 648 1438 680 in
1461 646 1660 691 privilegiis,
1683 645 1949 689 quaeCorbejensi
1960 658 1996 680 ac
2008 648 2087 681 San-

1211 699 1251 730 sti
1279 697 1433 741 Dionysii
1453 697 1665 732 Monasteriis
1685 697 1765 730 dant
1778 719 1789 735 ,
1815 696 1846 729 se
1859 696 1978 731 imitari
1991 698 2088 740 profi-

1210 756 1320 781 tentur
1332 747 1553 783 Berthefiidus
1567 746 1797 783 Ambianenfis
1808 769 1819 785 ,
1839 747 1874 780 ὃ(
1885 747 2086 783 Landericus

1211 797 1392 840 Episcopus
1410 797 1611 834 Parifienfis..

1260 847 1342 895 Qiae
1354 848 1540 883 Monastica
1564 847 1694 882 libertas
1713 847 1795 882 olim
1816 846 1958 881 omnino
1978 847 2086 893 viguit
2103 879 2124 908 F
2149 875 2182 906 .st

1208 896 1354 930 etiamin
1376 897 1537 934 Orientali
1562 897 1723 932 Ecclefia.
1756 897 1861 931 Lucet
1882 910 1924 933 ex
1949 897 2084 939 litibus,
2102 885 2192 954 c]p¹3·‘
2214 882 2260 910 ⁶⁰⁵

1209 957 1288 987 quas
1308 947 1340 980 in
1357 948 1511 984 sancium
1533 949 1781 992 Hieronymum
1803 960 1840 982 ac
1862 947 1930 991 ejus
1951 949 2083 984 fratrem

1209 994 1443 1031 Paulinianum
1468 999 1575 1033 movit
1603 999 1744 1040 Ioannes
1764 998 2006 1041 Hierosolymae
2041 999 2082 1033 E-

1209 1047 1358 1088 piscopus
1372 1070 1384 1086 ‚
1409 1053 1500 1081 etiam
1523 1049 1755 1083 occidentalium
1766 1049 1954 1083 sacerdotum
1965 1060 2083 1082 commo-

1208 1107 1283 1129 vens
1295 1107 1380 1129 aures
1391 1121 1402 1137 ‚
1414 1096 1569 1139 dicensque
1578 1097 1656 1131 bunc
1665 1105 1695 1131 in
1702 1097 1761 1140 sua
1774 1097 1917 1131 Parochia
1930 1098 2082 1132 Bethleem

1212 1147 1411 1184 Presbyterum
1436 1148 1621 1187 constitutum
1638 1173 1646 1180 .
1686 1148 1829 1196 Qestus
1849 1149 1892 1182 est
1917 1148 1936 1181 a
1961 1148 2081 1187 Sansso

1210 1196 1422 1239 Epiphanio,
1445 1208 1601 1231 extraneo
1624 1197 1810 1241 Episcopo,
1836 1198 2022 1232 ordinatum
2046 1200 2082 1232 in

273 264 321 289 cut
342 250 456 296 semper
471 252 621 294 fuerunt,
647 252 667 282 ἃ
687 250 849 282 conditione
868 248 1046 281 clericorum
1059 249 1153 280 modis

276 304 408 337 omnibus
422 304 539 342 libera,
556 299 612 342 fibi
624 301 742 333 tantum
755 300 859 334 &Deo
866 299 1036 339 placentia.
1063 297 1155 331 Gras-

276 357 368 389 sante
394 353 559 387 Honor-ici
587 362 642 384 aut
668 347 892 384 Trazamondi
931 346 1033 391 Regis
1069 348 1153 390 apud

275 406 380 440 Afros
401 404 524 439 Ariana
547 401 767 446 persecutione
783 423 793 439 ,
819 397 968 439 adeoque
981 407 1036 439 per
1047 397 1154 431 Sancti

274 454 419 500 Eugenii
447 454 587 487 mortem
614 461 751 484 vacante
771 445 1018 490 Carthaginensi
1043 446 1154 481 Eccle-

274 509 317 541 sia
339 531 349 548 ‚
386 504 501 538 Petrus
527 504 561 537 in
597 502 764 543 Byzacena
804 496 978 530 Provincia
1003 495 1153 532 fundavit

273 554 538 594 Monastetium‚
563 551 696 594 cupiens
721 547 825 592 ipsum
854 544 1006 587 subjicere
1018 547 1154 582 laudatae

273 607 423 640 Ecclesiae
461 598 711 645 Carthaginensi
733 622 741 629 .
783 596 911 630 Verum
950 596 1047 639 quod
1073 597 1151 630 dieti

273 657 392 690 Ariani
420 655 527 698 Reges
551 650 732 684 claufiffent
755 658 870 681 omnes
893 646 1082 681 Catholicas
1092 648 1152 680 Ec·

272 707 403 746 clesias,
430 705 563 747 ipsarum
587 698 805 743 deportassent
827 708 881 730 aur
901 696 1093 730 occidissent
1111 697 1150 730 E-

272 757 445 801 piscopos,
471 753 503 785 δε
528 762 632 784 novos
644 749 743 782 creari
757 745 945 791 rigidissime
956 745 1151 784 vetuissent,

271 807 364 840 nulla
385 801 561 847 affulgebat
588 801 653 842 spes
679 796 822 831 habendi
856 796 891 828 in
919 795 978 829 ista
1007 796 1149 830 Ecclesia

270 855 447 899 Episcopi,
473 853 612 892 ideoque
641 849 759 882 Petrus·
781 848 811 880 se
832 857 871 879 ac
893 845 965 878 suos
988 855 1047 888 pro
1067 856 1148 880 tem-

269 917 349 948 pore
371 903 536 948 supposuit
558 900 734 933 Bonifacio
746 895 950 931 Gratianenss
965 895 1148 939 Episcopo,

270 958 332 990 suae
354 953 539 989 Provinciae
557 948 714 983 Primati.
757 946 822 980 Res
850 946 896 979 ita
923 946 1036 979 manfit
1047 947 1151 990 usque-

269 1006 309 1040 ad
336 1001 561 1039 Trazamondi
586 1000 693 1033 filium
714 997 748 1030 &
773 996 982 1031 successorem
1003 995 1148 1029 Hilderi-

267 1066 365 1096 curn,
393 1055 449 1098 qui
471 1065 512 1087 ex
541 1050 693 1085 Eudoxia
721 1045 950 1081 Valentiniani
977 1046 1063 1079 tertii
1084 1046 1147 1081 lm-

266 1105 424 1150 peratoris
451 1103 518 1139 filia
538 1102 671 1146 genitus
691 1123 702 1138 ,
728 1108 784 1130 aut
807 1106 916 1130 mente
937 1095 999 1129 fuit
1021 1094 1143 1129 Catho-

268 1158 351 1190 licus
364 1182 375 1197 ‚
402 1165 458 1189 aut
478 1151 563 1188 cette
583 1152 617 1184 in
646 1147 842 1182 Catholicos
863 1147 1007 1179 clemens
1028 1146 1146 1179 &affe-

268 1209 358 1241 stuS.
385 1203 544 1239 Reddidit
570 1202 662 1235 enim
676 1197 854 1232 Ecclefias:
880 1194 1027 1228 Permisit
1042 1207 1145 1229 novos

265 1255 448 1291 consecrati
472 1253 674 1297 Episcopos,
701 1258 797 1289 atque
825 1248 868 1280 ita
882 1244 1144 1288 Carthaginenfis
1209 1247 1260 1280 sua
1274 1245 1434 1281 Parochia
1460 1247 1715 1286 Paulinianum,
1741 1249 1775 1282 &
1797 1249 1901 1290 ipsum
1924 1249 1972 1283 uti
1995 1249 2082 1293 male

264 1306 407 1341 Ecclesia
435 1303 560 1346 accepit
585 1298 876 1340 Archiepiseopum
907 1295 1141 1330 Bonifacium.
1208 1296 1393 1330 ordinatum
1407 1297 1580 1340 appellavit
1592 1309 1660 1330 non
1674 1297 1778 1331 solnm
1790 1297 1829 1331 ad
1842 1299 1935 1333 suum
1960 1299 2083 1333 Metro-

263 1357 309 1390 Et
335 1366 414 1389 tunc
435 1354 549 1387 Petrus
571 1349 684 1382 Abbas
706 1348 797 1381 suum
822 1345 1062 1380 Monasterium
1075 1346 1143 1387 sup·
1209 1345 1344 1388 politam
1359 1347 1593 1382 caesareensem
1605 1358 1660 1381 aut
1674 1347 1926 1382 Antiochenum
1944 1347 2083 1384 Patriar-

264 1406 374 1450 posuit
401 1403 551 1438 Ecclefiae
570 1396 839 1441 Carthaginensi.
867 1394 993 1428 Verum
1016 1393 1145 1428 Libera·
1207 1395 1301 1429 cham
1329 1421 1340 1436 ‚
1374 1397 1430 1430 sed
1457 1397 1555 1431 etiam
1578 1398 1618 1431 ad
1647 1398 1839 1433 Romanum
1862 1398 2081 1434 Pontificem.

264 1467 316 1489 ως
343 1455 522 1497 ΒΥΉΕΕΠῈ
542 1448 724 1482 P‘0Vin03ae
737 1456 817 1480 ‘⁰¹¹⁰
829 1444 953 1478 primas
963 1444 1145 1488 graviffime
1209 1444 1307 1479 Adeo
1329 1446 1423 1481 senfit
1445 1446 1538 1481 istam
1549 1447 1718 1490 injuriam.
1746 1448 1897 1483 Alterum
1909 1450 2085 1483 accusatio.

263 1502 460 1541 interemit,
483 1500 661 1534 asseverans
682 1496 821 1540 spestare
843 1494 884 1527 ad
907 1496 995 1527 suam
1008 1493 1144 1537 pozesta-

262 1564 330 1587 tem
344 1577 356 1593 ,
380 1553 415 1586 ὅ(
436 1551 540 1595 ipsum
569 1557 692 1581 vexans
715 1543 860 1589 plurimis
883 1542 1145 1578 calamitatibus..

262 1603 307 1637 Et
330 1603 457 1635 viderur
481 1597 720 1633 Monastetium
735 1595 872 1628 fuiffein
882 1594 951 1641 ejus
965 1593 1124 1628 Parochia
1137 1618 1144 1624 .

260 1653 364 1701 Qod
389 1653 494 1695 ipsum
515 1647 652 1683 suadent
672 1645 818 1701 adduCtae
840 1655 894 1687 per
909 1645 1022 1700 *ipsun-1
1046 1644 1145 1699 rario—

260 1714 319 1737 nes
338 1726 346 1735 .
374 1701 491 1736 Primo
509 1723 520 1739 ,
558 1694 647 1741 quod
673 1707 714 1730 ex
741 1696 791 1729 sui
816 1694 1017 1728 Subdiaconi
1045 1692 1147 1727 bonis

261 1753 344 1787 iliud
368 1754 446 1787 esset
469 1748 664 1783 fundatum.
692 1743 865 1783 Secundo,
891 1743 982 1787 quod
1005 1745 1081 1777 esset
1106 1743 1140 1776 in
1205 1754 1242 1778 to
1268 1744 1386 1779 dixisse
1421 1747 1627 1789 Hieronymi
1653 1746 1860 1782 Monasterio
1883 1772 1891 1782 .
1934 1748 2086 1785 Voluisse

261 1802 406 1846 Bymcio
429 1826 438 1833 .
463 1796 583 1833 Tertio
599 1823 610 1838 ‚
635 1795 724 1839 quod
749 1805 863 1829 omnes
886 1794 957 1837 ejus
979 1792 1139 1827 Monachi
1204 1795 1310 1838 ipsum
1335 1794 1394 1830 sibi
1418 1806 1586 1839 tamquam
1613 1797 1801 1832 Ordinatio
1828 1797 1996 1843 Episcopo
2021 1802 2085 1835 esse

259 1853 362 1886 essent
385 1849 550 1893 Byzaceni
563 1873 575 1888 ‚
600 1847 743 1890 ideoque
763 1842 856 1887 hujus
879 1842 1059 1878 Provinciae
1076 1854 1140 1876 con·
1205 1857 1261 1887 per
1281 1846 1397 1881 omnia
1414 1844 1596 1890 'subjectum
1610 1872 1617 1878 .
1643 1847 1688 1881 Et
1711 1848 1751 1882 ad
1777 1848 1921 1892 primum
1941 1852 2085 1893 reposuit

257 1904 372 1936 ditione
388 1899 540 1940 adstriffl.
569 1897 731 1941 Reposuit
756 1895 832 1929 vero
854 1894 968 1928 Petrus
988 1904 1029 1927 ex
1053 1893 1139 1927 avita
1203 1895 1452 1940 Hieronymus:
1477 1899 1510 1930 si
1530 1896 1583 1931 boc
1603 1909 1708 1931 verum
1724 1897 1782 1938 est,
1808 1898 1906 1932 cunffl
1930 1900 2085 1942 Palaestini

255 1951 392 1987 Patrum
405 1949 532 1995 Regula
547 1944 737 1982 Monachos
748 1957 814 1979 non
828 1945 890 1979 effe
902 1943 1057 1986 subjectos
1078 1945 1137 1978 Or·
1203 1943 1345 1988 Epist-opi
1368 1958 1427 1980 non
1445 1953 1589 1990 ignorant
1609 1973 1620 1982 l
1646 1947 1856 1989 Monasterium
1876 1955 1956 1983 enim
1979 1953 2083 1985 Sanc‘li

255 2002 387 2036 dinatio
411 2025 421 2041 ,
447 2000 501 2034 sed
523 1997 566 2033 ab
589 1998 661 2042 ipsis
686 1998 776 2040 posse
791 1995 877 2039 'eligi
898 2004 1138 2037 quemcumque
1204 1998 1301 2038 Papae
1322 1996 1496 2039 Epiphanii·
1516 2023 1528 2038 ,
1553 2004 1668 2032 nomine
1694 2003 1787 2032 Vetus
1809 1999 1921 2032 dic‘ium
1936 2025 1946 2041 ,
1972 2007 2005 2034 in
2027 2014 2082 2045 quo

256 2051 457 2095 Episcopum
470 2074 479 2082 .
505 2050 616 2097 Qm
640 2057 766 2081 morem
788 2045 988 2079 demonstrat
1001 2044 1034 2076 in
1049 2043 1139 2077 Afri·
1191 2045 1298 2087 frater
1311 2058 1390 2080 meus
1401 2046 1437 2087 est
1450 2048 1602 2087 Presbyter
1613 2073 1624 2089 ‚
1649 2053 1680 2081 in
1694 2049 1985 2092 Eleutheropolitano
1995 2059 2083 2085 terri-

256 2112 294 2134 ca
319 2102 442 2144 semper
453 2097 535 2133 adeo
548 2097 683 2141 viguisse
695 2121 704 2135 ‚
733 2104 768 2128 ut
785 2094 1044 2128 Adrumetinum
1059 2093 1136 2126 Mo·
1199 2101 1273 2128 torio
1283 2119 1295 2135 ‚
1319 2098 1354 2130 (τ
1364 2102 1464 2129 nonin
1474 2097 1693 2139 AElienfiss‘tum
1702 2099 1740 2139 est
1751 2124 1758 2132 .
1790 2099 1834 2134 Et
1859 2101 1964 2145 pergit
1978 2113 1986 2132 :
2014 2106 2079 2134 Cur·

1197 2143 1250 2186 ips
1245 2157 1259 2177 e
1264 2148 1296 2189 J
1300 2156 1408 2179 oannes
1424 2170 1434 2185 ,
1460 2148 1536 2188 quod
1549 2148 1676 2188 amplius
1689 2148 1727 2186 est
1740 2172 1751 2188 ,
1778 2149 1943 2188 ministrum
1951 2152 2077 2184 alterius

1182 2194 1499 2250 jEcclefiaeprdinavit
1514 2198 1739 2236 Presbyterum?
1765 2197 1803 2231 In
1815 2198 1984 2241 posteriori
1997 2201 2076 2245 Epi-

1195 2243 1276 2278 stola
1288 2245 1438 2290 adJungit
1451 2246 1686 2282 Paulinianum
1698 2259 1765 2282 non
1778 2248 1819 2282 ad
1832 2248 1978 2283 Ecclesiae
1988 2262 2083 2286 onus.

1207 1496 1259 1529 nis
1278 1507 1375 1538 caput
1398 1498 1535 1539 exponit
1559 1498 1691 1532 Sanstus
1711 1497 2083 1542 Hieronymusinlitte-

1206 1546 1250 1579 ris
1269 1546 1310 1579 ad
1332 1546 1437 1588 ipsum
1451 1547 1633 1588 Ioannem:
1661 1549 2022 1592 Quoddicistepetiffi,
2050 1560 2084 1583 ut
2105 1555 2192 1596 Epist.
2214 1562 2264 1588 ⁶1.

1202 1594 1420 1638 subjicerentur
1432 1596 1566 1637 Ecclefiae
1578 1599 1657 1638 Dei,
1682 1599 1717 1631 <9⁶
1729 1610 1785 1631 non
1804 1597 1975 1641 ftinderent
1995 1611 2060 1633 eam
2072 1626 2083 1641 ‚
2103 1606 2128 1627 C·
2154 1601 2199 1627 ¹⁶·
2217 1624 2223 1635 2

1205 1657 1299 1688 neque
1308 1652 1465 1688 proprium
1474 1646 1530 1688 fibi
1533 1647 1675 1688 facerent
1700 1650 1932 1689 PrIncipatum‚
1958 1650 1996 1683 de
2021 1657 2086 1693 qui-

1204 1694 1258 1728 bus
1271 1696 1355 1728 dicas
1367 1695 1515 1738 nonsatis
1526 1699 1656 1739 intelligo
1669 1724 1676 1730 .
1695 1697 1861 1732 Existimo
1875 1698 1970 1732 illum
1984 1700 2025 1733 de
2037 1711 2086 1735 to-

255 2202 355 2234 etiam
377 2198 611 2243 appellationes
632 2207 699 2229 non
715 2195 914 2237 permitteret
929 2192 1004 2226 ullis
1017 2193 1135 2227 Africae

254 2249 393 2283 Clericis
415 2257 470 2281 aut
494 2244 672 2280 Monachis
696 2268 705 2282 ,
733 2244 913 2287 permiserit
934 2243 1057 2276 subesse
1080 2254 1136 2277 ne-

253 2301 322 2333 scio
337 2299 391 2333 cui
416 2297 581 2341 Episcopo
603 2295 820 2329 transmarino
844 2319 852 2326 .
881 2293 924 2326 Et
945 2290 1024 2325 hinc
1045 2292 1133 2326 addi·
1195 2304 1251 2328 aut
1264 2295 1425 2335 titulum,
1450 2296 1505 2331 sed
1515 2296 1554 2330 ad
1570 2298 1674 2331 solum
1689 2296 1851 2332 honorem
1872 2299 1965 2334 fuisse
1985 2300 2075 2336 abso.

254 2350 375 2384 scimus
394 2347 613 2382 Valentinum
638 2344 806 2379 Abbatem
819 2369 828 2384 ‚
855 2343 913 2376 sub
934 2353 1001 2385 quo
1012 2343 1074 2379 fuit
1088 2344 1131 2376 fa·
1196 2344 1263 2379 lure
1274 2344 1465 2380 ordinatum
1477 2370 1485 2378 .
1514 2346 1558 2380 Et
1571 2344 1635 2380 hoc
1650 2347 1683 2381 in
1694 2348 1920 2391 Monasserio,
1938 2344 1979 2383 ¹<Sc
2004 2352 2079 2395 qui-

255 2399 346 2433 mosa
367 2397 427 2431 ista
447 2396 489 2431 de
512 2396 693 2441 Augustini
714 2395 797 2428 circa
819 2394 957 2438 gratiam
973 2392 1130 2437 dogmate
1191 2393 1266 2427 dem
1279 2396 1315 2429 in
1335 2395 1421 2435 isto,
1446 2396 1538 2438 quod
1563 2397 1599 2430 sit
1613 2408 1680 2431 non
1694 2398 1728 2431 in
1741 2398 2072 2446 Hierosolymitana,

254 2447 433 2492 disputatio
450 2471 461 2487 ‚
486 2447 674 2489 Hispanum
697 2444 788 2479 fuisse
811 2454 867 2478 aut
892 2443 1033 2482 Italum,
1061 2453 1127 2477 non
1176 2426 1244 2499 lsed
1269 2445 1304 2478 in
1325 2444 1655 2490 Eleutheropolitana
1678 2446 1863 2491 parochia,
1887 2450 1923 2486 &
1939 2464 1980 2488 ex
1997 2468 2076 2500 -quo

254 2499 375 2533 Afrum
389 2523 396 2529 .
425 2498 468 2532 Et
478 2497 609 2539 quidem
621 2494 788 2529 Liberatus
802 2495 961 2537 nusquam
973 2493 1127 2537 allegavit
1176 2494 1397 2545 ffEpiphanius
1410 2496 1446 2530 sit
1457 2498 1631 2540 assumptus
1641 2496 1682 2531 ad
1694 2498 1925 2546 Episcopatum
1939 2530 1945 2537 ,
1965 2505 2072 2544 Nem-

254 2549 342 2583 Petri
370 2546 612 2582 Monastcrium
630 2546 693 2580 esse
714 2546 796 2579 intra
811 2546 900 2577 suam
914 2542 1125 2577 Parochiam:
1192 2545 1228 2588 pe
1254 2544 1288 2578 hi
1315 2547 1429 2580 fratres
1453 2547 1574 2581 exinde
1596 2547 1821 2592 Epiphanium
1845 2554 2010 2600 elegerant
2032 2560 2068 2593 in

253 2598 355 2647 Qod
381 2598 498 2640 nempe
517 2594 705 2630 Monachos
730 2593 938 2628 parochiano
961 2592 1127 2636 Episcopo
1191 2596 1284 2628 suum
1296 2595 1494 2639 Episcopum
1507 2620 1519 2635 ,
1544 2597 1685 2643 ideoque
1694 2599 1737 2635 ab
1759 2603 1829 2646 ipso
1848 2616 1947 2649 quam
1967 2610 2070 2645 maxi.

251 2659 334 2683 tunc
355 2647 466 2681 nullus
485 2646 605 2680 Canon
631 2644 803 2687 subjiceret
827 2669 833 2675 .
861 2642 967 2678 Unde
992 2654 1058 2676 non
1081 2644 1131 2677 so·
1191 2645 1243 2678 me
1254 2655 1404 2688 poterant
1417 2646 1453 2680 in
1475 2647 1624 2683 Clericos
1647 2653 1845 2687 consecrari.
1873 2656 1916 2690 Et
1936 2658 2003 2702 ipse
2023 2660 2066 2695 ad

250 2701 321 2734 lum
343 2709 403 2741 pro
427 2697 525 2732 Petro
537 2721 550 2737 ,
574 2693 628 2729 sed
648 2706 707 2738 pro
726 2693 849 2728 cunctis
859 2692 1039 2737 generatim
1052 2693 1123 2727 Mo·
1189 2695 1349 2737 Joannem
1366 2694 1570 2739 Epiphanius
1583 2700 1693 2736 scribit
1705 2716 1716 2736 :
1730 2703 1826 2738 Nihil
1833 2705 1890 2739 tibi
1901 2714 2069 2750 nocuimus,

250 2748 365 2783 „achis
383 2747 441 2781 ista
464 2745 631 2780 Bonifacii
649 2744 802 2787 Synodus
814 2743 965 2777 definivit
976 2766 986 2774 ·
1011 2743 1124 2777 Latuit
1187 2745 1266 2778 nibil
1275 2748 1397 2787 injuriae
1401 2745 1531 2787 fecimus
1541 2774 1553 2791 ,
1580 2762 1631 2785 nec
1640 2754 1806 2796 quidquam
1815 2757 2066 2793 violentes-emor-

249 2800 319 2833 haec
339 2798 436 2841 usque
457 2795 521 2831 huc
546 2797 582 2830 in
594 2795 757 2828 Vaticana
772 2792 1000 2827 Bibliotheca:
1031 2793 1124 2840 Qae-
1180 2794 1271 2837 fimus
1284 2822 1295 2838 ,
1320 2801 1353 2830 in
1363 2798 1535 2838 Monasterio
1542 2799 1677 2842 fratrum
1688 2827 1701 2844 ‚
1724 2806 1760 2838 G’
1771 2804 1911 2847 flatrum
1931 2817 2066 2854 peregn-

249 2850 326 2883 dam
345 2847 413 2890 ejus
434 2848 616 2892 fragmenta
630 2845 861 2878 Illustrislimus
873 2844 979 2878 Lucas
991 2842 1124 2878 Holste-
1186 2859 1289 2880 norum
1301 2871 1316 2887 ,v
1338 2853 1390 2889 qui
1403 2851 1575 2885 Provinciae
1585 2852 1663 2887 nibil
1671 2863 1734 2888 tuae
1757 2855 1919 2898 deberem,
1945 2861 2065 2893 ordina-

248 2899 326 2932 nius
343 2897 512 2931 transmisit
524 2895 736 2930 Illustriffimo
749 2893 966 2928 Parisiensium
990 2893 1123 2930 Archie·
1184 2905 1282 2931 vimus
1300 2897 1522 2938 Presbyterum.
1549 2902 1671 2937 Multis
1693 2905 1810 2940 factum
1834 2908 1925 2941 suum
1947 2921 2062 2952 expur-

248 2949 407 2991 piscopo,
430 2947 596 2981 eruditum
618 2946 660 2980 de
684 2943 934 2978 Monachorum
956 2944 1121 2986 subjectio·
1182 2958 1260 2993 gat,
1287 2960 1324 2982 ac
1339 2950 1469 2985 tandem
1483 2953 1671 2987 concludit:
1703 2957 1938 2999 ‚Quamquamin
1957 2962 2062 2992 Mona-

247 3009 290 3031 ne
310 2997 344 3030 &
364 2996 571 3044 exemptione
592 2997 764 3030 trastatum
785 2993 929 3038 paranti,
957 2994 1057 3028 Petro
1081 2994 1122 3031 de
1176 2999 1265 3039 sterio
1277 3000 1505 3040 ordinaverim,
1528 3010 1630 3037 nonin
1642 3005 1789 3039 Parocbia
1797 3007 1941 3048 quae‘tibi
1959 3007 2058 3051 subje-

245 3049 387 3086 Marca,
410 3046 444 3080 δε
467 3057 509 3079 ex
530 3044 629 3090 hujus
639 3043 763 3080 schedis
776 3056 879 3088 nuper
888 3044 1036 3088 vulgavit
1051 3056 1120 3080 eru·
1181 3048 1291 3090 evasit.
1319 3050 1430 3085 Etiam
1442 3051 1561 3086 sancto
1582 3054 1702 3096 Ioanni
1730 3055 1988 3099 Chrysostomo,
2014 3059 2059 3094 ab

245 3097 334 3131 ditus
355 3097 464 3130 Lucas
479 3093 680 3130 Dacherius.
710 3094 896 3128 publicavit
921 3095 954 3127 &
968 3094 1119 3138 posterio-
1181 3099 1249 3142 ipso
1273 3099 1461 3135 ordinatum
1484 3102 1519 3136 in
1541 3103 1916 3148 Constantinopolitano
1938 3106 2057 3143 Subur-

243 3147 288 3182 ris
308 3143 573 3193 Carthaginensis
591 3145 718 3188 Synodi
741 3146 982 3188 fragmentum,
1009 3146 1117 3189 inqua
1180 3147 1235 3183 bio
1262 3149 1452 3184 Diaconum
1471 3155 1646 3195 arguenti,
1683 3155 1850 3197 respondit
1872 3157 1906 3190 se
1926 3169 1994 3192 non
2017 3160 2054 3194 in

241 3196 425 3240 Reparatus
444 3195 571 3229 Primae
589 3194 759 3228 adversum
783 3195 944 3228 Feliciani
971 3193 1119 3239 Ruspen-
1178 3199 1318 3232 Ecclesia
1330 3225 1343 3240 ,
1367 3200 1466 3234 sedin
1479 3202 1686 3238 Monaslerio
1698 3203 1875 3238 ordinasse.
1892 3206 2003 3252 Pergit
2018 3210 2053 3243 in

242 3247 280 3282 fis
305 3246 455 3290 Episcopi
482 3244 744 3278 interceffionem
768 3268 779 3283 ,
816 3246 849 3278 &
871 3256 946 3278 cum
976 3243 1114 3280 fundato
1177 3249 1289 3282 litteris
1299 3251 1337 3284 ad
1352 3251 1452 3284 AEliae
1463 3252 1644 3293 Ioannem:
1669 3255 2055 3292 sedoimdvebememer

241 3308 295 3342 per
317 3296 501 3340 proximum
512 3295 605 3328 suum
621 3294 860 3328 Antecefforem
873 3296 911 3328 Sa
918 3295 1027 3328 ndum
1038 3297 1113 3330 Ful·
1174 3301 1338 3332 admiratus
1346 3299 1415 3342 firm
1429 3325 1439 3339 ,
1464 3303 1547 3343 quod
1558 3309 1629 3335 meis
1640 3305 1753 3336 locutus
1767 3316 1798 3337 es
1811 3306 1934 3340 clericis
1947 3333 1960 3348 ,
1983 3310 2052 3351 affe-

242 3347 393 3391 gentium
414 3344 721 3379 Monasteriolitem
734 3367 745 3383 ,
770 3343 942 3378 confirmat
967 3343 1034 3379 haec
1043 3356 1112 3380 om·
1173 3361 1242 3381 rens
1253 3359 1345 3392 seper
1353 3350 1494 3383 sanetum
1506 3353 1711 3390 Presbyterum
1731 3355 1767 3388 (9
1787 3355 1930 3390 abbatem
1947 3348 2051 3390 Mona-

243 3398 296 3429 nia
310 3421 320 3436 ,
346 3396 471 3431 addens
488 3405 597 3430 tamen
619 3393 707 3428 hanc
729 3394 987 3428 moderationem
1008 3406 1016 3426 e
1051 3400 1108 3428 Μο-
1173 3398 1290 3432 chorum
1301 3404 1467 3443 Gregorium
1478 3402 1625 3444 mandaffe
1635 3402 1733 3444 mihi,
1758 3416 1796 3438 ne
1820 3417 1997 3450 quemquam
2005 3420 2049 3440 or-

243 3444 370 3484 nafleriae
388 3445 525 3480 libertate
539 3445 699 3487 plemfflma
714 3443 915 3487 persi-icantur
935 3467 948 3483 ,
976 3442 1108 3488 servatis
1173 3450 1308 3483 dinarem
1319 3475 1329 3491 ,
1356 3453 1389 3484 (⁶5
1413 3462 1465 3495 rgo
1483 3450 1533 3485 boc
1549 3450 1696 3495 pollicitus
1713 3452 1773 3495 sim
1792 3457 1894 3490 dicens
1906 3481 1917 3496 ,
1944 3461 2048 3490 Num*-

1922 3507 1999 3548 quid
