2372 3756
417 133 513 167 200

336 362 437 387 ortum
457 350 495 390 est
507 375 515 383 .
541 355 615 386 Non
624 353 886 395 quodassumptum
898 351 976 386 illud
997 359 1101 392 corpus
1125 350 1221 382 acaia

335 402 542 445 deffendat,
562 399 622 444 sed
632 406 702 444 quia
708 406 801 443 pani's
812 399 874 442 ipse
898 411 932 433 ac
944 404 1048 434 vinum
1065 405 1098 431 in
1113 408 1215 440 corpus

336 450 553 496 &sanguinem
571 453 628 485 Dei
649 455 864 484 immutantur.
894 448 1036 493 Quodsi,
1066 448 1217 490 quopac‘lo

330 502 411 545 fiat,
435 507 562 545 requiris
575 526 586 542 ‚
599 500 653 543 sat
662 500 719 533 tibi
724 499 766 541 fit
776 501 903 539 audire,
929 500 1010 541 quod
1014 508 1069 541 per
1074 497 1213 540 sanHum

332 553 478 595 spiritum
497 553 534 585 id
547 551 627 593 fiat,
653 551 900 592 quemadmodum
921 551 955 582 cb·
970 561 1009 582 ex
1029 547 1138 591 sancia
1160 549 1216 581 Dei

330 604 433 640 Matre
447 611 505 644 per
516 603 659 643 spiritum
679 599 821 638 sancium
833 603 979 639 Dominus
997 597 1054 640 fibi
1066 596 1121 641 ipſs
1135 599 1169 636 (7
1178 604 1212 635 in

328 651 431 695 seipso
440 661 560 685 carnem
581 650 732 685 condidit.

381 698 590 740 Lucidiffime
599 699 698 735 docet
708 698 1112 737 Transubstantiationem
1125 723 1132 730 .
1147 698 1211 734 Lu·

330 749 488 785 eidiffime
507 750 586 785 item
607 750 703 785 docet
723 751 826 795 ipsam
849 750 918 784 fieri
941 761 1010 783 non
1034 759 1088 792 per
1100 749 1208 783 nescio

326 811 408 841 quas
434 801 601 840 orationes
620 801 713 842 ‚ssed
735 802 854 839 virtute
874 798 992 836 horum
1013 798 1205 837 verborum:

327 850 432 891 Hocesi
442 859 544 898 corpus
554 857 667 885 meum.
696 852 763 884 His
786 851 804 884 ὲ
818 851 971 884 Domino
985 849 1116 892 prolatis
1126 849 1206 882 affir-

326 912 396 936 mat
406 902 505 936 inesse
517 901 671 935 virtutem
692 898 810 933 horum
833 900 912 933 item
927 900 1127 935 Divinorum
1142 910 1208 932 ver-

326 950 444 989 borum
467 964 474 983 :
503 955 578 990 fiat
598 951 676 989 lux,
703 953 778 985 Fiat
793 949 1020 991 firmamentum
1045 973 1053 981 .
1081 949 1204 988 Eadem

324 1000 342 1033 a
365 1000 460 1034 nobis
483 998 713 1035 Sacerdotibus
738 999 890 1044 quotidie
915 1000 1041 1044 prolata
1067 1001 1206 1033 affirmat

322 1050 624 1094 effequotidianam
635 1050 890 1085 consecrationis
910 1050 1054 1094 pluviam
1069 1074 1081 1090 ,
1107 1061 1203 1094 quam

321 1100 447 1135 Divina
469 1101 633 1136 institutio
658 1100 767 1136 voluit
778 1099 836 1135 fibi
855 1102 956 1144 usque
977 1101 1016 1134 ad
1043 1099 1148 1134 saeculi
1170 1100 1205 1133 fi-

319 1161 395 1184 nem
418 1151 606 1195 cooperari.
639 1150 683 1185 Et
693 1152 916 1186 consecratum
929 1150 1112 1184 {Domino
1125 1150 1203 1184 cali-

318 1211 392 1237 cem
404 1201 591 1239 constanter
610 1200 716 1236 afferit
726 1201 819 1236 fuisse
843 1202 984 1235 mixtum
1011 1212 1052 1237 ex
1067 1200 1144 1234 vino
1167 1201 1201 1234 &

317 1261 400 1294 aqua
417 1276 423 1284 .
453 1251 498 1287 Et
510 1250 590 1286 hinc
605 1251 694 1286 vides
704 1248 900 1300 hodiernum
912 1250 1202 1285 Schismaticorum

316 1301 528 1343 Graecorum,
555 1302 597 1336 de
616 1301 881 1337 consecrantibus
906 1300 1011 1335 verbis
1026 1325 1036 1340 ,
1060 1311 1201 1334 errorem

316 1361 467 1396 tempore
488 1352 595 1389 Sanffl
618 1353 757 1397 Joannis
779 1352 874 1386 fuisse
895 1350 1002 1385 adhuc
1027 1351 1180 1394 ignotum
1194 1374 1201 1381 .

313 1401 384 1439 sub
396 1402 585 1443 Saracenis,
611 1412 746 1436 ornnem
769 1411 850 1436 tunc
860 1401 990 1443 Syriam
1013 1400 1200 1443 occupanti-

313 1450 375 1487 bus
386 1475 398 1491 ,
426 1452 463 1487 in
476 1452 681 1487 Damascena
695 1451 838 1486 Ecclesia
865 1450 947 1484 vixit
958 1451 1091 1484 Sanetus
1104 1450 1201 1494 Joan-

309 1512 387 1535 nes.
418 1501 561 1536 Etinter
572 1500 655 1535 alios
669 1524 681 1541 ,
705 1511 789 1545 quos
809 1500 860 1535 illi
883 1500 919 1534 in
933 1498 1120 1535 Christiana
1135 1500 1199 1535 fide

308 1550 484 1594 culpabant
505 1576 516 1592 ‚
542 1550 700 1586 articulos
725 1551 788 1586 fuit
811 1551 1015 1585 sacrosancae
1041 1549 1198 1585 Euchari-

307 1600 374 1634 stiae
400 1602 518 1635 veritas
557 1602 593 1635 ἀ
618 1600 922 1636 transubstantiatio
940 1624 950 1633 .
988 1602 1196 1636 Censuerunt

306 1648 394 1686 hanc
410 1650 640 1695 impoffibilem
654 1675 665 1692 ,
692 1651 727 1685 &
738 1651 859 1686 affidua
870 1651 1014 1694 ipsorum
1027 1661 1093 1685 vox
1103 1661 1187 1685 erat:

306 1702 461 1745 ,Quomodo
474 1701 530 1746 fiat
542 1700 618 1741 istud
631 1704 644 1736 ἒ
668 1700 762 1739 Hinc
783 1713 853 1738 non
873 1700 979 1737 solum
991 1701 1179 1736 Dominicae
1189 1725 1200 1742 ‚

306 1762 406 1795 quam
434 1751 483 1785 illi
513 1750 738 1786 diffitebantur
761 1776 772 1793 ,
810 1751 1052 1786 Incarnationis
1089 1762 1199 1786 exem-

307 1801 420 1846 plum,
446 1800 499 1838 sed
521 1801 621 1835 etiam
646 1801 717 1836 solo
735 1802 801 1837 Dei
827 1801 926 1836 verbo
949 1800 1067 1836 fastam
1095 1802 1198 1835 totius

305 1851 423 1888 mundi
436 1852 636 1886 creationem
657 1851 796 1886 adduxit
806 1851 940 1888 Sanctus
962 1853 1125 1896 joannes,
1152 1852 1197 1886 ita

1211 1867 1216 1885 Ι

306 1911 446 1939 conatus
468 1902 613 1944 mysterii
638 1902 739 1935 nostri
753 1901 1000 1946 poffibilitatem
1023 1899 1191 1945 persuade·
1210 1887 1216 1987 i

305 1962 357 1987 te.
386 1951 429 1986 Et
451 1953 529 1995 quia
550 1950 780 1986 Mahometica
804 1953 1040 1986 Saracenorum
1064 1950 1197 1985 coecitas

305 2001 351 2037 est
363 2003 469 2036 carnis
482 2002 553 2035 luto
565 2002 696 2045 penitus
709 2002 810 2035 infixa
833 2012 935 2046 atque.
954 2000 1171 2036 obtenebrata
1186 2025 1197 2041 ,

306 2050 435 2090 addidit
454 2051 590 2087 &aliud
616 2062 846 2096 argumentum
859 2066 870 2085 :
897 2056 984 2096 ,Quin
1011 2064 1047 2085 ne
1068 2050 1118 2084 hoc
1130 2063 1199 2093 quo·

306 2113 363 2146 que
376 2104 506 2135 alienum
524 2101 623 2142 fuerit
634 2104 730 2137 dicere
745 2125 760 2143 „
781 2103 862 2144 quod
883 2102 1128 2144 quemadmodum
1142 2111 1196 2133 na-

305 2153 443 2188 turaliter
462 2156 556 2193 panis
574 2159 631 2192 per
653 2151 748 2184 cibum
760 2176 770 2191 ,
799 2153 834 2184 (τ
856 2158 963 2185 vinum
982 2152 1015 2186 (θ’
1038 2163 1117 2194 aqua
1138 2158 1195 2192 per

299 2210 428 2247 potum,
455 2206 487 2233 in
499 2202 676 2235 comedentis
698 2202 732 2235 (9¹
745 2201 874 2234 bibentis
895 2210 1002 2244 corpus
1029 2202 1063 2235 (⁸5
1077 2199 1195 2250 sangui-

304 2264 374 2287 nem
394 2258 594 2285 immutantur
607 2275 618 2291 ‚
645 2250 802 2295 corpusque
825 2253 951 2285 alterum
978 2251 1075 2293 fiunt,
1103 2261 1195 2293 atque

305 2305 326 2340 ἃ
344 2308 440 2345 priori
462 2301 550 2343 ipfius
576 2309 691 2342 corpore
717 2299 900 2344 diversum3
925 2301 966 2343 fic
989 2299 1192 2343 propofitionis

301 2358 397 2397 panis
411 2376 422 2392 ,
447 2362 481 2384 ac
494 2357 599 2385 vinum
624 2352 749 2393 &aqua
764 2359 820 2392 per
837 2350 936 2394 san&
957 2353 1089 2393 spiritus
1108 2357 1190 2384 invo-

306 2408 454 2439 cationem
471 2403 505 2436 (9·
515 2402 682 2435 adventum
694 2401 826 2435 mirabili
837 2404 921 2435 modo
927 2407 960 2434 in
970 2400 1080 2440 Christi
1091 2408 1189 2442 corpus

304 2455 338 2491 (5·
355 2451 531 2496 sanguinem
552 2460 713 2485 vertuntur
732 2475 743 2492 ‚
773 2463 826 2487 nec
844 2450 917 2494 sunt
939 2453 1016 2492 duo,
1037 2450 1096 2495 sed
1115 2451 1193 2483 idem

305 2505 340 2542 ζῆ·
359 2514 452 2537 unum
477 2526 482 2535 .
514 2501 617 2551 Qod
641 2512 874 2547 argumentum
896 2503 928 2535 in
950 2500 1087 2546 dialogo
1116 2511 1192 2534 cum

306 2555 467 2590 Saraceno
488 2553 588 2590 etiam
617 2552 783 2596 usurpavit
810 2551 1012 2586 Theodorus
1042 2550 1191 2585 Abucara

306 2603 503 2639 Charrarum
526 2603 559 2636 in
582 2602 825 2645 Mesopotamia
841 2602 1047 2645 Ερίίζσορυς,
1072 2613 1110 2635 ac
1124 2601 1194 2634 inli-

307 2654 416 2699 gniter
435 2652 623 2697 ampliavit.
650 2651 790 2686 Putatur
809 2653 914 2687 Sanffi
939 2650 1073 2694 Joannis
1097 2650 1192 2688 fuisse

308 2704 498 2747 Discipulos
517 2728 524 2735 .
553 2702 681 2737 Eodem
703 2711 902 2747 argumento
917 2727 927 2742 ‚
952 2701 1041 2744 cujus
1066 2699 1193 2738 Antho-

309 2764 377 2788 rem
390 2753 481 2798 supra
502 2753 630 2787 ostendi
644 2754 707 2787 effe
727 2753 880 2788 Sanctum
893 2751 1091 2796 Gregorium
1103 2751 1194 2793 Nys—

309 2804 425 2838 senum
446 2827 456 2843 ,
483 2801 581 2840 etiam
608 2802 710 2837 utitur
738 2802 873 2839 Sanctus
900 2801 1112 2845 Nicephorus
1135 2800 1194 2835 Pa-

310 2851 449 2892 triarcha
465 2851 876 2895 constantinopolitanus.

361 2903 490 2939 Eodem
514 2910 660 2945 tempore
686 2902 879 2936 Romanum
906 2902 1083 2946 Imperium
1111 2900 1193 2935 rexit

310 2954 383 2990 Leo
394 2954 517 2987 Isaurus
528 2975 538 2994 ,
552 2949 684 2985 Author
695 2951 935 2986 iconoclasticae
945 2952 1068 2987 haerefis
1078 2978 1085 2989 ,
1113 2950 1193 2991 Hic,

310 3014 378 3046 quo
398 3004 428 3038 se
448 3001 633 3039 ostenderet
657 3012 726 3035 non
747 3002 810 3036 effe
837 3002 904 3037 fine
928 3001 1022 3038 sacris
1045 2999 1191 3046 imagini-

311 3053 372 3093 bus
392 3078 403 3093 ,
430 3051 558 3087 asseruit
595 3049 834 3089 Eucharistiam
868 3053 931 3086 effe
956 3064 1063 3087 veram
1092 3063 1129 3085 ac
1152 3049 1193 3085 ab

312 3103 495 3148 Evangelio
524 3100 726 3145 praedicatam
763 3099 885 3135 Christi
911 3101 1054 3137 Domini
1080 3100 1192 3145 imagi·

314 3164 410 3194 nem,
438 3154 576 3196 ideoque
598 3151 701 3190 solam
726 3151 814 3195 posse
835 3163 872 3185 ac
882 3149 997 3190 debere
1018 3151 1189 3189 honorari.

314 3202 369 3237 De
394 3204 552 3248 denegata
565 3201 696 3237 veritate
707 3225 718 3241 ‚
743 3211 781 3239 ac
793 3201 904 3241 asserta
931 3203 998 3236 sola
1011 3204 1114 3247 figura
1129 3200 1191 3234 fuit

315 3252 454 3294 suspesta
465 3253 522 3286 ista
543 3251 675 3286 haerefis.
705 3251 800 3286 Hinc
810 3251 959 3287 adversus
970 3253 1070 3295 ipsam
1081 3251 1193 3294 adjun-

314 3300 365 3346 git
376 3301 508 3335 Sanetus
520 3304 681 3345 loannes:
709 3304 955 3344 Necverapanis
976 3304 1124 3336 &vinum
1133 3311 1190 3333 cor-

312 3355 395 3394 poris
410 3350 519 3390 Christi
536 3350 635 3394 figura
650 3351 723 3396 sunt
734 3374 745 3391 ‚
769 3351 841 3394 abfit
862 3351 932 3391 boc,
957 3353 1062 3386 verum
1083 3358 1115 3394 ip
1130 3362 1192 3383 um·

314 3408 376 3439 met
403 3403 524 3439 Domini
549 3409 652 3446 corpus
674 3405 849 3438 Divinitate
874 3401 1012 3446 affet‘lmn
1032 3428 1039 3434 .
1071 3404 1191 3446 ,Quippe

945 116 1578 166 Dlssznrnrlo

342 202 515 244 charistica
536 199 698 235 elementa
722 199 885 248 assumpsit
903 211 1021 244 panem
1043 200 1223 240 &vinum‚

339 253 504 297 exponit,
529 259 627 293 atque
636 251 859 295 prosequitur:
884 253 961 285 sane
974 251 1223 286 Divinitatt’vere

340 309 459 339 ,unitum
477 300 517 340 est
542 302 620 334 iilud
640 309 743 343 corpus
764 326 775 342 ‚
807 303 887 344 quod
910 312 946 334 ex
968 300 1078 342 sancia
1103 304 1222 344 Virgine

1286 209 1350 233 cum
1376 202 1519 233 Dominus
1544 199 1605 243 ipfi
1625 203 1756 236 dixerit:
1785 209 1844 239 Hoc
1861 206 1900 245 est
1920 231 1931 248 ‚
1958 221 2015 243 non
2037 215 2164 253 corporis

1286 254 1343 280 mei
1354 247 1487 292 signum,
1508 248 1679 293 sedcorpus
1693 266 1704 285 .·
1730 257 1782 286 Ne
1791 253 1948 298 sanguinis
1957 257 2068 302 fignum
2079 285 2090 302 ,
2109 259 2166 305 sed

1281 295 1422 340 sanguis.
1447 299 1550 344 Qod
1572 300 1661 344 supra
1684 302 1869 338 audivimus
1893 306 2101 345 dicietiama
2115 311 2164 354 Ja-

1282 345 1359 380 cobi
1377 347 1523 383 Gretzeri
1545 350 1718 386 Anastafio
1739 352 1885 395 Sinnin,
1910 354 1929 388 ὲ
1946 355 2079 394 laudato
2101 360 2164 394 Ni-

1282 396 1424 440 cephoro
1437 422 1448 438 ‚
1475 410 1513 433 ac
1534 399 1552 433 ὲ
1567 399 1783 446 Bulgarorum
1807 402 1966 440 Antistite
1977 405 2161 453 Theophy-

1279 446 1360 480 ladio
1385 471 1393 480 .
1421 448 1464 486 Et
1483 456 1617 485 omnem
1642 451 1729 486 hanc
1749 452 1929 490 doctrinam
1954 458 2162 493 confirmavit

1259 496 1419 539 'septima
1442 499 1599 542 synodus
1623 526 1632 534 .
1670 503 1944 540 lconoclastarum
1971 508 2160 542 sententiam

1277 546 1446 583 audiamus
1466 561 1508 583 ex
1529 550 1832 595 Pseudo·Synodo‚
1859 567 1957 599 quam
1979 557 2013 591 in
2036 559 2161 592 Hieriae

1276 595 1405 632 Palatio
1417 597 1618 635 celebrarunt
1640 601 1697 636 sub
1708 602 1850 646 Imperio
1871 606 2082 642 Constantini
2096 608 2160 643 Ca·

1276 646 1387 684 ballini
1407 660 1413 681 :
1442 652 1787 688 Laetentur&exultent
1801 677 1812 693 ‚
1833 656 1868 689 Cu·
1877 654 2055 698 fiducialiter
2063 667 2157 702 agant

1273 696 1324 737 bi,
1352 703 1403 741 qui
1424 710 1528 733 veram
1551 701 1660 742 Christi
1671 709 1832 748 imaginem
1846 704 2031 747 finceriffima
2051 713 2156 742 anima

1266 746 1406 789 faciunt,
1436 751 1470 787 ᾧ·
1494 750 1680 794 desulerant,
1706 755 1741 788 cit
1762 755 1858 789 colunt
1881 781 1892 797 ‚
1920 757 1955 790 (5
1979 763 2012 790 in
2027 756 2157 800 salutem

1270 803 1379 832 animae
1400 801 1570 844 &corpom‘s
1583 802 1727 845 offirunt,
1755 816 1847 847 quam
1869 804 1930 849 ipse
1943 805 2153 850 sacratiffimus

1268 850 1429 882 immolator
1452 852 1485 886 (5
1507 854 1587 884 Deus
1609 853 1701 894 noster
1725 866 1764 888 ex
1785 855 1866 888 nobis
1888 867 1927 889 ex
1950 865 2012 890 toto'
2032 859 2155 902 maffam

1267 898 1408 941 affumens
1431 899 1442 940 ,⁴
1474 899 1635 944 secundum
1659 913 1778 947 tempus
1798 913 1932 947 propriae
1957 909 2097 948 Paffionis
2121 915 2154 941 in

1266 956 1364 990 typum
1390 950 1424 983 Θ
1444 959 1710 987 rememorationem
1736 957 1985 993 evidenttffimam
2018 959 2153 991 tradidit

1265 999 1404 1038 ministris
1420 997 1486 1042 suis
1508 1026 1515 1032 .
1542 1001 1608 1044 Sese
1630 1015 1758 1046 namque
1782 1006 1952 1040 voluntarie
1976 1009 2149 1041 traditurus·

1265 1048 1444 1083 memorabili
1472 1051 1505 1083 &¹
1516 1050 1647 1092 vivifieae
1657 1060 1743 1086 morti
1754 1053 1821 1096 suae
1833 1079 1843 1095 ,
1868 1065 2018 1098 acceptum
2034 1066 2146 1100 panem

1263 1097 1439 1139 benedixit,
1466 1101 1628 1144 &gratias
1651 1113 1740 1147 agens
1755 1103 1876 1147 fregit,
1902 1108 2027 1140 &dans
2043 1109 2144 1141 dixit:

1267 1152 1395 1191 Accipite
1416 1150 1597 1186 &comedite
1615 1157 1647 1185 in
1660 1153 1841 1193 remiffionem
1862 1163 2042 1197 peccatorum
2055 1183 2064 1197 ,
2091 1161 2148 1191 Hoc

1268 1197 1305 1238 est
1324 1207 1426 1240 corpus
1454 1211 1548 1232 meum
1565 1226 1572 1232 .
1598 1203 1739 1236 similiter
1758 1205 1792 1237 &⁸
1815 1204 1930 1239 calicem
1951 1208 2074 1239 tradens
2100 1209 2147 1241 di-

1270 1254 1317 1282 xit
1340 1261 1347 1280 :
1376 1252 1429 1283 Hic
1449 1249 1485 1288 est
1500 1248 1626 1294 sanguis
1652 1265 1734 1286 meus
1761 1278 1768 1285 .
1797 1261 1859 1290 Hoc
1873 1255 1972 1296 facite
1996 1264 2029 1289 in
2051 1268 2148 1290 meam

1269 1305 1564 1333 commemorationem
1585 1325 1592 1333 .
1619 1304 1715 1335 Veluti
1740 1305 1824 1337 nulla
1852 1306 1914 1337 alia
1933 1304 2029 1348 specie
2054 1307 2094 1339 ab
2119 1319 2151 1340 eo

1269 1348 1362 1382 ciceia
1382 1346 1439 1391 sub
1459 1351 1526 1382 coeio
1543 1374 1554 1390 ,
1585 1352 1638 1384 vel
1649 1351 1754 1392 forma
1775 1358 1934 1396 imaginari
1963 1358 2028 1395 ejus
2055 1362 2151 1390 incar·

1271 1403 1420 1432 nationem
1447 1400 1568 1434 valente
1594 1424 1600 1431 .
1630 1402 1705 1435 Vide
1727 1413 1792 1445 ergo
1814 1405 1895 1444 quod
1917 1409 2015 1448 imago
2035 1405 2150 1447 vivifici

1270 1454 1394 1490 corporis
1404 1451 1467 1490 ejus
1477 1451 1605 1491 preciose*
1616 1461 1652 1482 ac
1660 1451 1870 1485 honorabiliter
1886 1452 2035 1495 fadiafie.
2061 1457 2153 1498 ,Quid

1269 1503 1348 1532 enim
1368 1509 1597 1543 argumentatus
1616 1500 1656 1542 est
1676 1506 1708 1534 in
1728 1500 2014 1545 bocsapienttffimus
2039 1507 2149 1540 Deus?

1270 1550 1381 1582 Nonne
1401 1559 1433 1582 ut
1455 1549 1613 1590 ostenderet
1636 1552 1670 1588 cb·
1691 1557 1869 1594 exprimeret
1893 1555 2044 1588 evidenter
2063 1555 2148 1589 nobis

1270 1598 1434 1633 hominibus
1457 1599 1614 1640 mysterium
1634 1625 1645 1642 ,
1672 1603 1749 1644 quod
1767 1610 1904 1644 operatus
1929 1603 1967 1644 est
1985 1612 2042 1646 per
2059 1603 2147 1648 fitam

1269 1647 1538 1692 dispensationem?
1563 1653 1650 1694 ,Quia
1659 1650 1732 1692 ficut
1750 1653 1805 1692 id,
1831 1654 1910 1694 quod
1928 1665 1968 1687 ex
1990 1653 2076 1688 nobis
2095 1653 2150 1698 fit·

1262 1697 1356 1742 scepit
1379 1723 1389 1739 ,
1426 1706 1552 1733 materia
1569 1699 1635 1743 sola
1666 1701 1703 1741 est
1725 1701 1866 1736 bumanae
1893 1701 2067 1746 substantiae
2089 1713 2146 1746 per

1268 1755 1365 1782 omnia
1373 1749 1517 1791 μιν-[εὕρ
1527 1773 1538 1790 ,
1564 1761 1621 1783 non
1627 1749 1789 1794 figurantis
1807 1754 1932 1794 proprie?
1950 1751 2145 1795 subfistentem

1263 1798 1444 1842 personam,
1469 1809 1503 1832 ut
1524 1812 1582 1833 non
1604 1802 1845 1835 additamentum
1865 1801 2002 1845 perfimae
2023 1805 2145 1838 Divini-

1267 1857 1339 1881 tatis
1361 1852 1523 1886 interstdat
1545 1863 1554 1893 3
1581 1856 1625 1883 ita
1643 1852 1678 1885 <et
1699 1857 1859 1896 imaginem
1890 1858 2045 1887 materiam
2063 1862 2146 1895 pra·

1265 1906 1382 1941 cipuam
1394 1923 1404 1938 ,
1429 1899 1531 1940 idest,
1554 1908 1647 1942 panis
1654 1900 1850 1944 substantiam
1856 1909 2001 1944 praecepit
2024 1903 2143 1945 offerri,

1265 1961 1322 1982 non
1328 1949 1511 1993 figurantem
1531 1949 1658 1987 hominis
1671 1949 1806 1992 formam
1817 1974 1828 1990 ,
1853 1952 2144 1996 neidololatriasub·

1263 2001 1482 2034 introducatur.
1511 2002 1591 2034 sieut
1599 2011 1668 2044 ergo
1676 2010 1781 2043 corpus
1794 2000 1925 2042 Christi,
1953 2004 2033 2045 quod
2041 2001 2143 2046 secun-

1262 2051 1335 2083 dum
1356 2060 1497 2083 naturam
1512 2049 1652 2093 sanHum
1665 2050 1701 2089 est
1712 2075 1723 2090 ‚
1750 2058 1849 2092 utpote
1872 2052 2067 2094 Deificatum3
2093 2059 2142 2087 itae

1261 2099 1450 2141 manifestum
1459 2098 1519 2139 est,
1546 2101 1627 2142 quod
1646 2102 1824 2142 adoptione,
1850 2099 1953 2142 idest,
1980 2101 2046 2145 ipsa
2064 2109 2143 2138 ima·

1255 2162 1295 2193 go
1308 2151 1371 2190 ejus
1387 2148 1496 2191 sancia
1514 2150 1552 2190 est
1565 2172 1575 2188 ,
1600 2158 1700 2192 utpote
1719 2158 1776 2192 per
1799 2152 1953 2192 quandam
1972 2150 2140 2196 sanllifica-

1259 2205 1346 2232 tionis
1353 2205 1488 2242 gratiam
1500 2198 1643 2240 Deificata
1657 2225 1663 2232 .
1691 2206 1754 2236 Hoc
1765 2206 1844 2234 enim
1866 2201 2139 2246 &industriegeffit

1261 2253 1404 2282 Dominus
1419 2248 1516 2294 Jesus
1530 2273 1540 2288 ‚
1567 2259 1603 2282 ut
1615 2248 1689 2291 ficut
1709 2261 1828 2282 carnem
1841 2274 1851 2290 ,
1876 2261 1969 2292 quam
1984 2250 2114 2294 suJ'cepit
2127 2277 2137 2291 ‚

1254 2304 1379 2340 propria
1397 2298 1560 2341 secundum
1586 2307 1726 2332 naturam
1746 2298 1980 2342 sancffi'ficatione
2004 2313 2043 2334 ex
2069 2300 2136 2344 ipsa

1256 2349 1387 2382 unitione
1416 2347 1576 2390 Deificavit
1598 2360 1607 2391 3
1638 2348 1774 2391 fimiliter
1806 2351 1841 2384 ⁴&
1867 2349 2066 2391 Eucharistiae
2081 2360 2140 2394 pa·

1257 2410 1322 2431 nem
1345 2423 1355 2439 ,
1381 2407 1414 2431 ut
1437 2409 1493 2431 non
1506 2398 1624 2441 falsam
1650 2404 1811 2443 imaginem
1837 2401 1987 2433 naturalis
2012 2407 2112 2436 carnis
2126 2424 2138 2442 ,

1252 2457 1308 2491 per
1330 2447 1431 2491 sancqt'
1452 2450 1583 2490 spiritus
1603 2449 1769 2483 adventum
1776 2447 2054 2492 sancqificandam,
2082 2454 2140 2484 Dt-

1256 2504 1363 2532 vinum
1384 2506 1487 2540 corpus
1506 2497 1574 2540 fieri
1593 2500 1688 2532 voluit
1708 2500 1860 2532 mediante
1885 2502 2037 2534 Sacerdote
2050 2525 2061 2541 ,
2087 2506 2139 2544 qui

1256 2549 1428 2584 oblationem
1451 2549 1488 2581 de
1499 2555 1641 2582 communi
1654 2548 1804 2592 separans
1828 2551 1873 2582 ad
1875 2547 2137 2592 sanctificationem

1251 2604 1417 2643 pertingere
1431 2598 1533 2639 facit.
1561 2603 1666 2642 Itaque
1689 2598 1798 2638 Christi
1817 2610 1886 2632 caro
1897 2599 2060 2644 secundum
2080 2612 2136 2634 na·

1253 2659 1354 2683 turam
1374 2654 1513 2681 animata
1526 2673 1538 2688 ‚
1562 2651 1597 2683 &t
1618 2658 1716 2684 mente
1731 2650 1888 2692 praedita,
1913 2649 1951 2689 est
1970 2650 2061 2683 unda
2079 2658 2136 2692 per

1255 2702 1400 2741 Spiritum
1423 2698 1565 2732 5anc¹lum
1588 2703 1780 2739 Divinum,
1802 2697 1937 2741 fimiliter·
1958 2701 1993 2733 ὁ·
2007 2703 2135 2734 Divini-

1254 2757 1304 2783 tus
1327 2750 1442 2783 tradita
1467 2755 1563 2793 imago
1585 2755 1686 2786 carnis
1712 2751 1778 2790 ejus
1799 2773 1811 2788 ,
1837 2751 1972 2781 Divinus
1998 2750 2134 2784 videlicet

1252 2805 1367 2843 panis,
1393 2800 1522 2841 repletus
1544 2798 1583 2838 est
1605 2801 1717 2841 spiritu
1737 2797 1864 2838 sancto,
1890 2810 1955 2832 cum
1977 2800 2065 2832 calice
2087 2804 2135 2833 vi-

1255 2859 1320 2882 tam
1333 2849 1464 2891 ferentis
1484 2847 1643 2893 sanguinis
1661 2850 1768 2885 lateris
1790 2849 1855 2888 ejus
1871 2872 1878 2879 .
1906 2855 1978 2884 Haec
2000 2860 2067 2892 ergo
2086 2850 2135 2882 de-

1254 2900 1414 2939 monstrata
1436 2898 1475 2939 est
1505 2910 1581 2933 vera
1601 2904 1695 2943 imago
1713 2896 1946 2941 dispensationis
1965 2923 1975 2938 ,
2012 2910 2079 2941 quae
2100 2904 2134 2932 in

1253 2961 1340 2983 carne
1355 2948 1446 2992 falla
1465 2948 1505 2989 est
1529 2972 1541 2989 ,
1557 2945 1667 2992 scilicet
1688 2947 1797 2988 Christi
1817 2949 1873 2981 Dei
1893 2947 1980 2987 nostri
2004 2972 2015 2988 ,
2042 2960 2134 2991 quam

1253 2999 1314 3043 ipse
1325 2999 1407 3034 nobis
1419 3010 1509 3033 verus
1523 3007 1641 3034 naturae
1651 3002 1720 3033 vivi
1719 2996 1824 3039 ficator
1849 2999 1884 3032 Θ
1889 2996 1977 3039 ,ήᾶον
1989 3006 2134 3041 vocepro·

1249 3057 1321 3093 pria
1331 3059 1378 3083 tra
1383 3050 1462 3083 didit
1473 3073 1480 3081 .

1300 3099 1458 3135 Palmatis
1471 3097 1644 3134 difficultas
1656 3107 1722 3131 erat
1739 3096 1781 3131 de
1804 3098 1890 3132 sacra
1901 3098 2052 3136 crucifixi
2063 3098 2133 3132 Do-

1249 3150 1331 3184 mini
1353 3148 1500 3194 imagine
1519 3172 1527 3180 .
1555 3147 1693 3182 Etenim
1717 3158 1810 3182 veros
1835 3146 2043 3182 Christianos
2063 3147 2132 3182 fine

1248 3200 1309 3234 ista
1325 3211 1393 3235 non
1405 3199 1493 3243 posse
1504 3198 1633 3238 vivere,
1658 3197 1724 3232 alte
1746 3197 1943 3241 clamatipsa
1972 3197 2129 3241 perillam

1248 3258 1435 3295 regenerata
1461 3259 1498 3283 ac
1517 3247 1693 3283 reformata
1704 3257 1817 3281 natura
1833 3271 1841 3279 .
1868 3247 1911 3281 Et
1923 3247 2002 3286 hinc
2013 3248 2131 3286 loono·

1247 3300 1350 3334 clastae
1370 3299 1571 3334 retinuerunt
1595 3299 1689 3332 sacrae
1710 3297 1815 3332 crucis
1834 3297 2011 3340 imaginem
2026 3309 2037 3329 .-
2063 3296 2130 3330 Ve-

1248 3349 1319 3383 rum
1331 3351 1396 3384 fine
1408 3349 1566 3383 crucifixo
1584 3372 1591 3379 .
1618 3349 1765 3382 Omnem
1789 3346 1968 3383 humanam
1990 3347 2130 3383 formam

1248 3402 1439 3437 censuerunt
1452 3397 1513 3438 effe
1524 3398 1658 3437 idolum·
1667 3397 1875 3436 Addiderunt
1885 3395 1915 3434 se
1926 3406 2131 3443 nequaquam

2019 3446 2082 3482 effe
