2372 3756
418 129 511 167 116
718 115 760 163 S.
798 110 1110 163 Gato‘onn
1145 126 1391 159 stri-mr
1429 116 1792 164 Ponrnucrs

826 270 1673 319 CANONXVII.

477 411 520 461 T
553 428 701 462 omnes
738 408 943 479 Episcopi
978 410 1299 460 firmamentum
1334 405 1498 458 faciant
1531 445 1546 469 ,
1595 426 1653 458 ne
1688 407 1849 477 praedia
1895 414 2164 467 Ecclefiastiss

509 499 562 532 ca
597 480 789 531 vendant
824 518 837 528 .
902 485 968 530 Ut
1004 482 1112 530 nulli
1149 476 1350 546 Episcopi
1385 478 1543 546 praedia
1579 480 1776 529 Ecclefiae
1812 483 1858 530 in
1895 482 2159 536 beneficium

330 553 527 605 tribuant
576 552 662 600 fine
708 549 909 600 consensu
946 555 1075 618 Papae
1109 585 1122 609 ,
1179 548 1211 596 fi
1245 546 1301 597 de
1339 546 1411 598 sua
1446 547 1529 598 sint
1563 550 1888 602 consecratione
1922 590 1934 601 .
1999 560 2159 607 Caeteri

328 640 476 675 autern
511 622 597 671 fine
631 621 835 673 consensu
869 618 1197 687 Archiepiscopi
1247 616 1310 667 sui
1356 622 1399 668 &
1436 622 1631 670 Fratrum
1667 620 1837 670 suorum
1875 623 1960 674 hoc
1996 625 2160 676 idern..

326 711 418 743 non
453 691 708 762 praesumant
742 729 755 741 .
819 693 862 741 Si
899 707 1044 740 autem
1081 687 1417 757 praesumpserint
1447 725 1461 748 ,
1518 691 1577 740 ab
1610 691 1756 741 officio
1792 691 1869 740 suo
1904 693 2158 764 suspendan-

324 779 398 813 tur
431 801 443 812 .
494 767 553 812 Et
603 761 727 832 quod
775 760 1003 812 venditum
1039 760 1100 809 est
1133 795 1147 820 ‚
1193 761 1262 808 vel
1308 758 1459 809 datum
1508 763 1555 811 in
1606 762 1860 813 beneficium
1894 800 1908 825 ‚
1958 767 2157 816 Ecclefiae

324 832 530 884 reddatur
564 870 577 894 ‚
642 833 826 884 omnino
883 846 1092 882 evacuata
1141 832 1263 879 omni
1298 829 1553 890 venditione
1586 867 1600 893 ,
1648 835 1717 883 vel
1765 835 1812 882 in
1848 833 2155 887 beneficium...

323 904 585 954 traditione.

526 1051 555 1095 S
591 1064 620 1094 c
656 1064 687 1094 Η
722 1064 755 1094 0
787 1065 811 1094 L
846 1065 863 1094 1
899 1064 931 1095 ο
967 1066 1030 1096 N.

372 1190 376 1194 ’
406 1196 513 1245 ,Μηες
547 1197 582 1231 &
619 1196 906 1241 Metropolitarum
946 1198 980 1231 ὅ(
1020 1197 1204 1231 Provincia-

453 1248 533 1282 lium
576 1247 815 1291 Episcoporum
856 1247 1116 1283 consecrationes
1163 1259 1201 1281 ex

319 1298 517 1342 Apostolico
549 1297 689 1332 Canone
721 1299 861 1341 spectant
889 1299 929 1333 ad
962 1297 1197 1332 patriarcham.

316 1348 397 1381 Hoc
410 1359 517 1382 tamen
530 1347 600 1392 jure
620 1371 632 1388 ,
659 1347 750 1391 quod
763 1348 936 1382 Romanus
959 1346 1200 1381 patriarchatus

315 1397 435 1433 habeat
457 1399 563 1442 plures
586 1398 772 1433 vastissimas
796 1398 962 1431 Dioeceses
981 1422 991 1437 ,
1021 1408 1198 1441 numquam

314 1447 380 1482 fuit
407 1449 480 1482 usus
500 1447 669 1480 Dominus
692 1446 803 1490 Papa,
830 1447 883 1481 sed
905 1447 1054 1491 plurimis
1074 1448 1200 1482 Metro-

312 1497 427 1541 politis
450 1497 586 1531 indulsit
617 1498 749 1530 suorum
770 1496 1058 1542 suffraganeorum
1091 1499 1198 1532 conse·

313 1548 493 1582 crationem
519 1572 528 1580 .
564 1546 675 1581 Etiam
696 1547 782 1581 intra
805 1546 933 1581 Italiam
955 1547 1196 1581 Mediolanensi

311 1609 350 1632 ac
374 1596 574 1640 Aquileiensi
593 1621 601 1629 .
628 1595 722 1644 Qin
749 1597 782 1630 δε
805 1597 974 1632 Indultum
997 1596 1195 1641 pedetentim

310 1649 346 1682 in
367 1647 418 1690 jus
441 1647 606 1682 transivit.
634 1647 728 1681 Hinc
751 1647 839 1681 enim
864 1647 1015 1682 adversus
1041 1648 1195 1682 sanctum

309 1697 479 1732 Hilarium
522 1695 773 1739 Metropolitam
811 1697 1033 1731 Arelatensem
1069 1723 1080 1739 ,
1114 1698 1194 1731 dum

309 1746 527 1791 quarumdam
549 1746 584 1781 in
618 1746 727 1780 Gallia
750 1746 994 1782 provinciarum
1028 1749 1194 1783 consecra-

310 1799 419 1833 tiones
450 1795 622 1832 invaderet
655 1808 711 1831 aut
747 1797 904 1832 detineret
925 1822 936 1839 ‚
972 1797 1094 1841 scripsit
1122 1799 1192 1832 Leo

309 1848 479 1894 Magnus.-
504 1853 578 1882 Non
599 1846 683 1881 nobis
703 1848 915 1885 Ordinationes
935 1848 1098 1888 vestrarum
1121 1851 1192 1882 Pro-

180 1887 230 1921 ΕΡ·
246 1883 291 1919 89·
310 1904 480 1933 vincianam
507 1898 717 1939 defendimus,
743 1900 825 1941 quod
839 1898 933 1940 1⁰0¹?st
945 1898 974 1940 f
969 1897 1056 1941 ”san
1077 1899 1122 1931 “d
1143 1900 1191 1932 de·

305 1950 488 1993 pravandos
514 1948 618 1988 vestrae
639 1949 817 1981 &melitam
839 1955 954 1982 animos
977 1950 1114 1982 Hilarius
1136 1957 1191 1990 pro

303 1999 355 2044 suo
371 2011 450 2034 more
465 2005 610 2038 mentiri,
631 1997 687 2041 sed
706 1999 791 2031 vobis
799 2007 856 2040 per
881 1998 1006 2038 nostram
1022 1998 1190 2041 sollicitudi-

309 2057 377 2084 ffem
393 2052 590 2084 vendicamus
606 2073 617 2089 ‚
643 2060 679 2082 ne
699 2051 777 2091 quid
786 2051 909 2082 ulterius
929 2050 1016 2082 liceat
1036 2054 1189 2089 novitati,

309 2112 363 2134 nec
388 2100 596 2143 praeficmptort
620 2100 697 2131 locus
717 2100 796 2131 ultra
809 2101 880 2138 jam
894 2107 1004 2139 pateat
1027 2100 1191 2142 privilegia

308 2150 405 2190 vestra
425 2150 575 2192 cassandi.
604 2148 877 2181 Consecrationes
898 2147 972 2181 istas
994 2148 1111 2182 fatetur
1126 2148 1191 2191 spe-

309 2202 391 2234 &are
414 2200 455 2233 ad
479 2197 715 2241 Metropolitas
734 2222 745 2239 ,
772 2198 965 2241 protestatus
986 2198 1027 2231 de
1050 2199 1189 2241 ipsarum

307 2248 565 2284 invadendarum
586 2247 656 2281 astu
682 2247 732 2281 vel
752 2249 900 2292 cogitatu
923 2247 1121 2291 iniquissime
1147 2248 1189 2281 ab

308 2300 443 2333 Hilario
464 2300 495 2332 se
516 2298 676 2332 accusari.
705 2297 759 2330 Ex
782 2299 900 2332 eodem
921 2297 1083 2341 principio
1099 2297 1189 2331 ‘varii

308 2349 398 2384 vario
424 2359 622 2392 temporeex
642 2346 737 2380 variis
760 2349 862 2382 causis
881 2348 899 2381 ὲ
923 2349 1081 2382 Romano
1104 2346 1191 2380 Pon·

309 2399 397 2434 tifice
408 2398 587 2432 consecrati
601 2395 860 2440 Episcopiduras
885 2399 920 2432 ἀ
938 2397 956 2430 ὲ
984 2398 1046 2431 suis
1067 2397 1186 2431 Metro=

1271 1045 1464 1089 protestores
1474 1066 1486 1084 ‚
1512 1042 1646 1080 Sedium
1656 1046 1827 1093 privilegia
1844 1059 1882 1083 ac
1894 1047 2073 1095 dignitates
2085 1051 2155 1086 exi-

1269 1094 1444 1130 stimabant
1464 1093 1623 1138 ejusmodi
1644 1098 1947 1134 consecrationibus
1967 1101 2057 1136 laedi.
2085 1101 2153 1138 Pro

1269 1147 1328 1179 suo
1351 1145 1430 1182 item
1451 1146 1663 1180 consectandi
1684 1147 1754 1190 jure
1765 1147 1954 1192 Apostolica
1966 1151 2063 1185 Sedes
2088 1152 2152 1186 fuit

1266 1195 1356 1237 aeque
1365 1196 1487 1230 zelosa.
1515 1196 1595 1230 Hoc
1606 1197 1696 1231 enim
1712 1199 1746 1231 in
1760 1201 1893 1233 cardine
1906 1201 2058 1244 pependit
2082 1200 2153 1236 Au·

1267 1244 1449 1289 tocephalia
1475 1246 1678 1281 Ravennatis
1706 1249 1853 1283 Ecclesiae
1877 1261 1884 1280 :
1912 1250 1992 1293 Ejus
2016 1250 2154 1295 Episco-

1267 1306 1342 1338 pum
1362 1304 1432 1328 non
1449 1294 1468 1327 ὲ
1489 1297 1618 1338 propria
1644 1297 1805 1339 Synodo,
1833 1300 1884 1333 sed
1900 1301 2014 1334 Romae
2040 1302 2059 1335 a
2084 1302 2150 1337 sese

1263 1343 1518 1386 consecrandum
1538 1344 1802 1381 demonstrarunt
1824 1348 2004 1384 Pontifices
2019 1375 2030 1391 ,
2060 1351 2153 1386 ideo-

1263 1406 1325 1438 que
1339 1406 1408 1428 non
1420 1395 1483 1429 effe
1496 1394 1784 1440 Autocephalum.
1813 1396 1856 1431 Et
1879 1398 2023 1443 Legatos
2049 1400 2091 1434 ad
2108 1403 2154 1436 se·

1262 1446 1400 1488 primam
1424 1445 1597 1488 Synodum
1617 1447 1748 1480 mittere
1768 1445 1958 1484 detrectavit
1981 1448 2151 1486 Adrianus

1261 1497 1383 1539 primus
1406 1520 1417 1536 ‚
1444 1494 1502 1528 nisi
1525 1495 1611 1538 prius
1631 1497 1873 1531 restituerentur
1905 1522 1918 1539 ,
1944 1509 2013 1533 non
2041 1500 2148 1536 solum

1262 1547 1353 1580 sacrae
1363 1545 1546 1590 imagines,
1574 1545 1739 1580 sedetiam
1766 1547 1825 1582 suo
1838 1547 2062 1584 Patriarchico
2083 1550 2147 1594 juri

1259 1607 1313 1639 per
1338 1596 1487 1634 Leonem
1510 1595 1656 1631 isaurum
1676 1596 1783 1632 ablata
1811 1597 2005 1641 Illyricianae
2021 1599 2149 1636 Dioeco·

1257 1647 1314 1686 sis,
1341 1647 1376 1680 &
1401 1645 1583 1680 multorum
1606 1646 1642 1680 in
1664 1647 1759 1682 Italia
1771 1647 2010 1693 Episcoporum
2032 1651 2147 1686 conse-

1255 1696 1360 1730 cratio
1389 1720 1402 1736 ,
1440 1696 1612 1739 praesertim
1645 1697 1894 1742 Archiepiscopi
1933 1700 2146 1742 Syracusani.

1258 1746 1362 1792 Qod
1384 1746 1491 1789 ipsum
1509 1747 1585 1780 ante
1609 1748 1727 1781 oCtavae
1749 1749 1875 1790 Synodi
1898 1747 2078 1794 ingressum
2091 1761 2148 1785 ex·

1255 1796 1458 1840 postularunt
1483 1796 1645 1831 Nicolaus
1664 1799 1787 1841 primus
1810 1822 1821 1838 ‚
1849 1810 1886 1832 ac
1909 1798 2079 1835 Adrianus
2101 1801 2147 1836 se*

1255 1846 1382 1881 cundus
1407 1872 1414 1879 .
1451 1846 1657 1890 Hujusmodi
1691 1848 1845 1892 plurimas
1878 1849 1978 1884 etiam
2002 1851 2038 1884 in
2071 1849 2146 1885 aliis

1256 1895 1531 1931 patriarchatibus
1564 1898 1639 1933 lites
1663 1896 1786 1933 habent
1819 1898 1955 1942 antiqua
1992 1899 2144 1934 Ecclefiae

1259 1957 1474 1982 monumenta
1487 1972 1494 1979 .
1522 1947 1612 1982 Etin
1632 1946 1848 1992 superioribus
1870 1949 1977 1993 plures
2000 1948 2143 1984 adduxi.

1253 1997 1343 2032 Nam
1369 1998 1402 2032 ὃς
1415 1998 1451 2032 in
1464 1997 1547 2041 ipsas
1558 1995 1680 2041 prodiit
1702 1998 1808 2033 sextus
1822 1998 1942 2033 Canon
1966 2000 2143 2035 Nicaenus.

1252 2048 1402 2094 Qinam
1426 2047 1503 2082 ver&
1532 2048 1687 2091 Episcopi
1724 2050 1867 2093 [pestent
1901 2056 1959 2084 aut
1983 2060 2052 2084 non
2077 2051 2148 2093 spe-

1251 2099 1341 2131 stent
1373 2098 1414 2131 ad
1447 2096 1729 2132 consecrationem
1761 2099 1908 2133 Romani
1941 2098 2142 2140 Pontificis,

1251 2145 1297 2180 est
1317 2147 1420 2192 longa
1442 2145 1576 2190 quaestio
1605 2170 1617 2187 ‚
1649 2158 1710 2181 nec
1733 2146 1829 2191 hujus
1848 2147 1916 2183 loci
1937 2174 1945 2181 .
1985 2149 2141 2194 Gregorii

1253 2197 1356 2230 nostri
1389 2208 1535 2239 tempore
1574 2196 1873 2232 Ecclefiasticarum
1907 2199 2140 2241 poffeffionum

1251 2246 1447 2289 dilapidatio
1468 2271 1479 2286 ,
1517 2246 1552 2279 δε
1585 2247 1620 2279 in
1653 2246 1774 2280 Laicos
1809 2247 1990 2282 infeudatio
2026 2249 2141 2283 admo-

1254 2297 1334 2329 dum
1365 2294 1587 2340 grassabantur
1620 2308 1631 2328 .·
1666 2294 1759 2329 Hinc
1790 2307 1940 2330 neutram
1971 2308 2026 2341 per
2049 2298 2140 2332 solos

1251 2345 1402 2389 deinceps
1437 2345 1618 2388 Episcopos
1654 2345 1760 2380 valere
1802 2346 1861 2380 ille
1892 2346 2000 2381 sanxit
2032 2369 2043 2386 ‚
2083 2348 2139 2382 sed

1252 2406 1333 2438 opus
1353 2397 1414 2430 effe
1435 2396 1560 2429 assensu
1582 2396 1727 2430 Romani
1750 2395 1923 2431 Pontificis
1945 2420 1957 2437 ‚
1983 2405 2039 2430 aut
2067 2408 2140 2441 pro-

309 2449 422 2493 politis
447 2450 481 2482 δε
502 2449 596 2482 asuis
607 2446 756 2491 Regibus
779 2448 1018 2491 persecutiones
1040 2448 1193 2480 sustinue·
1235 2447 1314 2488 prii
1330 2445 1574 2489 Metropolitae,
1598 2446 1639 2480 ad
1665 2446 1756 2490 cujus
1775 2446 1825 2480 illi
1852 2446 2136 2486 consecrationem

310 2510 388 2534 runt
403 2525 410 2531 .
438 2498 662 2542 Metropolitae
676 2500 800 2532 suarum
816 2522 827 2538 ,
853 2498 970 2541 quibus
987 2498 1093 2542 Reges
1117 2497 1191 2531 sunt
1254 2497 1471 2538 pertinerent.

749 2690 1268 2738 CANON
1375 2686 1683 2733 XVIII.

312 2813 497 2950 UT
522 2826 674 2861 omnes
700 2808 904 2879 Episcopi
940 2825 1052 2860 artes
1074 2810 1312 2857 litterarum
1355 2808 1401 2854 in
1426 2803 1510 2853 suis
1535 2803 1739 2853 Ecclefiis
1767 2802 1918 2854 doceri
1943 2804 2134 2858 faciant.

498 3010 1008 3053 Senotion.

417 3156 472 3188 On
496 3153 600 3188 solnm
621 3153 774 3188 Gentiles
797 3177 808 3193 ,
845 3152 899 3186 sed
932 3153 965 3186 ἆ
993 3150 1194 3186 Christianas

443 3203 674 3238 humaniorum
695 3204 871 3237 litterarum
893 3201 1016 3236 scholas
1030 3203 1092 3235 esse
1112 3203 1195 3234 anti-

313 3251 475 3294 quissimas
486 3277 497 3292 ,
524 3254 665 3297 plurimo
677 3253 866 3286 testimonio
887 3253 982 3296 poffit
994 3251 1194 3286 demonstra—

313 3300 358 3334 ri.
387 3301 505 3335 Earum
522 3304 699 3338 utilitatem
710 3313 807 3346 atque
820 3302 1037 3336 necessitatem
1055 3303 1192 3335 noscens

179 3337 294 3408 {350⁸}
308 3350 489 3393 'Imperator
502 3352 644 3392 Julianus
655 3377 666 3393 ‚
693 3354 776 3397 ipsas
787 3353 869 3387 solas
882 3351 977 3386 nobis
996 3351 1166 3386 interdixit
1183 3376 1190 3382 .

184 3427 227 3446 10.
310 3401 415 3449 Qod
426 3400 532 3435 solam
542 3400 713 3437 Poeticam
723 3427 736 3444 ,
762 3401 978 3438 Rhetoricam
989 3426 1000 3443 ,
1026 3414 1063 3437 ac
1077 3400 1192 3436 Philo-

1256 2998 1399 3042 sophiam
1408 2998 1427 3034 ὲ
1439 2996 1534 3033 nobis
1545 2996 1657 3032 doceri
1667 3007 1704 3030 ac
1716 2994 1830 3030 disceri
1843 3008 1880 3031 ac
1892 2995 1972 3031 disci
1985 2998 2137 3039 vetuerit,

1256 3049 1368 3083 diserte
1386 3049 1558 3083 adfirmant
1570 3046 1804 3081 Theodoretus
1815 3070 1826 3086 ‚
1854 3049 2000 3082 Socrates
2013 3072 2024 3088 ‚
2050 3049 2135 3082 Her-

2152 3029 2218 3064 L-5.
2238 3038 2265 3060 c.

2155 3078 2197 3102 17.

1254 3102 1335 3133 mias
1355 3100 1563 3133 Zozomenus
1582 3122 1592 3138 ,
1618 3097 1695 3131 dieti
1718 3096 1880 3141 Principis
1907 3097 2134 3132 Encomiastes
2152 3111 2265 3139 L,22,c,

1254 3152 1450 3183 Ammianus
1469 3147 1706 3188 Marcellinus,
1732 3147 1815 3182 acin
1842 3147 2082 3182 confessionum
2096 3147 2133 3180 li-
2150 3152 2198 3177 26·

1254 3199 1317 3233 bris
1329 3201 1461 3234 Sanctus
1473 3198 1677 3242 Augustinus
1690 3221 1701 3237 ,
1725 3197 1848 3231 addens
1873 3199 2042 3242 loquacem
2062 3208 2132 3240 pro·
2147 3189 2271 3220 L.s.c.<‚

1252 3251 1417 3284 fcssionern
1430 3248 1522 3283 fuisse
1532 3258 1611 3282 tunc
1623 3246 1776 3281 desertam
1785 3249 1884 3282 etiam
1894 3248 1912 3281 a
1921 3249 2038 3283 Sansso
2047 3247 2132 3281 Sim-

1252 3300 1395 3343 pliciano
1408 3325 1415 3332 .
1444 3298 1648 3332 Christianos
1658 3321 1668 3338 ‚
1684 3309 1767 3341 quos
1778 3297 1849 3331 fuso
1865 3309 1918 3342 per
1930 3299 2004 3330 suos
2014 3296 2131 3331 Genti-

1251 3351 1294 3383 les
1308 3351 1529 3383 Antecessores
1541 3349 1682 3391 plurimo
1695 3349 1853 3392 sanguine
1865 3347 1988 3380 viderat
1999 3357 2066 3379 non
2082 3346 2131 3380 di-

1251 3401 1418 3440 minutos,
1431 3401 1480 3433 sed
1495 3399 1588 3433 fuisse
1605 3399 1759 3433 au&osin
1775 3396 1967 3479 infinitumb,
1992 3395 2129 3479 lind-usta.

1959 3456 1991 3482 ar
2015 3457 2080 3481 arie
