2352 3756
66 268 151 307 &ran
178 286 223 308 io·

753 108 1569 152 Concitraiiutum.

238 198 379 241 ideoque
406 197 532 231 secutus
562 193 610 229 est
636 191 702 227 hoc
729 192 935 227 Nazianzeni
969 191 1124 237 Gregorii

238 247 463 292 Praecepturn:
490 250 556 279 Lex
571 245 667 285 nostra
674 242 772 286 sancit
784 267 795 284 ,
821 252 856 276 ut
867 253 989 287 urgente
1002 244 1122 286 quidem

237 306 369 340 tempore
380 306 432 340 pro
444 303 572 331 veritate
578 295 743 338 periculum
757 294 901 327 adeamus
913 317 924 333 ,
953 304 1005 326 nec
1023 298 1124 334 pieta-

237 358 299 383 tem
304 350 466 390 prodamus
474 356 531 390 per
552 349 725 390 ignaviam,
752 345 897 387 quamdiu
923 351 1022 377 autem
1036 346 1125 380 licet,

232 400 368 442 pericula
379 397 446 441 ipsa
455 408 491 430 ne
500 405 693 439 provocemus
710 418 720 435 ,
739 392 802 434 five
825 399 996 427 animarum
1016 392 1123 433 nostra-

236 458 303 482 rum
316 458 396 482 metu
410 472 420 488 ‚
439 447 506 490 five
518 455 549 480 ut
559 452 597 479 ii's
609 443 776 488 consulatur
788 467 800 483 ,
824 449 879 486 qui
889 445 1053 484 periculum
1073 453 1124 474 no-

237 500 284 533 bis
310 498 462 540 inferunt.
490 496 547 531 Ob
571 496 657 530 hanc
678 493 861 539 legitimam
882 492 995 537 fugam
1017 492 1121 527 Vene-

237 549 324 583 ticus
333 549 455 583 clamat
469 547 665 592 Gregorium
679 555 747 578 non
762 544 928 577 Pastorem
941 542 1033 577 fuisse
1044 567 1054 583 ,
1066 541 1118 576 sed

237 599 474 632 mercenarium
488 622 499 637 ‚
523 592 866 639 ideoqueejiciendum
884 618 890 624 .
915 592 1042 627 Verum
1054 602 1121 626 non

237 647 412 692 respondet
437 647 477 681 ad
499 658 588 681 rem.
618 644 752 678 Etenim
776 643 841 677 haec
865 645 944 687 fuga
967 644 1031 676 fuit
1055 640 1119 674 Bri·

196 701 198 703 ’
238 699 362 732 xinenfi
375 707 542 732 conventu
556 695 712 740 posterior
724 719 735 735 ,
760 694 794 728 &
806 704 866 727 nos
878 691 933 727 hic
950 691 1121 735 quaerimus

84 937 122 966 A.
139 943 222 971 ¹077·

237 749 349 783 causas
358 747 560 782 Brixinensis
573 745 738 780 Attentati
754 768 761 775 .
789 743 834 777 Et
854 743 894 776 de
908 741 1032 776 cunctis
1052 740 1120 775 istis

237 798 415 832 calumniis
442 797 626 840 Gregorius
650 796 682 828 se
707 791 939 827 solemniffime
960 801 1015 833 per
1038 792 1119 824 sum—

237 858 327 890 ptam
340 844 582 880 Eucharistiam
594 844 675 877 olim
699 841 784 885 apud
807 841 986 874 Canusium
1008 852 1119 883 expur-

237 898 329 941 gavit
353 921 361 929 .
389 893 603 940 purgationis
622 893 736 926 seriem
759 891 900 935 exponit
928 891 1118 925 Lambertus

238 945 546 990 Schafnaburgensis
558 969 565 976 .

291 998 344 1030 De
366 995 550 1030 Brixinensi
571 991 752 1027 Conventu
774 988 864 1025 addit
888 989 984 1025 Otho
1003 991 1118 1025 Frisin-

240 1047 345 1091 gensis
357 1046 559 1089 Episcopus:
588 1046 744 1076 Communi
753 1040 863 1082 consilio
888 1040 1026 1082 Pontifici
1045 1043 1117 1075 Scri'·

233 1107 323 1138 ptum
336 1101 475 1129 convitiis
489 1096 522 1127 ἐν
532 1092 765 1127 detractionibus
776 1093 898 1132 plenum
909 1092 1033 1134 dirigere
1039 1099 1116 1132 prae.

234 1145 421 1189 sumpserunt
436 1170 446 1186 ,
472 1150 551 1178 inter
563 1152 673 1176 caetera
692 1144 821 1174 dicentes
832 1153 845 1182 ;
873 1143 953 1173 sicut
975 1139 1116 1173 hac‘lenus

233 1194 351 1238 solebas
364 1198 460 1230 dicere
472 1219 483 1235 ,
509 1198 581 1236 quia
591 1194 688 1225 nullus
719 1190 845 1231 nostrum
856 1191 921 1233 effet
932 1188 1094 1232 Episcopus
1106 1215 1116 1231 ,

238 1253 284 1279 ita
290 1244 368 1288 scias
379 1252 451 1288 quia
462 1245 535 1277 nulli
548 1243 676 1283 nostrum
689 1243 823 1283 deinceps
847 1246 907 1273 eri:
924 1240 1111 1283 Apostolicus.

238 1294 415 1338 Reynerus
426 1292 634 1337 Reyneccius
647 1292 796 1336 vulgavit
819 1290 910 1324 istius
935 1290 1116 1324 Convenri-

238 1345 306 1379 culi
329 1345 468 1384 litteras,
497 1342 617 1388 quibus
637 1342 682 1375 est
706 1342 772 1375 haec
792 1340 965 1385 epigraphe
979 1354 989 1373 :
1017 1343 1116 1373 Henri-

206 1413 211 1419 ·
237 1407 288 1429 cus
302 1407 358 1428 non
370 1393 548 1438 vfitrpative'
560 1418 570 1434 ‚
594 1391 653 1435 sed
668 1398 723 1434 pia
747 1395 803 1423 Dei
821 1392 1007 1424 ordinatione
1026 1394 1093 1422 Rex
1105 1414 1116 1430 ‚

237 1445 466 1484 hildebrando,
485 1446 555 1484 jam
570 1453 625 1475 non
634 1440 787 1483 apostolico
800 1465 811 1480 ,
833 1439 891 1483 sed
908 1439 990 1483 falso
1011 1443 1114 1472 Mona-

235 1494 288 1528 cho
302 1520 309 1527 .
335 1495 379 1529 Et
390 1492 454 1527 hoc
462 1494 507 1527 est
519 1492 712 1526 exordium:
741 1494 824 1524 Hanc
834 1492 927 1523 talem
944 1498 1000 1531 pro
1018 1489 1114 1531 confu-

230 1543 308 1585 fione
318 1554 372 1577 tua
378 1542 589 1587 salutationem
597 1541 780 1583 promeruisti·
792 1565 803 1581 ,
828 1546 879 1582 qui
889 1541 1002 1573 nullum
1013 1545 1046 1573 in
1058 1543 1089 1572 E
1091 1551 1117 1572 c-

235 1593 317 1636 clefia
326 1596 460 1626 ordinem
475 1590 688 1634 praetermisi'sti
699 1615 710 1630 ‚
736 1602 820 1632 quem
840 1589 1013 1632 confufionis
1026 1614 1037 1630 ‚
1057 1601 1116 1622 non

236 1642 356 1677 honoris
373 1668 384 1684 ‚
419 1641 635 1675 maledictionis
649 1662 660 1678 ‚
687 1650 743 1672 non
765 1639 973 1673 benedicqionis
990 1644 1118 1681 partici-

232 1702 305 1736 pem
315 1692 486 1734 nenfecerts
498 1717 505 1724 .
531 1690 586 1724 Est
603 1689 735 1723 scurrile
749 1690 891 1723 scomma
904 1712 914 1727 ,
942 1687 1117 1721 &libellus

236 1743 401 1781 famosus,
421 1742 563 1784 ideoque
575 1751 643 1773 non
668 1738 853 1772 recitandus
867 1763 874 1770 .
898 1737 1036 1772 Interim
1057 1748 1118 1770 nec

238 1791 499 1827 necromantiam
513 1814 524 1831 ‚
549 1801 609 1823 nec
620 1788 879 1823 concubinatum
892 1811 902 1827 ,
924 1798 985 1821 nec
1008 1786 1119 1820 homi-

238 1842 349 1883 cidia,
370 1853 430 1875 nec
453 1838 593 1874 haeresim
609 1840 802 1882 improperat
815 1837 977 1881 Gregorio
998 1860 1009 1876 ,
1031 1834 1120 1870 ideo-

237 1903 303 1935 que
325 1892 492 1935 profitetur
519 1889 615 1922 illum
642 1889 684 1921 ab
709 1888 776 1921 istis
800 1887 892 1921 fuisse
918 1887 1118 1920 immunem.

237 1941 346 1985 Ipsum
379 1939 591 1974 solummodo
621 1947 712 1971 notat
733 1936 774 1971 de
802 1936 913 1970 invasa
937 1947 993 1980 per
1014 1935 1121 1970 Simo-

238 1993 329 2026 niam
351 1991 435 2025 Sede
458 1988 650 2032 Apostolica
674 2011 684 2027 ,
707 1985 747 2020 de
771 1986 971 2032 Tyrannico
987 1987 1021 2019 in
1045 1985 1120 2028 Epi-

238 2045 356 2084 scopos
378 2051 416 2074 ac
439 2048 575 2072 omnem
595 2037 728 2071 Clerum
752 2036 924 2070 dominatu
939 2059 950 2074 ,
969 2036 1002 2068 δι
1022 2034 1120 2068 defui

239 2091 344 2135 Regis
361 2098 519 2124 attentata
539 2086 772 2131 degradatione
795 2110 802 2117 .
829 2085 874 2118 Et
895 2095 952 2117 cur
973 2082 1038 2117 hoc
1062 2083 1123 2116 At-

240 2151 404 2175 tentatum
426 2140 462 2173 fit
486 2138 611 2171 crimen
638 2160 649 2177 ,
671 2135 771 2170 edicit
796 2147 804 2167 ε
829 2138 938 2177 Regem
953 2133 1122 2178 sauciorum

241 2193 370 2224 Patrum
381 2190 505 2222 traditio
511 2186 566 2231 soli
581 2190 643 2219 Deo
646 2185 848 2227 judicandum
868 2186 983 2225 docuit,
1009 2191 1122 2225 necpre

240 2242 340 2283 aliquo
363 2243 506 2276 crimine,
537 2235 593 2277 nist*
612 2238 631 2268 ἃ
648 2235 735 2277 fide,
761 2236 840 2277 quod
858 2233 952 2276 abfit,
978 2234 1123 2267 exorbita-

240 2297 323 2324 verit
337 2313 348 2329 ,
374 2288 575 2330 deponendum
593 2286 709 2329 afferuit
722 2310 733 2326 ,
758 2286 823 2318 cum
845 2287 937 2317 etiam
957 2284 1122 2329 Julianum

242 2339 411 2382 apostatam
429 2338 624 2379 providentia
641 2334 812 2379 sanc‘lorum
833 2333 1040 2377 Episcoporum
1063 2345 1121 2367 non

236 2390 312 2434 fibi,
335 2388 395 2432 sed
398 2386 452 2430 soli
462 2390 521 2419 Deo
530 2387 733 2427 deponendum
754 2383 931 2428 commiserit
948 2409 955 2415 .
982 2382 1028 2418 Et
1052 2393 1123 2418 tan-

241 2442 319 2473 dem
332 2437 480 2481 Epistola
503 2435 692 2470 concludit:
721 2439 765 2469 Tu
787 2439 877 2479 igitur
898 2439 1025 2468 omnium
1045 2437 1122 2476 Epi-

240 2489 391 2532 scoporum
400 2487 556 2527 nostrorum
562 2487 674 2527 judicio
685 2486 851 2518 damnatus
871 2482 1031 2527 descende,
1055 2489 1123 2517 vin-

245 2542 379 2572 dicatam
391 2537 445 2570 tibi
455 2538 559 2570 sedem
571 2535 756 2577 apostolicam
768 2536 917 2576 relinque,
945 2535 1021 2567 alius
1035 2538 1068 2567 in
1076 2531 1123 2576 so-

244 2592 316 2623 lium
328 2587 427 2621 saneti
439 2590 523 2619 Petri
534 2584 698 2629 adscendat
711 2609 722 2625 ‚
746 2591 797 2626 qui
809 2586 889 2617 nulla
899 2585 1041 2617 'violentia
1065 2587 1122 2617 Re-

244 2641 379 2683 ligionem
386 2637 494 2680 palliet
508 2660 518 2675 ,
539 2634 597 2678 sed
617 2638 709 2668 Beati
731 2637 814 2667 Petri
828 2632 939 2676 sanam
955 2633 1121 2667 doc¹2rinam

244 2692 357 2722 doceat.
394 2691 460 2730 Ego
471 2689 610 2719 Henricus
632 2688 698 2718 Rex
715 2687 772 2717 Dei
787 2690 894 2727 gratia
906 2707 917 2723 ,
942 2694 1005 2716 cum
1030 2690 1119 2716 omni-

245 2740 301 2772 bus
321 2736 480 2781 Epil‘copis
494 2735 597 2777 nostris
619 2735 675 2768 tibi
697 2736 841 2768 dicimus:
871 2731 1021 2776 Descende
1034 2757 1045 2772 ,
1071 2734 1120 2767 de·

238 2790 369 2830 scende.
398 2787 526 2821 Similes
540 2786 661 2820 litteras
673 2784 791 2828 scripsit
803 2783 970 2818 Henricus
990 2780 1030 2816 ad
1055 2783 1121 2817 Ro-

246 2850 347 2872 mana:
359 2836 506 2871 Ecclesia:
516 2836 650 2869 Clerum
661 2836 694 2869 &
707 2833 862 2878 populum
874 2858 885 2874 ,
907 2843 1040 2876 quarum
1053 2832 1120 2869 haec

245 2888 290 2922 est
302 2886 488 2922 conclusio:
517 2889 663 2929 Exurgite
675 2890 705 2917 in
728 2883 989 2923 Hildebrandum,
1010 2882 1118 2928 fidelis:

238 2936 329 2980 fimi,
356 2939 390 2970 ὦ·
397 2943 515 2978 primus
528 2942 559 2968 in
567 2936 628 2978 fide
631 2934 668 2977 fit
677 2941 795 2977 primus
818 2940 851 2966 in
871 2936 937 2975 ejus
959 2935 1121 2968 damnatio-

246 2998 302 3019 ne.
331 2990 403 3018 Non
415 2995 514 3019 autem
535 2995 567 3019 ut
585 2984 759 3030 sanguinem
783 2986 846 3025 ejus
869 2983 1027 3024 effimdatis
1051 2985 1119 3018 dici-

245 3048 312 3069 mus
325 3060 336 3076 ,
360 3041 468 3078 quippe
478 3036 543 3068 cum
561 3038 657 3077 major
668 3041 695 3069 ei
710 3035 773 3077 pest
793 3036 1011 3067 damnationem
1029 3040 1117 3073 poena

242 3088 279 3129 fit
289 3090 356 3119 vita
367 3086 458 3127 quam
476 3097 578 3127 mors;
598 3084 657 3128 sed
675 3095 710 3118 ut
731 3096 819 3125 eum,
841 3083 868 3127 fi
883 3084 977 3123 nolit,
1002 3082 1118 3126 defien-

244 3139 313 3170 dere
323 3140 455 3179 cogatis,
482 3137 516 3168 (τ
537 3135 629 3167 alium
650 3142 792 3167 cornmum'
813 3139 941 3166 omnIum
964 3132 1114 3177 Episcopo»

244 3198 311 3221 rum
322 3187 355 3219 (a'
368 3183 462 3224 vestro
471 3183 610 3226 confilioa
626 3184 709 3218 vobis
733 3185 854 3218 elec‘ium
875 3189 907 3216 in
932 3183 1116 3225 apostolicam

245 3238 348 3270 Sedem
371 3239 517 3276 recipiam
539 3258 550 3274 ,
576 3239 628 3276 qui
650 3236 727 3276 quod
744 3234 792 3274 iste
810 3240 842 3266 in
866 3232 991 3274 Ecclesia
1015 3234 1116 3270 vulne·

243 3295 331 3320 ravit
346 3311 356 3326 ‚
382 3295 482 3318 curare
510 3285 585 3317 velit
605 3284 729 3326 &poffit
755 3309 761 3315 .
790 3284 981 3317 Brixinense
1000 3283 1116 3320 Atten-

244 3346 350 3371 tatum
362 3335 493 3369 mandat
505 3334 590 3368 mitti
603 3334 637 3367 in
649 3334 893 3367 executionem.

297 3385 453 3421 Noranda
465 3386 537 3419 sunt
549 3384 661 3429 prioris
673 3382 823 3429 Epistola:
834 3382 926 3419 verba
938 3396 946 3416 ι
972 3385 1037 3429 ,ραι
1048 3387 1112 3419 nul-

1909 126 1996 168 321

1182 190 1213 222 la
1224 192 1368 223 violentia
1389 191 1568 232 Religionem
1584 196 1706 233 palliet.
1734 196 1905 230 Damnant
1932 197 2060 241 Grego-

1183 239 1273 273 tiana
1285 239 1453 277 adversum
1465 240 1668 276 Simoniacos
1679 246 1710 277 ὃς
1732 246 1926 291 conjugatos
1954 246 2059 281 Cleri-

1182 301 1238 325 cos
1249 290 1387 324 Decreta
1402 314 1413 331 ,
1437 289 1471 323 &
1483 299 1650 332 potentem
1661 291 1799 334 ipsorum
1810 296 2034 331 executionem
2049 322 2056 329 .

1184 340 1232 374 Ea
1244 339 1404 374 blaterant
1417 340 1499 373 sanae
1511 340 1619 374 Sancti
1630 339 1717 375 Petri
1740 341 1890 378 dostrinae
1914 346 2058 381 adversa.-

1183 390 1229 424 ri.
1256 390 1387 434 Nempe
1398 390 1563 425 Henricus
1586 390 1627 425 ad
1651 389 1718 424 haec
1738 392 1848 425 omnia
1869 397 2057 437 praesumen-

1182 440 1222 473 da
1232 440 1330 475 erata
1350 441 1544 475 Simoniacis
1566 440 1602 474 δὲ
1620 440 1805 485 conjugatis
1822 441 1989 486 Episcopis
2011 448 2056 481 se-

1183 490 1313 524 dustus.
1340 490 1499 525 Notanda
1511 491 1588 525 item
1600 491 1673 525 sunt
1696 489 1764 525 haec
1786 490 1882 526 verba
1904 492 2057 534 posterio-

1183 540 1223 573 ris
1235 539 1408 584 Epistolae:
1438 543 1534 574 Alium
1544 546 1686 574 communi
1695 547 1824 575 omnium
1847 540 2056 585 Episcoporum

1182 591 1216 623 (ν’
1241 590 1335 631 vestro
1358 590 1467 632 consilio
1487 593 1508 623 ἃ
1527 591 1613 624 vobis
1635 591 1756 625 elec¹lum
1776 616 1783 624 .
1802 632 1803 635 Ἴ
1823 591 2057 626 Demonstrant

1182 640 1367 675 Henricum
1389 641 1430 675 de
1449 641 1531 675 facta
1552 641 1704 675 Guiberti
1725 653 1779 685 per
1800 642 1940 687 Regiam
1951 642 2058 677 nomi-

1182 690 1351 724 nationem
1374 691 1550 725 intrusione
1570 690 1747 726 erubuisse.
1775 691 1972 727 Guibertum
1990 691 2058 735 Jam

1180 739 1371 780 intruserat,
1397 742 1553 776 &tamen
1576 741 1734 775 Romano
1758 741 1856 776 Clero
1873 753 1910 777 ac
1931 743 2058 789 populo

1181 789 1306 824 addicit
1333 790 1539 826 Canonicam
1561 791 1777 826 elestionem.
1809 792 1937 836 Nempe
1960 806 2058 829 nove-

1178 847 1226 871 rat
1249 839 1437 875 Romanam
1454 841 1630 877 Ecclesiam
1647 840 1666 875 ὲ
1684 841 1796 887 Regiae
1816 843 2057 880 nominationis

1179 888 1336 923 violentia
1349 893 1411 925 esse
1433 891 1658 926 alienissimam
1680 917 1692 933 ,
1719 891 1857 936 ideoque
1877 894 1979 936 ipsam
1996 896 2056 930 cir-

1179 939 1349 973 cumducit
1372 952 1426 983 pei·
1451 940 1619 976 mendacia
1641 967 1648 975 .
1688 942 1812 977 Verum
1840 943 1977 979 adducta
2002 956 2057 989 per

1179 988 1364 1023 Otthonem
1375 990 1611 1036 Frisingensem
1623 991 1736 1033 verba,
1762 995 1842 1026 sicut
1852 992 1993 1028 hactenus
2011 993 2056 1038 so-

1180 1038 1260 1072 lebas
1274 1041 1387 1080 dicere,
1412 1042 1469 1074 &c.
1494 1043 1528 1074 in
1541 1052 1653 1077 neutra
1674 1043 1748 1076 sunt
1771 1043 1941 1087 Epistola,
1968 1044 2059 1080 ideo-

1179 1100 1241 1130 que
1255 1090 1367 1132 scripta
1378 1090 1487 1125 fuit&
1507 1091 1568 1125 alia
1581 1116 1588 1123 .
1615 1092 1660 1125 Et
1686 1092 1753 1125 haec
1773 1092 1873 1133 latet,
1898 1105 1954 1130 aut
1976 1096 2056 1129 inte-

1180 1139 1233 1171 riit
1248 1163 1255 1170 .
1283 1140 1489 1174 Henriciana
1509 1142 1550 1175 ad
1576 1141 1729 1175 Sanctum
1752 1141 1933 1177 Annonem
1957 1144 2058 1179 Colo·

1183 1189 1324 1222 niensem
1339 1188 1533 1224 Antistitem
1554 1190 1700 1233 Epistola
1712 1191 1809 1227 habet
1831 1193 1909 1237 quid
1933 1194 2055 1229 simile:

1182 1239 1309 1271 Nullum
1321 1238 1517 1275 Hildebrandi
1521 1243 1635 1282 judicio
1644 1242 1711 1274 licet
1720 1242 1770 1284 effe
1782 1245 1965 1277 sacerdotem
1977 1269 1988 1285 ‚
2005 1243 2061 1287 nifi

1181 1294 1230 1330 qui
1241 1287 1408 1329 boc-‹ifastu
1422 1291 1487 1330 ejus
1500 1292 1731 1326 emendicaverit
1746 1317 1752 1323 .
1778 1293 1927 1341 Qidam
1949 1295 2057 1328 existi-

1182 1349 1271 1371 mant
1287 1339 1484 1382 Gregorium
1508 1340 1619 1385 argui,
1645 1340 1734 1384 quod
1758 1343 1902 1376 sanxerit
1926 1344 2058 1379 nullum

1184 1387 1379 1431 Episcopum
1402 1389 1468 1423 sine
1489 1391 1544 1425 sua
1564 1392 1677 1435 praevia
1699 1392 1951 1428 confirmatione
1970 1395 2058 1437 posse

1180 1437 1333 1481 deinceps
1343 1437 1360 1471 ὲ
1374 1439 1599 1483 Metropolitis
1609 1442 1788 1477 consecrari
1801 1467 1810 1474 .
1838 1442 1882 1477 Et
1891 1443 1977 1478 certe
1992 1444 2058 1479 hoc

1180 1499 1220 1520 ex
1239 1487 1436 1531 Apostolico
1449 1490 1589 1525 Canone
1601 1492 1647 1526 est
1671 1492 1796 1526 avitum
1817 1492 1866 1535 jus
1886 1493 2059 1536 cujuslibet

1179 1536 1392 1578 Patriarchae,
1420 1539 1558 1583 ideoque
1569 1552 1624 1585 per
1636 1541 1836 1586 Gregorium
1849 1543 1991 1578 omnino
2004 1555 2060 1588 po-

1180 1596 1283 1622 tuerat
1295 1590 1449 1631 reparari.
1481 1590 1640 1625 Attamen
1661 1591 1765 1635 ipsum
1786 1592 1966 1637 Gregorius
1989 1606 2060 1628 non

1180 1636 1280 1670 fecit.-
1305 1637 1349 1671 Et
1359 1639 1418 1672 ista
1433 1639 1581 1681 Epistola
1596 1641 1642 1675 est
1656 1641 1761 1685 spuria
1785 1643 1818 1676 ὅ(
1838 1643 1928 1677 ficta.
1957 1644 2001 1677 Et
2025 1645 2062 1678 li-

1181 1684 1233 1719 cet
1246 1685 1549 1723 maledicentissima
1563 1691 1599 1723 sit
1611 1714 1623 1729 ,
1649 1699 1758 1725 tamen
1782 1703 1843 1727 nec
1865 1704 2063 1727 necroman-

1182 1735 1262 1768 tiam
1276 1759 1288 1775 ,
1314 1746 1375 1769 nec
1396 1738 1653 1773 concubinatum
1666 1762 1676 1778 ‚
1701 1751 1761 1774 nec
1781 1740 1925 1776 haeresim
1948 1743 2065 1787 impin·

1182 1785 1232 1828 git
1245 1784 1432 1829 Gregorio,
1456 1788 1596 1831 ideoque
1607 1788 1696 1823 lucet
1709 1788 1804 1824 hasce
1814 1791 1996 1827 calumnias
2020 1793 2065 1826 es-

1182 1835 1213 1868 se
1224 1834 1499 1877 impudentissima
1514 1837 1683 1873 mendacia
1696 1840 1795 1874 solius
1809 1842 1979 1877 Bennonis
1991 1868 1998 1874 .
2021 1842 2066 1877 Et

1182 1883 1320 1919 adducta
1347 1896 1402 1928 per
1411 1887 1647 1933 Frifingensem
1658 1888 1829 1924 Othonem
1852 1892 1947 1926 verba
1967 1893 2067 1936 impe-

1184 1942 1259 1968 tunt
1285 1934 1468 1971 sanctiones
1491 1962 1501 1978 ‚
1527 1938 1646 1982 quibus
1670 1939 1837 1982 quoslibet
1858 1943 2066 1977 simoniacos

1182 1984 1426 2030 &conjugatos
1449 1987 1628 2032 Episcopos
1650 1988 1831 2034 Gregorius
1855 1991 2066 2036 degradavit.

1185 2032 1338 2076 Utraque
1350 2036 1437 2078 lepra
1448 2038 1593 2073 maxime
1604 2049 1684 2073 tunc
1696 2040 1894 2084 grassabatur
1909 2043 1943 2076 in
1967 2042 2069 2077 Cleto

1185 2082 1368 2117 Germaniae
1379 2096 1476 2128 atque
1489 2087 1734 2131 Longobardiae
1750 2114 1757 2121 .

1233 2133 1332 2167 Sexta
1344 2135 1478 2175 quaestio
1487 2137 1532 2170 est
1546 2160 1557 2176 ‚
1585 2139 1641 2171 An
1654 2136 1723 2171 haec
1738 2139 1893 2184 Gregorii
1919 2140 2071 2186 degrada-

1184 2182 1232 2216 tio
1245 2183 1278 2216 &
1292 2183 1442 2218 Guiberti
1454 2186 1590 2220 intrusio
1602 2186 1708 2221 statim
1723 2186 1896 2223 habuerint
1918 2192 2070 2228 effectum

1185 2232 1218 2265 δε
1229 2234 1458 2269 executionem
1473 2232 1490 2272 ?
1510 2236 1709 2280 Respondeo
1722 2249 1788 2272 non
1802 2238 1947 2275 habuisse
1957 2267 1964 2274 .
1993 2243 2070 2277 Ete-

1188 2282 1257 2316 nim
1272 2284 1337 2326 ipse
1350 2285 1449 2319 etiarn
1462 2286 1627 2320 Henricus
1654 2288 1696 2321 de
1719 2288 1778 2323 ista
1803 2290 1981 2326 intrusione
2001 2303 2071 2327 etu-

1187 2332 1303 2367 buitin
1316 2334 1459 2369 addut‘stis
1471 2336 1512 2370 ad
1535 2337 1724 2372 Romanum
1747 2338 1881 2375 Clerum
1901 2353 1940 2375 ac
1966 2354 2067 2386 popu-

1186 2381 1252 2416 lum
1265 2383 1381 2418 litteris
1398 2410 1409 2425 ‚
1434 2385 1605 2421 dumtaxat
1618 2389 1727 2422 retulit
1749 2389 1962 2435 degradatum
1987 2394 2065 2428 Gre-

1184 2433 1336 2477 gorium,
1361 2435 1395 2469 δε
1409 2435 1480 2478 ipsis
1492 2436 1623 2471 addixit
1645 2438 1853 2474 Canonicam
1876 2441 1956 2476 novi
1976 2443 2064 2478 Pon-

1185 2482 1281 2516 tificis
1306 2483 1500 2520 electionem
1521 2512 1528 2519 .
1569 2488 1613 2520 Et
1639 2487 1839 2524 Brixinensis
1868 2492 2063 2528 Conventus

1185 2531 1346 2567 Guiberto
1370 2546 1438 2569 non
1461 2537 1601 2570 mutavit
1625 2548 1770 2579 nomen,
1795 2540 1933 2584 ideoque
1957 2542 2060 2586 ipsum

1184 2582 1322 2616 necdum
1335 2582 1448 2618 habuit
1464 2597 1521 2629 pro
1535 2588 1593 2620 suo
1610 2586 1793 2623 Pontifice.
1819 2590 1995 2627 Guibertus
2005 2594 2060 2629 ad-

1184 2631 1247 2666 huc
1270 2633 1384 2667 mansit
1397 2635 1595 2677 Guibertus,
1621 2649 1690 2671 non
1711 2640 1849 2682 amplius
1862 2641 2034 2678 Ravennas
2045 2667 2058 2684 ,

1183 2683 1216 2715 &
1236 2680 1375 2716 necdum
1397 2684 1570 2720 Romanus
1591 2686 1719 2722 Pseudo
1732 2688 1934 2735 -Episcopus
1953 2717 1964 2733 ‚
2002 2694 2056 2728 scd

1183 2733 1281 2766 factus
1303 2733 1446 2767 militum
1470 2738 1549 2770 Dux
1572 2737 1606 2770 in
1619 2736 1933 2775 Henriciexercitu.
1962 2742 2055 2779 Audi

1182 2793 1246 2815 rem
1269 2783 1288 2815 a
1311 2782 1491 2819 Bettholdo
1506 2785 1768 2821 constantiensi:
1795 2794 1939 2825 Henricus
1951 2798 1984 2826 in
1994 2799 2054 2828 Ita-

1180 2834 1274 2871 liam,
1299 2832 1442 2876 affumpto
1455 2836 1591 2878 apostata
1608 2835 1662 2880 suo
1685 2839 1842 2880 Guiberti»,
1869 2843 1975 2876 iterum
1995 2848 2052 2877 Ro-

1180 2894 1261 2915 mam
1278 2881 1431 2926 invisurus
1455 2910 1466 2926 ‚
1499 2885 1695 2929 proficiscitur
1716 2913 1726 2928 ,
1754 2891 1892 2923 adunata
1919 2894 2051 2926 multitu·

1180 2945 1215 2967 ne
1221 2930 1488 2975 fibismaticorum.
1517 2935 1620 2979 Ibique
1629 2949 1663 2970 ea
1673 2937 1772 2977 aestate
1795 2951 1948 2981 moratus,
1970 2945 2049 2983 pen?

1179 2991 1210 3018 in
1220 2984 1324 3026 caffum
1348 2984 1521 3026 laboravit,
1546 2985 1605 3028 nisi
1622 2989 1703 3030 quod
1717 2991 1827 3022 milites
1847 2989 1914 3032 sicot
1934 2991 2048 3036 quibus-

1179 3039 1248 3071 dam
1268 3033 1389 3074 castellis
1410 3059 1422 3075 ,
1446 3044 1479 3067 ut
1495 3035 1634 3077 facerent
1648 3049 1787 3081 guerram
1807 3043 1968 3081 Romanis,
1993 3047 2048 3074 im-

1173 3086 1284 3130 posuit.
1311 3087 1396 3130 ,Quia
1405 3096 1468 3118 eum
1476 3086 1591 3120 nechao
1610 3093 1675 3121 vice
1698 3091 1823 3120 Romam
1842 3095 1956 3123 intrare
1979 3100 2047 3133 per·-

1177 3136 1334 3180 miserunt.
1361 3140 1464 3179 Ignem
1485 3147 1593 3179 quoque
1602 3142 1635 3169 in
1645 3138 1761 3169 domum
1773 3139 1874 3171 sanati
1887 3142 1971 3173 Petri
1986 3151 2046 3184 pe,-

1176 3189 1331 3230 quemdam
1352 3187 1527 3219 traditorem
1551 3192 1709 3220 immittere
1720 3188 1813 3220 voluit
1824 3211 1836 3228 ‚
1858 3186 1915 3230 sed
1924 3193 1982 3224 Dei
1990 3199 2047 3227 mi.

1170 3236 1331 3281 sericordia
1341 3243 1510 3280 protegente
1520 3241 1700 3278 nonpotuit.
1730 3241 1886 3280 Cogitavit
1908 3246 1985 3273 enim
2009 3255 2044 3280 ut

1176 3290 1212 3321 de
1237 3285 1393 3329 improviso
1413 3294 1520 3328 portas
1547 3291 1725 3327 irrumperet
1746 3310 1757 3326 ‚
1786 3286 1817 3328 st‘
1844 3291 1971 3323 Romani
1996 3295 2045 3329 de.

1175 3338 1283 3372 reliblis
1318 3336 1543 3381 propugnaculis
1579 3338 1625 3369 ad
1665 3338 1830 3369 incendium
1870 3340 2041 3386 restinguen-

1175 3390 1244 3422 dum
1277 3397 1474 3424 concurrerent
1490 3411 1499 3421 .
1538 3388 1623 3422 Unde
1647 3390 1743 3429 ignem
1767 3388 1900 3424 domibus
1925 3391 2041 3436 quibus·

1919 3441 1992 3474 dam
