2352 3756
889 79 1002 142 (iiii)
1037 74 1197 140 (327)
1235 74 1343 143 (ἢ)

200 228 2027 425 Qeffiffiffssffiffffiffiffiffiffiffitffi

205 369 1036 434 ffiffiffiffiffiffiffi

1054 368 1183 423 &⁶3³⁵
1054 364 1678 423 ffiffisffisffiffi
1680 365 2025 426 ffiffiffi

212 504 344 645 S
428 493 1599 643 GREGORII
1703 492 2029 693 VIL

343 707 1071 798 OCTAVUM
1128 701 1894 793 ROMANUM

280 874 395 1001 C
485 873 608 994 o
697 873 822 991 N
908 872 1024 999 C
1110 871 1165 991 Ι
1253 873 1352 1042 L
1427 871 1481 990 Ι
1552 869 1685 996 u
1762 868 1963 990 Mi

457 1084 566 1129 Nno
613 1079 671 1128 ab
716 1082 1020 1136 Incarnatione
1067 1080 1256 1135 Domini
1305 1078 1535 1132 millesimo
1568 1078 1832 1142 oticogefimo
1866 1080 2039 1147 prim0,

286 1082 384 1304 gs
492 1148 778 1198 Pontificatus
824 1148 931 1200 vero
966 1143 1175 1218 Gregorii
1224 1148 1397 1216 septimi
1449 1166 1565 1198 anno
1598 1154 1751 1199 oetavo
1797 1148 2039 1199 nondum...

491 1224 638 1270 exacto
669 1253 683 1277 ,
719 1219 969 1288 praefidente
1002 1218 1156 1269 eodem
1192 1219 1452 1286 Apostolico
1484 1254 1499 1279 ‚
1547 1219 1764 1269 celebrata
1799 1219 1860 1269 est
1896 1225 2039 1287 Syno-

490 1287 570 1338 dus
617 1293 769 1343 Romae
815 1293 862 1339 in
898 1289 1079 1339 Bafilica
1125 1286 1312 1356 ejusdem
1361 1290 1602 1343 Salvatoris
1649 1293 1693 1338 &
1727 1289 2041 1356 Redemptoris

210 1357 347 1407 nostri
373 1357 477 1422 Jesu
513 1359 678 1408 Christi
713 1396 726 1421 ‚
774 1362 822 1408 in
855 1377 944 1427 qua
992 1362 1107 1409 inter
1141 1374 1298 1408 caetera
1332 1357 1589 1409 sententiam
1638 1359 1922 1427 depositionis
1956 1364 2043 1407 Ar-

210 1427 587 1497 chiepiscoporum
622 1429 886 1488 Arelatensis
933 1433 977 1481 &

1010 1428 1304 1498 Narbonensis
1337 1465 1351 1490 ,
1399 1445 1535 1497 atque
1570 1430 2046 1486 excommunicationis

213 1516 295 1565 per
331 1499 519 1561 Legatos
554 1499 818 1567 Apostolicae
870 1497 991 1549 Sedis
1025 1501 1345 1568 promulgatam
1381 1502 1603 1550 Dominus
1641 1504 1762 1568 Papa
1795 1535 1809 1560 ‚
1858 1499 1927 1547 his
1959 1498 2043 1565 qui

214 1567 396 1623 aderant
429 1568 779 1627 collaudantibus
811 1607 826 1631 ,
872 1569 1059 1628 firmavit
1094 1607 1108 1619 .

1155 1571 1394 1627 Henricum
1430 1587 1611 1638 quoque
1646 1569 1810 1620 dictum
1845 1573 2043 1632 Regem,

212 1641 262 1690 δι
295 1654 445 1687 omnes
480 1639 670 1696 fautores
705 1644 799 1705 eJ'us
828 1675 842 1699 ,
876 1642 955 1705 qui
990 1642 1037 1694 in
1071 1643 1287 1706 praeterita
1319 1643 1771 1694 excommunicatione
1804 1641 2048 1691 animum-⁴

214 1706 524 1761 induraverant
559 1743 573 1769 ,
621 1708 781 1765 iterum
827 1710 1274 1758 excommunicavit.

1324 1710 1736 1761 Anathematizavit
1786 1711 1894 1758 item
1940 1706 2050 1756 Ildia

217 1775 427 1834 mundum
475 1781 519 1835 ὃς
554 1777 755 1829 Landum
789 1780 1086 1849 Campanicos
1132 1793 1345 1844 tyrannos
1378 1814 1393 1838 ,
1445 1775 1682 1846 omnesque
1715 1777 1937 1844 adjutores
1972 1793 2048 1826 eo-

219 1865 316 1896 rum
351 1882 365 1895 .
401 1851 614 1897 Praeterea
648 1845 864 1913 suspendit
899 1846 957 1895 ab
990 1845 1137 1896 officio
1169 1845 1382 1913 quosdam
1416 1846 1679 1915 Episcopoe,
1714 1852 1795 1914 qui
1830 1846 1888 1897 ad
1925 1851 2056 1901 Com,

220 1917 371 1974 cilium
406 1917 614 1975 invitati,
649 1933 793 1984 neque
826 1915 942 1982 ipsi,
977 1932 1121 1984 neque
1156 1918 1305 1966 nuncii
1340 1915 1527 1985 ipsorum
1563 1935 1643 1986 pro
1679 1917 1778 1986 ipsis
1813 1931 2048 1970 venerunt.

423 2059 922 2113 Senotlon.

231 2216 234 2220 ’
298 2205 381 2242 Asta
401 2205 447 2242 est
459 2206 526 2243 haee
537 2206 692 2252 synodus
709 2216 800 2242 anno
812 2206 882 2252 post
898 2205 1106 2242 millesimum

322 2258 523 2302 oeiogefimo
534 2259 641 2301 primo
655 2283 662 2290 .
690 2258 772 2292 Dies
784 2258 817 2292 &
828 2258 944 2292 mensis
955 2254 1107 2302 ignoran-

224 2317 280 2344 tur
292 2331 299 2338 .
327 2308 423 2341 Fasta
449 2307 575 2342 videtur
592 2307 629 2342 iu
640 2307 780 2342 exordio
802 2307 926 2352 Aprilis
939 2332 947 2340 .
973 2307 1106 2340 Etenim

225 2358 311 2395 faeta
331 2357 375 2390 est
389 2359 507 2391 octavo
519 2357 674 2401 Gregorii
694 2369 785 2392 anno
805 2358 945 2392 necdum
958 2357 1106 2401 expleto:

227 2405 280 2440 At
291 2406 368 2439 vero
379 2405 560 2451 Gregorius
570 2408 635 2441 fuit
655 2406 775 2442 electus
784 2418 874 2442 anno
891 2407 962 2449 post
985 2406 1108 2440 millesi-

229 2465 323 2490 mum
335 2456 567 2501 septuagesimo
588 2457 687 2490 tertio
697 2481 709 2498 ‚
733 2457 789 2491 die
802 2457 934 2492 decimo
945 2456 1111 2490 Kalendas

229 2504 355 2548 Majas.
384 2504 489 2541 Porrd
508 2506 680 2540 damnatus
701 2505 756 2541 hic
774 2506 973 2541 Arelatensis
995 2503 1112 2540 Archi-

230 2554 402 2601 episcopus
415 2555 478 2589 fuit
490 2555 651 2592 Aicardus
662 2579 674 2596 ,
699 2567 838 2600 magnus
857 2556 960 2600 Regis
971 2554 1112 2589 Henrici

229 2604 361 2645 fautor,
387 2602 526 2648 ideoque
545 2616 599 2648 per
612 2605 814 2649 Gregorium
842 2616 879 2640 ac
891 2606 957 2648 ejus
968 2605 1110 2649 Legatos

229 2654 328 2689 variis
338 2654 373 2688 in
385 2654 530 2697 Synodis
541 2654 724 2688 damnatus.
750 2654 864 2690 Exstat
874 2655 1027 2700 Gregorii
1038 2654 1110 2698 Epi·

227 2702 316 2738 Rola
330 2728 340 2744 ‚
367 2715 430 2747 qua
444 2703 639 2739 Arelatensis
650 2704 798 2740 Ecclefiae
809 2704 946 2739 Clerum
962 2715 1000 2738 ac
1011 2715 1111 2749 popu-

229 2752 304 2787 lum
315 2764 392 2787 cum
404 2753 574 2788 stomacho
588 2754 734 2798 increpat
752 2755 795 2789 de
808 2754 949 2789 nimium
960 2754 1112 2789 diuturna

228 2802 434 2847 Episcopalis
444 2803 526 2838 sedis
537 2804 710 2839 vacatione
724 2828 735 2845 ‚
759 2804 907 2839 hortatur
918 2804 959 2838 ad
981 2802 1111 2839 tandem

231 2851 423 2898 eligendum
438 2864 564 2889 novum
577 2853 776 2898 Episcopum
790 2880 801 2895 ,
826 2853 867 2888 ad
877 2854 1028 2889 elec'rioni
1042 2865 1113 2898 prz-

229 2901 403 2937 fidendum
415 2904 503 2948 legat
519 2903 759 2948 Leodegarium
780 2904 979 2948 Episcopum
990 2904 1115 2948 Vapin·

234 2954 390 2993 oensem,
414 2954 449 2990 ἀ
461 2954 539 2998 eligi
552 2953 688 2989 mandat
710 2965 787 2989 cum
798 2955 933 2989 confiiio
954 2954 1114 3000 Hugonis

101 3033 125 3062 L
127 3031 163 3061 ,ὃ
174 3034 199 3061 6
234 3001 364 3036 Dienfis
379 2976 569 3046 Episcopi,
594 3003 674 3037 sui
664 3016 698 3038 m
725 3004 835 3039 Gallia
857 3005 1004 3040 vicarii.
1030 3005 1113 3054 Qae

103 3041 221 3109 &him
234 3050 351 3085 omnia
361 3051 542 3086 scribuntur
551 3053 699 3089 adversus
706 3054 916 3100 degradatum
927 3055 1112 3090 Aicardum.

237 3100 381 3135 Videtur
391 3111 501 3136 tamen
512 3101 569 3136 ille
583 3102 714 3147 tandem
727 3105 934 3148 paenituisse,
958 3116 997 3140 ac
1007 3105 1112 3141 rediis-

237 3151 289 3185 se'
282 3162 317 3184 in
330 3150 530 3194 Apostolicae
552 3144 643 3186 Sedis
653 3156 811 3198 gratiam.
839 3156 945 3199 Ipsum
966 3156 1055 3190 enim
1066 3157 1112 3190 us-

237 3210 302 3245 que
327 3201 368 3235 ad
381 3200 469 3235 istius
480 3202 585 3239 saecuii
600 3213 725 3238 annum
746 3206 991 3250 nonagefimum
1003 3205 1112 3241 sedisse

238 3249 456 3290 Antistitem,
482 3251 566 3286 acin
579 3251 768 3287 Cathedrali
779 3256 913 3290 Basilica
925 3255 1016 3290 fuisse
1037 3256 1113 3300 Epi·

1217 2062 1404 2097 Damnatus
1425 2060 1482 2096 hic
1502 2059 1780 2106 Archiepiscopus
1800 2058 2050 2099 Narbonenfis‚

1169 2108 1296 2145 videtur
1306 2112 1369 2145 ess'e
1378 2110 1522 2153 ejusdem
1532 2112 1644 2145 farinae
1654 2109 1830 2144 Guifredus
1839 2133 1851 2150 ‚
1862 2111 1903 2144 de
1913 2120 1981 2153 quo
1992 2107 2050 2142 ha·

1168 2158 1223 2193 bet
1234 2160 1330 2194 tertia
1343 2159 1497 2203 Gregorii
1509 2159 1681 2203 Synodus:
1710 2157 1906 2203 *agathensem
1927 2156 2050 2200 Episco-

1162 2217 1239 2251 pum
1261 2212 1473 2253 Berengarium
1492 2232 1503 2248 ‚
1527 2214 1599 2251 quia
1622 2206 1811 2249 Narbonensi
1829 2206 2050 2250 Arcbiepiscopn

1166 2264 1415 2292 excommunicato
1434 2264 1677 2298 communicavit,
1702 2261 1737 2292 (⁰5
1759 2264 1840 2291 vices
1853 2255 2049 2300 Episcopales

1163 2316 1218 2350 pro
1237 2310 1285 2342 illo
1297 2308 1398 2350 fecit,
1423 2314 1722 2343 excommunicamus.
1750 2308 1795 2342 Et
1817 2314 1931 2350 quarta
1944 2308 2050 2349 Syno-

1167 2356 1227 2391 dus
1242 2370 1249 2390 :
1276 2362 1468 2398 Renovamus
1479 2363 1808 2392 excommunicationem
1828 2359 1849 2389 ἃ
1863 2356 2051 2399 Praedeceffo-

1168 2408 1251 2441 ribus
1265 2408 1365 2448 nostris
1370 2409 1492 2450 fadum
1495 2407 1586 2449 super
1608 2407 1788 2448 Gur‘fredum
1799 2405 2049 2450 Arcbiepiscopum

1169 2456 1414 2501 Narbonensem,
1440 2457 1475 2490 Εἰ
1499 2454 1611 2499 absque
1631 2457 1692 2490 ulla
1701 2461 1929 2499 recuperationis
1945 2456 2000 2500 spe
2009 2456 2048 2489 ab

1170 2505 1341 2549 Epifropali
1364 2507 1450 2548 officio
1471 2517 1537 2540 eum
1556 2504 1762 2548 submovemus
1775 2531 1783 2539 .
1810 2507 1856 2541 Et
1866 2506 1981 2551 quinta
1989 2507 2050 2549 Sy2

1171 2557 1292 2591 nodus:
1312 2554 1510 2597 Narbonensis
1524 2554 1758 2599 Archiepiscopus
1770 2558 1879 2590 iterum
1888 2567 2050 2591 excommu-

1171 2612 1298 2640 nicetur.
1325 2606 1371 2639 Et
1391 2607 1483 2640 sexta
1507 2606 1680 2648 Synodus:
1707 2608 1987 2640 Excommum'catus
2011 2605 2049 2646 cst

1163 2655 1223 2697 fine
1240 2654 1295 2698 spe
1316 2660 1541 2698 recuperationis
1563 2654 1799 2698 Archiepiscopur
1827 2654 2047 2698 Narbonensis.

1171 2706 1294 2741 Verum
1315 2703 1412 2749 hujus
1437 2704 1565 2750 Synodi
1595 2716 1743 2750 ternpore
1769 2705 1950 2740 Guifredus
1978 2715 2050 2741 erat

1170 2764 1333 2791 mortuus:
1361 2755 1465 2790 Anno
1489 2756 1560 2801 post
1582 2756 1791 2791 millefimum
1811 2755 2052 2801 septuagesimo

1170 2817 1262 2843 nono
1281 2806 1346 2841 effe
1365 2805 1400 2839 in
1422 2805 1631 2842 anathemate
1641 2806 1857 2847 exstinctum,
1884 2806 2048 2841 affirmant

1167 2855 1282 2892 tabulae
1303 2855 1525 2891 Narbonenfis
1545 2856 1691 2893 Ecclefiae
1713 2882 1721 2890 .
1754 2854 1899 2891 Proinde
1920 2857 2046 2901 Grego-

1167 2906 1230 2942 rius
1250 2904 1305 2940 hic
1329 2905 1483 2940 fulminat
1506 2906 1543 2941 in
1564 2907 1633 2948 ejus
1654 2907 1874 2942 Succefforem
1888 2905 2045 2946 Petrum,

1166 2958 1205 2992 de
1217 2967 1283 3000 quo
1302 2956 1437 3001 septima
1457 2955 1554 3000 ipfius
1565 2958 1738 3001 Synodus:
1766 2959 1891 2991 Petrum
1907 2959 1974 2989 olim
1985 2959 2045 2988 Ru-

1166 3006 1332 3049 thezzensem
1357 3005 1536 3050 Episcopum
1556 3033 1567 3050 ,
1606 3019 1685 3042 nunc
1709 3014 1806 3042 autem
1841 3003 2044 3045 Narbonenfis

1167 3055 1298 3099 Ecclefiae
1334 3055 1532 3101 invasorem,
1565 3064 1641 3101 pari
1668 3057 1819 3102 senmma
1840 3057 2044 3090 damnamus.

1167 3105 1328 3142 Adversus
1340 3107 1479 3148 eundern
1498 3107 1677 3144 habemus
1668 3120 1701 3142 m
1715 3106 1869 3152 Gregorii
1880 3104 1920 3140 ad
1933 3104 2044 3140 nescio

1166 3168 1247 3203 quos
1269 3156 1399 3192 nobiles
1419 3157 1568 3194 Comites
1577 3159 1711 3194 litteris·
1737 3159 1835 3193 Saluti
1852 3155 2045 3197 vestraeptae-
2058 3194 2071 3214 e

1165 3210 1245 3250 cipue
1260 3209 1458 3249 providentes
1468 3220 1623 3254 rogamus,
1653 3210 1735 3242 &ex
1753 3216 1841 3250 parte
1853 3209 1944 3240 Beati
1957 3208 2042 3239 Petri

1162 3263 1354 3301 praecipimus
1364 3259 1474 3299 vobis,
1496 3267 1530 3292 ut
1540 3256 1729 3300 Narbonensi
1744 3256 1898 3299 Ecclesiae,
1915 3258 1987 3299 jam
2002 3267 2042 3289 en

239 3300 409 3344 scopaliter
422 3301 604 3344 sepultum,
629 3302 664 3335 in
682 3303 791 3340 Gallia
805 3304 989 3341 Christiana
1009 3305 1109 3342 osten·
1166 3310 1247 3353 longo
1256 3315 1382 3350 tempore
1401 3322 1420 3341 a
1433 3308 1552 3342 Diaboli
1570 3307 1881 3352 membrispervasae‚
1904 3307 2042 3351 prompte

239 3349 323 3391 dunt
334 3350 458 3384 Fratres
470 3350 725 3390 SammarthanI.

340 3399 447 3441 Christ.
459 3404 539 3449 Lupi
551 3405 651 3452 Opera
662 3405 696 3435 T
699 3407 750 3444 ΥΙ.

1162 3357 1372 3402 subvem'entes
1382 3382 1394 3403 ,
1406 3358 1540 3401 fratrem
1550 3358 1676 3399 nostrum
1689 3358 1878 3398 Dalmatiam
1889 3356 2039 3398 Archippi—

1520 3409 1550 3443 E
1575 3420 1594 3444 e
1644 3420 1666 3446 2
1860 3407 1989 3461 scopum
