2352 3756
347 137 443 187 344
841 114 1573 195 Qvir‘nrurnonuuoensa

939 281 1319 329 CANON
1402 285 1439 331 Ι.

414 431 504 479 Um
539 440 689 475 omnes
723 427 843 486 juxta
894 417 1094 467 ordinem
1128 417 1252 470 suurn
1285 419 1569 476 consedissent
1600 462 1615 486 ,
1662 430 1836 496 prolata
1883 431 1982 486 suut
2017 437 2107 494 ins.

446 498 638 551 medium
675 499 865 541 Decreta
900 487 1140 538 sanctorum
1176 494 1357 540 Patrum
1392 492 1448 543 de
1485 499 1684 547 Primatu
1722 501 1846 552 Sedis
1880 506 2103 573 Apostoli..

192 600 195 603 .
255 568 338 622 ’ξπ
369 611 382 635 a
439 567 561 640 qubd
596 563 704 612 nulli
735 576 931 628 unquam
968 560 1099 610 liceat
1135 564 1226 627 ejus
1259 562 1470 627 judicium
1506 574 1741 621 retractare
1776 609 1789 633 ‚
1838 578 1882 624 δε
1916 575 1972 626 de
2005 584 2101 646 ejus

268 642 437 709 judicio
471 637 662 705 judicare
699 669 711 681 .
764 629 902 704 Qod
936 628 994 679 de
1042 632 1180 681 totius
1219 633 1388 700 Synodi
1433 636 1612 704 publica
1658 640 1914 709 professione
1948 648 2098 699 lauda-

269 729 363 763 tum
400 716 442 759 δε
477 706 779 757 confirmatum
814 700 876 751 est
906 736 918 747 .
975 703 1033 748 Et
1069 701 1153 773 hoc
1189 705 1342 770 utique
1375 722 1530 758 contra
1565 714 1857 763 Henricianos
1884 753 1898 776 ,
1933 720 2013 784 qui
2046 719 2098 768 fi-

267 783 387 831 deles
436 780 576 829 Sanoti
638 776 758 824 Petri
805 771 1094 834 constringere
1142 774 1373 826 voluerunt
1400 811 1413 836 ‚
1472 794 1523 828 ut
1556 787 2099 838 excommunicationem-⁴

267 853 453 901 Domini
490 854 616 916 Papae
653 845 858 908 Gregorii
893 840 1018 909 super
1064 845 1307 893 Henricum
1341 864 1442 896 cum
1488 850 1576 899 illis
1610 857 1838 906 retractare
1872 857 2097 925 praesume-

220 975 225 981 ,
265 939 362 973 rent
397 958 408 970 .
463 917 660 990 Qidam
715 930 863 964 autem
916 912 1240 977 Bambergenfis
1286 916 1528 983 Clericus,
1576 927 1753 974 nomine
1788 927 2053 978 Cunibertus
2077 967 2091 991 ‚

264 993 454 1043 Romani
491 987 719 1038 Pontificis
767 985 980 1033 Primatui
1016 983 1225 1047 derogare
1262 986 1415 1036 volens
1450 1025 1464 1049 ,
1512 992 1558 1038 in
1594 994 1780 1044 mediam
1824 997 2093 1066 Synodum...

262 1062 304 1112 se
343 1062 533 1114 contulit
568 1097 582 1124 ‚
635 1054 811 1109 asserens
847 1058 1072 1107 Romanos
1121 1054 1357 1107 Pontifices
1394 1058 1508 1109 hunc
1544 1059 1622 1109 fibi
1657 1068 1899 1116 Primatum
1935 1069 2092 1118 adseri..

261 1131 382 1202 pfiss‘e
419 1170 431 1193 ‚
468 1149 555 1180 non
592 1126 766 1180 aliunde
803 1122 1046 1176 concessum
1082 1124 1345 1176 haereditasse
1378 1164 1391 1188 ,
1428 1126 1635 1182 videlicet
1672 1149 1722 1182 ut
1757 1124 1896 1184 nullus
1918 1138 1985 1189 de
2018 1158 2092 1189 eo-

260 1223 356 1253 rum
391 1199 781 1270 judiciofflm
815 1195 974 1246 debeat
1008 1232 1021 1258 ,
1057 1213 1138 1245 nec
1174 1197 1240 1254 illi
1275 1198 1453 1265 alicujus
1486 1199 1651 1264 judicio
1686 1202 1956 1270 subjaceant.
1997 1213 2093 1281 Qi

255 1276 363 1324 cum
399 1267 551 1342 aperte
586 1270 613 1320 a
649 1285 754 1320 tota‘
783 1260 967 1335 Synodo
1002 1266 1302 1316 confutaretur
1334 1305 1349 1329 ,
1400 1273 1614 1339 praecipue
1653 1289 1798 1324 tamen
1834 1276 1857 1325 ὲ
1896 1278 2092 1344 quodam

260 1347 377 1395 laico
411 1343 632 1396 convietus
668 1340 730 1390 est
766 1355 841 1410 per
874 1335 983 1387 illud
1020 1339 1331 1401 Evangelicum
1369 1358 1381 1387 ι
1420 1345 1530 1390 Non
1564 1343 1627 1392 est
1660 1344 1890 1412 discipulus
1925 1347 2090 1416 supra..

259 1416 516 1479 Magistrum
548 1448 562 1464 .
622 1411 740 1460 Cum
775 1410 891 1459 enim
926 1407 1010 1459 hoc
1046 1409 1300 1471 generaliter
1336 1411 1381 1459 in
1432 1413 1637 1462 omnibus
1675 1414 1983 1467 Ecclesiasticis
2015 1437 2089 1469 or-

258 1486 302 1535 di
318 1477 434 1534 ‘iibus
470 1480 783 1533 observandum
817 1477 1054 1546 deputetur
1089 1515 1102 1539 ‚
1151 1496 1206 1528 ne
1241 1485 1380 1547 major
1415 1480 1440 1535 ὲ
1478 1484 1644 1533 minore
1677 1485 1892 1551 judicetur
1924 1525 1938 1549 ,
1986 1491 2089 1557 quis

257 1556 286 1605 h
318 1574 343 1605 c
379 1557 561 1606 Vicario
598 1553 743 1601 Sancti
777 1552 894 1599 Petri
930 1547 1139 1612 denegare
1170 1552 1351 1618 potuit,
1386 1568 1520 1623 quern
1554 1572 1704 1607 omnes
1742 1558 1970 1610 Catholici
2003 1577 2086 1629 pro

256 1629 458 1677 Domino
495 1629 538 1674 &
574 1621 783 1686 Magistro
817 1617 1111 1671 venerantur?
1891 1622 1893 1625 ’

1209 1765 1310 1799 eadem
1322 1764 1543 1809 confideratione
1549 1771 1621 1801 moti
1636 1792 1647 1809 ,
1665 1776 1781 1802 centum
1791 1772 2010 1812 quinquaginta
2021 1770 2091 1803 Del-

444 1770 472 1815 S
509 1785 538 1814 c
575 1784 605 1813 Η
641 1781 672 1811 0
707 1779 731 1810 L
767 1781 784 1809 1
820 1779 853 1810 0
889 1779 946 1809 N.

1210 1817 1395 1854 amantifflmt
1417 1815 1556 1858 Episcopi
1574 1815 1745 1858 sandiffimo
1765 1830 1852 1852 novae
1864 1822 1966 1851 Romae
1975 1817 2081 1852 throno

347 1916 449 1953 Anon
458 1910 664 1950 demonstrat
671 1909 853 1947 Bercbacen
859 1910 924 1944 sem
931 1907 1144 1943 Conventum

371 1978 440 2001 non
465 1965 558 2000 fuiffe
579 1962 765 2006 iudicialem
791 1959 1056 2004 Apostolicarum
1075 1958 1144 1990 sen-

255 2020 434 2054 tentiarum
446 2015 722 2051 retraflationem
741 2013 794 2046 sed
805 2012 976 2045 dumtaxat
987 2006 1146 2041 familiare

255 2071 298 2103 de
310 2069 383 2112 ipfis
396 2065 610 2109 colloquium.
634 2063 716 2095 Item
729 2059 927 2094 demonstrat
939 2057 1143 2097 sententiam,

256 2130 327 2165 quae
339 2115 487 2152 Romani
507 2112 679 2148 Pontificis
694 2112 860 2154 personam
876 2119 912 2142 ac
931 2106 1053 2150 judicia
1071 2117 1143 2162 cen-

257 2171 303 2204 set
324 2169 341 2201 a
356 2166 446 2201 nulla
459 2154 598 2207 Synodo
619 2161 708 2204 posse
723 2159 878 2202 judicari,
904 2156 997 2191 fuisse
1018 2166 1142 2189 runem

257 2219 351 2253 omni
389 2214 590 2249 Germanica
628 2210 771 2244 Ecclesia
811 2206 894 2243 adeo
920 2217 1042 2241 certam
1070 2230 1081 2246 ,
1106 2213 1143 2239 ut

258 2267 412 2305 meruerit
429 2262 633 2309 synodaliter
654 2261 843 2294 confirmari
859 2284 866 2292 .
897 2255 1075 2301 oppositus
1092 2267 1142 2311 'et-

259 2332 313 2355 tor
321 2319 367 2353 est
382 2314 551 2351 novellum
570 2322 796 2347 commentum
810 2308 944 2354 joannis
961 2307 1118 2341 Gersoms
1130 2329 1141 2346 ,

260 2370 363 2415 ipsam
375 2366 419 2401 ob
430 2367 559 2402 causam
574 2360 704 2407 pessime
715 2361 821 2394 meriti
838 2384 845 2391 .
871 2356 973 2392 Porro
987 2355 1140 2390 Bamber·

261 2420 366 2467 gensis
377 2415 576 2451 Cunibertus
598 2411 724 2447 censuit
751 2410 941 2444 Romanum
956 2406 1138 2441 Primatum

261 2473 325 2505 effe
348 2468 526 2502 humanam
550 2461 795 2505 usurpationem
818 2484 829 2500 ,
856 2470 923 2492 non
946 2457 1137 2491 institutum

261 2520 427 2556 Divinum
440 2542 447 2549 .
462 2514 565 2563 Qod
579 2514 683 2556 ipsum
696 2512 827 2545 censent
837 2506 1041 2542 schismatici
1052 2506 1137 2540 Grae·

263 2573 293 2606 ci
310 2596 316 2602 .
346 2569 424 2603 Alia
449 2567 538 2601 enim
560 2564 613 2597 via
627 2562 774 2596 nesciunt
787 2561 877 2594 suum
897 2556 1036 2592 schisma
1051 2557 1137 2590 fuca-

264 2634 297 2655 re
310 2647 316 2653 .
344 2619 392 2653 Ita
405 2618 501 2652 docet
511 2616 547 2651 in?
558 2612 648 2648 libris
659 2611 699 2646 de
712 2611 867 2645 Romano
879 2607 1026 2642 Primatu
1037 2605 1137 2639 Nilus

265 2664 426 2707 Cabafflas
445 2663 717 2708 Archiepiscopus
732 2658 1029 2694 Thessalonicensis
1042 2681 1049 2689 .
1078 2655 1135 2691 Au

266 2722 396 2754 Sanetus
407 2718 521 2752 Petrus
532 2714 627 2750 fuerit
647 2711 883 2755 Apostolorum
894 2708 1038 2747 Primas,
1066 2717 1132 2740 non

267 2771 336 2803 vult
348 2769 505 2803 discutere
519 2791 529 2807 ‚
558 2774 656 2807 atque
677 2760 897 2806 prosequitur:
924 2762 969 2793 sit
980 2759 1134 2799 Petrtjrts

268 2829 384 2852 tantum
395 2844 405 2858 ‚
431 2826 577 2861 quantum
585 2818 652 2857 quis
665 2814 788 2846 voluerit
798 2834 808 2850 ‚
818 2810 895 2843 illud
906 2817 1007 2843 tamen
1018 2819 1074 2841 non
1087 2808 1135 2840 dt.

269 2881 317 2909 co,
346 2870 424 2910 quod
438 2871 524 2909 Papa
547 2866 581 2898 td
583 2867 665 2905 juris
678 2864 698 2895 ἃ
710 2865 799 2896 Petro
821 2866 962 2902 acceperit
976 2884 987 2900 ,
1014 2866 1047 2891 ut
1066 2858 1135 2904 alio-

1210 1866 1338 1905 aqualia
1344 1864 1506 1908 privilegia
1517 1865 1681 1900 tribuerunt
1689 1892 1698 1900 .
1719 1866 1831 1913 Pergit
1842 1868 1942 1902 Nilus
1953 1882 1959 1901 :
1987 1870 2081 1914 ,Quid

1208 1924 1246 1945 ex
1269 1913 1317 1945 his
1336 1912 1498 1956 discimus?
1526 1916 1684 1957 Quidnam
1703 1918 1790 1951 allud
1808 1943 1819 1959 ,
1844 1920 1936 1960 quam
1958 1929 2016 1951 non
2036 1918 2079 1952 ab

1208 1961 1348 2003 Apostolls
1362 1986 1373 2003 ,
1396 1961 1453 2005 sed
1470 1964 1491 1994 ἂ
1502 1963 1646 1997 Patribus
1662 1966 1768 1999 datum
1788 1967 1838 2009 effi·
1850 1971 1946 2009 Papae
1957 1969 2079 2001 Prima-

1205 2019 1270 2044 tum
1283 2013 1409 2045 aliarum
1419 2009 1634 2052 Ecclefiarum?
1659 2018 1706 2047 Et
1715 2017 1834 2057 quidem
1843 2018 1971 2057 idcirco,
1995 2018 2079 2060 quod

1200 2059 1314 2102 scilicet
1332 2060 1402 2093 urbs
1424 2064 1519 2094 Roma
1543 2063 1664 2104 reltquts
1687 2064 1808 2098 urbibus
1827 2070 1988 2107 imperares
2007 2091 2015 2099 .
2040 2069 2076 2101 st

1205 2112 1279 2143 vero
1291 2135 1302 2151 ‚
1332 2116 1406 2152 quta
1417 2119 1506 2154 caput
1518 2115 1641 2153 Imperii
1651 2112 1720 2146 urbs
1729 2115 1782 2148 illa
1790 2122 1855 2148 erat
1864 2139 1876 2156 ,
1901 2118 2075 2149 Primatum

1203 2159 1313 2193 obtinet
1336 2162 1443 2202 Papa,
1468 2163 1544 2195 certe
1562 2173 1620 2196 non
1632 2174 1663 2196 eo
1683 2169 1797 2198 nomine
1817 2162 1912 2207 ipsum
1928 2165 1968 2206 est
1980 2164 2076 2208 conse-

1202 2219 1305 2251 cutus,
1334 2211 1412 2253 quod
1428 2208 1463 2252 fit
1483 2208 1614 2256 successor
1626 2216 1724 2247 Petri.
1750 2217 1782 2248 st
1802 2224 1903 2250 autem
1921 2214 1951 2249 ὅ
1971 2218 2075 2249 Patr!-

1201 2259 1255 2293 bus
1280 2259 1332 2294 hoc
1343 2260 1453 2301 babet,
1477 2272 1535 2294 non
1545 2272 1611 2308 ergo
1631 2263 1671 2295 ab
1685 2264 1840 2308 Apostolts.
1866 2266 1947 2299 Hoc
1966 2265 2071 2308 ipsum

1202 2309 1315 2353 probat
1342 2322 1383 2344 ex
1409 2311 1578 2345 centesima
1604 2312 1735 2348 novella
1762 2313 1833 2359 lege
1863 2315 2072 2358 Imperatoris

1201 2360 1375 2404 Iustiniani
1396 2374 1406 2394 .·
1434 2363 1588 2395 Sancimus
1610 2386 1621 2402 ,
1639 2365 1737 2406 j'uxtff
1752 2362 1927 2406 fundarum
1951 2365 2071 2403 synodo-

1200 2422 1267 2443 rum
1291 2415 1418 2444 Decreta
1441 2436 1452 2453 ,
1473 2409 1679 2455 sanfflffimum
1698 2418 1807 2447 veteris
1829 2416 1931 2449 Romae
1951 2412 2073 2457 Epfio·

1194 2468 1267 2501 pum
1288 2460 1478 2502 effeprimum
1497 2468 1624 2495 omnium
1635 2464 1837 2497 sacerdotum.
1869 2464 1981 2508 Urget
2003 2475 2073 2498 ver-

1198 2509 1236 2544 ba
1250 2535 1260 2551 ,
1277 2513 1388 2555 Juxta
1395 2509 1573 2552 sanc‘larum
1593 2514 1768 2551 synodorum
1779 2516 1906 2547 Decreta
1916 2538 1927 2554 ‚
1955 2514 1988 2548 &
2000 2525 2071 2557 pro·

1198 2560 1341 2603 sequitur
1364 2573 1371 2593 :
1397 2563 1417 2593 5
1420 2566 1430 2592 t
1446 2562 1598 2596 Decretum
1625 2561 1662 2600 est
1680 2561 1854 2605 samJarum
1872 2565 2069 2604 synodorum,

1198 2621 1254 2652 quo
1266 2610 1355 2652 pallo
1369 2613 1457 2652 Papa
1470 2612 1640 2645 Primatum
1650 2614 1836 2646 Sacerdotum
1854 2615 1875 2646 ἃ
1887 2617 1973 2647 Petro
1990 2624 2068 2648 acce-

1199 2662 1274 2703 pit?
1301 2660 1515 2695 pertinaciter
1534 2662 1639 2696 afferit
1660 2662 1782 2706 Papam
1800 2663 1897 2698 Petro
1918 2675 1987 2698 non
1998 2664 2066 2697 suc-

1197 2709 1309 2745 cedere
1330 2735 1342 2751 ,
1367 2711 1426 2744 nifi
1452 2710 1486 2744 in
1514 2711 1674 2747 Romanae
1699 2712 1786 2749 urbis
1812 2714 2042 2757 Epistopatum
2057 2734 2081 2754 .-

1201 2761 1302 2807 Qod
1330 2761 1434 2804 ipsum
1458 2772 1498 2794 ex
1510 2760 1622 2796 iisdem
1643 2763 1813 2807 principiis
1830 2763 1927 2797 eradit
1941 2763 1975 2796 in
1986 2773 2065 2805 opu-

1197 2811 1285 2847 sculo
1298 2810 1339 2844 de
1348 2810 1443 2854 Papae
1454 2810 1645 2855 principatu
1670 2813 1854 2849 Barlaamus
1868 2811 2057 2847 Monachus

1197 2859 1302 2895 adhuc
1312 2871 1418 2895 errans
1438 2861 1472 2894 in
1485 2860 1547 2895 isto
1558 2861 1729 2897 schismate
1740 2888 1748 2896 .
1776 2862 1927 2897 Affirmar
1950 2871 2066 2896 omnes

268 2930 335 2953 rum
348 2915 552 2960 Episcoporum
564 2918 682 2947 Primus
696 2913 777 2956 effet.
805 2916 882 2944 Cum
892 2917 971 2943 enim
993 2910 1132 2943 duocirca
1199 2912 1378 2955 Apostolos
1401 2911 1434 2945 in
1458 2911 1629 2945 universali
1651 2912 1833 2947 Dostoratu
1853 2911 2066 2946 &Pastoratu

272 2973 389 3011 Papam
406 2965 614 3007 confideranda
631 2962 692 3004 sint
706 2987 716 3002 ‚
741 2963 821 3004 quod
840 2962 874 2994 (τ
895 2964 997 2993 Romae
1017 2956 1134 3000 Episco-
1195 2962 1286 2996 fuisse
1307 2971 1416 3004 pareri,
1442 2961 1541 2995 Petro
1560 2961 1687 2995 nullum
1703 2962 1895 2996 Praefesturae
1907 2986 1918 3002 ‚
1943 2961 1996 2995 sed
2018 2962 2067 2994 so-

269 3028 327 3062 pus
343 3017 404 3060 fit,
430 3014 619 3058 &praetereb
630 3011 874 3054 quodfitprimus
885 3010 1008 3042 aliorum
1019 3007 1135 3050 Episco-
1195 3012 1262 3045 lum
1287 3012 1386 3056 priori
1397 3011 1473 3045 loco
1484 3010 1822 3055 sedendi&10quendi
1835 3011 1926 3046 fuisse
1946 3011 2069 3044 Prima-

267 3078 373 3112 porum
386 3092 396 3108 ,
418 3071 504 3109 prius
525 3063 601 3097 illud
624 3064 645 3094 ἃ
667 3064 755 3094 Petro
776 3066 906 3102 acceptu,
932 3060 1011 3101 quod
1024 3057 1134 3101 scilicet
1195 3073 1266 3096 tum
1290 3087 1300 3103 ,
1325 3062 1492 3105 proximos
1518 3061 1660 3104 ipsorum
1681 3062 1869 3096 successores
1887 3062 2069 3105 Episcopos

264 3119 303 3161 fit
315 3122 414 3151 Romae
435 3113 599 3158 Episcbpw
611 3137 621 3152 ‚
647 3112 772 3144 alterum
786 3113 856 3144 verb
875 3108 1014 3152 cisanffls
1037 3111 1134 3141 Patri·
1196 3113 1288 3146 fuisse
1309 3113 1443 3146 cunstos
1463 3121 1550 3154 pares
1562 3121 1616 3154 per
1629 3113 1766 3152 omnia,
1791 3123 1906 3146 omnes
1915 3113 2069 3157 alligatos

270 3168 323 3201 bus
346 3172 379 3202 ef
402 3172 463 3209 pits
491 3163 619 3207 Regibus
644 3186 654 3201 ,
680 3163 766 3194 multo
788 3161 849 3202 post
871 3169 999 3202 tempore
1021 3184 1031 3200 ‚
1057 3159 1137 3201 quod
1197 3162 1235 3195 ad
1258 3164 1316 3195 suae
1337 3160 1503 3195 Parochiae
1523 3162 1679 3194 terminos
1699 3186 1710 3202 ‚
1736 3162 1836 3196 etiam
1862 3162 2070 3196 Clementem

273 3229 387 3260 aequum
396 3218 461 3260 effet
479 3222 510 3249 in
523 3210 724 3254 Ecclefiasticir
740 3222 852 3254 quoque
868 3211 974 3250 rebus,
1002 3209 1154 3258 &multoi
1199 3212 1284 3246 Petri
1308 3212 1516 3245 successorem
1541 3235 1551 3251 ‚
1579 3222 1675 3254 atque
1705 3212 1905 3255 prosequitur
1928 3224 1935 3244 :
1963 3213 2070 3246 Verum

273 3273 367 3309 magis
387 3269 476 3309 quitm
495 3271 527 3299 in
543 3265 691 3306 politicis,
717 3262 847 3294 ordinem
866 3260 958 3300 statui
982 3284 989 3292 .
1017 3259 1059 3293 Et
1080 3260 1134 3292 sua
1197 3262 1294 3303 posteri
1308 3287 1317 3302 ,
1343 3262 1406 3294 cum
1429 3265 1484 3294 Det
1501 3263 1695 3301 providentia
1707 3264 1762 3302 jus
1783 3263 1956 3304 Imperitad
1965 3261 2070 3302 nostros

269 3318 360 3351 sensa
382 3317 497 3357 probat
519 3327 560 3349 ex
575 3312 728 3357 vigefimo
750 3313 865 3345 ostavo
879 3307 1135 3343 Chalcedonenfi
1198 3312 1373 3355 pervenisset
1395 3336 1404 3350 ‚
1428 3312 1613 3353 ptiffimorum
1635 3314 1746 3356 Regum
1771 3313 1805 3345 ὁ·
1820 3310 1990 3354 sane‘lorum
2011 3314 2072 3344 Pa-

274 3365 434 3399 canone.-
461 3369 601 3406 Anttquae
622 3365 723 3394 Romae
745 3359 846 3394 throno
861 3385 870 3401 ‚
896 3362 975 3402 quod
995 3360 1064 3393 urbs
1085 3358 1136 3391 illa
1203 3371 1282 3394 trum
1305 3365 1436 3394 Decretis
1449 3384 1459 3400 ,
1483 3370 1516 3392 ut
1543 3361 1682 3393 Romana
1702 3362 1790 3395 5edes
1803 3362 1870 3405 effet
1887 3367 1988 3403 prima
2005 3361 2071 3393 ideo

205 3410 212 3414 ³
271 3420 451 3461 imperaret,
469 3415 539 3456 jure
561 3416 666 3446 Patres
688 3412 848 3455 privilegia
868 3411 1034 3444 tribuerunt
1058 3434 1065 3440 .
1095 3411 1138 3440 Et
1200 3410 1344 3453 sancitum
1365 3410 1423 3452 est,
1451 3412 1532 3453 quad
1550 3411 1622 3444 urbs
1644 3412 1696 3444 11!ae
1716 3422 1813 3445 rerum
1820 3416 1986 3453 potiretur,
2012 3412 2075 3442 Ec-

1877 3458 2023 3502 clcfiasque
