2372 3756
99 523 160 556 Lib.

90 1352 252 1395 LrE-

192 533 220 553 2-

90 1383 155 1442 pist.
174 1385 232 1433 ⁴66.

86 1859 154 1889 ii&-
171 1869 199 1894 7.

84 1913 108 1932 ε.
139 1910 193 1933 cz·-

83 1982 162 2010 Can-

177 1988 210 2015 3>

84 2026 165 2050 Latr-
177 2029 209 2054 4.

82 2099 118 2127 (Ζ.
145 2102 191 2127 ιΒ,

85 2481 149 2511 Cart

83 3094 144 3125 Lib.

182 2491 226 2510 1:0-

165 3102 191 3133 3.
213 3105 238 3128 c.

669 169 941 215 QUINTUM
977 152 1286 197 Romanum
1322 153 1706 199 CoNcrtruM.

722 241 855 283 Biganes
880 236 1082 279 aquiminaria
1095 260 1105 275 ,
1132 236 1167 268 (ἕ
1233 237 1304 269 dare
1309 233 1427 278 solent,
1447 243 1507 276 pro
1516 235 1666 267 malluviis
1677 236 1836 272 utebatur„
1860 237 2021 280 Auferebat
2028 246 2100 280 par.

278 246 469 282 Menander
492 242 656 277 Proteaor
684 253 690 271 :

278 300 403 340 pocula,
434 289 720 334 &aliapreriofiora
734 290 876 327 mobilia,
901 297 968 328 quae
992 289 1050 318 Dei
1075 286 1166 318 cultui

1941 171 2032 213 123

1231 287 1336 319 ticulas
1350 287 1387 318 de
1398 285 1579 320 venerandis
1590 284 1721 317 crucibus
1729 309 1738 324 ‚
1769 292 1840 320 item
1851 297 1984 322 ornatum
2005 294 2109 320 maxi-v

281 346 485 391 inſsrviebant
498 363 516 383 ,·
534 343 578 374 ad
587 344 769 373 Mauritium
780 337 876 379 misit,
902 347 992 368 orans
1005 343 1039 366 ut
1054 346 1089 367 ea
1107 343 1166 376 pro
1227 341 1269 368 mi
1289 341 1383 377 pretii
1410 337 1448 368 de
1467 335 1681 367 immortalibus
1702 333 1812 374 Christi
1833 339 1974 379 oraculis,
2003 338 2099 380 eisque

280 400 384 440 oppidi
402 396 601 434 redemptione
622 390 754 434 sumeret
779 414 791 429 ‚
817 389 851 421 (⁴5
874 386 913 418 ab
936 384 1077 424 obsidione
1099 384 1164 424 aefi-
1221 394 1282 428 pro
1293 385 1450 418 monilibus
1477 383 1670 427 &torquibus
1690 383 1843 416 utebatur.
1872 386 1951 428 Ipsos
1972 391 2044 422 vera
2055 400 2098 422 ω.

274 450 366 489 steret
375 472 382 479 .
412 446 472 479 sed
482 448 555 476 Dux
566 468 576 481 ,
597 442 646 474 ubi
672 441 735 473 haec
757 439 838 471 vidit.
848 460 860 476 ,
886 433 1002 475 etiamst
1020 435 1098 467 talia
1123 433 1163 476 es-

275 499 346 543 sent
356 507 389 530 ut
398 507 463 529 eum
470 503 640 535 permovere
650 489 807 532 potuiffent
821 510 832 526 ,
862 494 962 518 tamen
975 483 1140 525 contempsit
1154 509 1162 515 .

281 551 353 582 liius
362 553 442 581 enim
452 547 532 578 dixit
538 541 572 584 se
584 541 689 582 venisse
701 562 713 578 ,
738 549 797 570 non
820 546 853 568 ut
878 537 970 567 Sacra
991 533 1140 575 expilaret
1150 558 1160 573 ‚

280 607 335 631 aut
347 596 464 637 Christo
473 594 579 627 bellum
582 590 699 632 faceret
710 612 720 628 ,
744 585 909 630 sedpotiur
922 594 956 618 ut
967 584 1082 626 Christo
1104 590 1162 624 opi-

280 651 399 682 tutante
413 647 590 686 &juvante
599 639 705 672 bellum
713 646 830 681 gereret
843 660 854 676 ,
880 637 914 669 6
935 634 1017 667 πεέἶα
1040 635 1077 667 de
1102 633 1163 675 fide
1184 674 1201 679 V(

275 698 440 742 sentientes
450 703 552 728 contra
563 687 692 731 Persas,
720 689 801 730 quia
826 697 901 719 vera
927 686 982 718 Dei
1002 688 1162 727 cognitione

280 747 479 783 aberrabant,
503 747 536 774 in
542 746 640 782 primo
658 738 845 771 auctoritatis
866 735 967 779 gradu
989 734 1158 766 collocaret.

1227 437 1306 472 dices
1328 436 1398 468 aliis
1420 439 1621 477 Imperator-iis
1635 432 1738 475 stolis,
1764 445 1832 476 quae
1857 435 1935 468 nibil
1955 436 2099 471 baberent

1226 487 1437 518 admirationis
1452 510 1461 525 ‚
1488 485 1684 518 involvebat.
1713 487 1760 516 Et-
1762 490 1903 527 graviter
1907 483 2094 529 succensebat

1225 542 1268 568 eis.
1282 560 1292 575 ,
1319 539 1338 567 a
1352 535 1459 577 quibus
1474 534 1646 567 monebatur
1657 546 1692 567 ea
1696 533 1787 575 fac‘la
1798 545 1855 566 non
1877 535 2016 575 expedire
2038 540 2093 569 Rc-

1223 584 1323 633 ligioso
1334 589 1512 627 Imperatori
1525 609 1536 624 ,
1563 591 1612 626 qui
1617 590 1763 626 pietatem
1787 586 1807 616 ἃ
1829 584 1996 625 Majortbus
2017 596 2094 618 acce-

1244 636 1304 679 isset
1319 659 1330 675 ‚
1353 646 1404 669 neo
1414 636 1502 668 aliud
1520 635 1573 676 effe
1595 636 1684 676 quam
1701 634 1912 677 sacrilegium,
1937 633 2037 677 eosque
2057 645 2091 667 ut

1222 686 1377 728 manifeste
1387 686 1495 718 deliros
1510 686 1544 717 (θ’
1553 683 1712 724 honestatis
1723 689 1842 727 ignaros
1854 685 1995 728 arguebat
2005 708 2013 716 .
2042 688 2092 717 Li-

1222 747 1286 769 cere
1298 742 1376 769 enim
1387 739 1561 776 Imperatori
1573 740 1671 766 omnia
1683 756 1692 771 ‚
1719 734 1752 765 (9⁶
1772 740 1850 767 inter
1863 737 1959 767 Deum
1979 745 2013 767 ac
2036 738 2093 771 Re-

276 798 386 832 Norat
397 795 472 828 vasa
484 790 548 824 haec
561 790 595 823 &
605 796 796 822 ornamenta
809 797 851 819 ex
868 786 962 818 nullo
977 784 1077 818 titulo
1090 783 1161 826 pos·
1216 798 1284 828 gem
1294 810 1304 825 ‚
1329 786 1408 828 quod
1416 786 1459 818 ad
1473 793 1660 818 terrenarum
1670 795 1768 816 rerum
1784 784 2028 825 gubernationem
2047 794 2093 818 at·

279 849 311 880 se
322 842 484 881 transferri
498 842 538 874 ad
550 839 670 874 Laicos
683 861 693 877 ,
720 846 776 870 aut
788 835 829 869 ab
840 835 911 877 ipsis
921 833 1061 867 detineri
1076 858 1081 864 .
1112 832 1156 866 Et

274 897 363 931 inter
376 892 532 929 articulos
543 916 554 931 ,
579 889 623 923 ob
633 898 716 932 quos
727 886 821 920 Ibam
836 885 1038 927 Episcopum
1053 882 1158 939 postn-

275 947 357 981 lavit
371 945 410 979 ad
423 941 693 988 degradationem
717 936 838 971 Clerus
864 933 1043 970 Edeffenus
1055 957 1065 973 ,
1092 934 1155 971 fuit

274 996 365 1041 quod
377 997 463 1028 sacra
477 989 622 1025 Ecclesia».
633 986 811 1022 ministeria
824 984 1022 1021 distraxiffet
1034 1007 1046 1023 ,
1071 983 1104 1017 δε
1121 983 1156 1016 fi-

274 1045 309 1080 bi
321 1044 502 1080 reservasset
515 1039 655 1085 pretium
669 1063 677 1071 .
705 1037 808 1084 Qud
830 1036 936 1078 ipsum
951 1034 992 1072 ad
1017 1033 1155 1067 Patriar-

270 1097 372 1130 cham
383 1096 538 1130 Severum
551 1088 795 1133 degradandum
809 1085 991 1129 allegarunt
1001 1083 1087 1127 apud
1103 1083 1156 1125 10-

269 1157 395 1181 aunem
409 1142 589 1178 secund-um
601 1136 824 1172 Patriarcham
846 1132 1151 1176 Constantinopoli-

270 1207 389 1231 tanum
402 1205 438 1229 ac
450 1193 517 1236 eius
527 1190 700 1235 synodum
712 1184 877 1221 Clerici&
897 1182 1059 1221 Monachi
1085 1187 1153 1216 An·

271 1244 423 1280 tiocheni
439 1267 449 1275 .
476 1242 592 1277 Exstat
604 1239 734 1273 libellus
746 1239 780 1270 in
793 1234 930 1277 Synodo
944 1233 1002 1268 sub
1025 1233 1151 1269 Menna

269 1293 459 1330 patriarcha
469 1318 477 1327 .
489 1292 533 1325 Et
550 1290 747 1324 Venafranae
761 1285 904 1320 Ecclefiae
916 1283 1064 1319 Clericos
1074 1307 1084 1323 ,
1096 1285 1150 1325 qui

267 1348 360 1380 lsa'cra
377 1345 449 1388 ejus
459 1343 531 1376 vasa
542 1352 580 1374 ac
591 1347 783 1373 ornamenta
797 1359 806 1374 ‚
834 1333 945 1367 nescio
962 1334 1017 1367 cui
1042 1332 1152 1374 Iudaeo

270 1395 489 1429 vendiderant
503 1416 515 1431 ,
539 1389 657 1425 excuffi
669 1387 785 1422 Divini
800 1383 926 1419 timoris
937 1383 1071 1416 damnat
1083 1382 1152 1414 Ma-

271 1456 362 1492 gnus
374 1443 552 1487 Gregorius
567 1464 577 1479 ,
603 1440 636 1472 dc
661 1448 716 1481 per
737 1434 958 1469 Anthemium
978 1431 1152 1467 Subdiaco-

271 1506 378 1534 num,
404 1489 592 1535 Apostolici
605 1488 637 1521 in
662 1484 843 1530 Campania
868 1481 1066 1519 Patrimonii
1089 1483 1151 1518 Re-

271 1546 392 1578 &orem
405 1566 416 1582 ,
441 1540 574 1584 relegari
589 1536 723 1572 mandat
739 1536 780 1570 ad
794 1545 979 1579 perpetuam
990 1534 1150 1577 poeniten-

269 1596 374 1635 tiam,
400 1591 542 1636 cogique
566 1588 710 1633 Judaeum
734 1586 775 1620 ad
796 1585 948 1620 omnium
975 1584 1152 1619 restitutio-

268 1655 346 1679 nem
367 1668 374 1675 .
416 1639 589 1686 Ejusmodi·
607 1637 834 1673 venditionem
855 1636 991 1669 affirmat
1013 1645 1080 1669 non
1104 1636 1150 1668 so-

268 1694 341 1728 lum
353 1691 564 1731 canonibus,
593 1689 645 1723 sed
659 1689 693 1722 ἀ
710 1685 908 1732 legibuseffe
929 1685 1120 1731 damnatam
1139 1709 1150 1725 ‚

272 1745 415 1788 ideoque
428 1743 551 1776 irritam
562 1740 668 1774 modis
679 1737 835 1772 omnibus
849 1761 860 1776 ‚
886 1747 946 1769 nec
971 1735 1149 1770 Ecclefiam

272 1794 415 1839 obligari
425 1792 465 1826 ad
479 1789 800 1835 pretiirefufionem.
825 1785 930 1834 Qod
957 1784 1023 1820 fere
1044 1785 1151 1828 ipsum

270 1843 423 1878 adversus
437 1843 546 1876 nescio
562 1851 645 1884 quos
654 1839 736 1873 alios
748 1837 854 1871 Italiae>
872 1836 1018 1870 Clericos
1040 1835 1148 1869 sanxit

267 1893 305 1926 in
331 1893 449 1927 litteris
469 1891 509 1926 ad
547 1891 705 1933 Ioannem
741 1889 903 1931 Syracusae
929 1887 1145 1930 Episcopum..

268 1943 396 1978 Nescio
417 1954 499 1987 quos
521 1940 706 1976 Sacerdotes
719 1963 729 1979 ,
756 1949 797 1972 ex
818 1938 915 1972 sacris
935 1937 1015 1971 vasis
1036 1936 1149 1972 biben-

268 1995 359 2028 tes&
372 1993 525 2033 edentes,
551 1989 713 2026 horrende
726 1988 885 2023 damnant
909 1988 1005 2022 tertia
1031 1987 1148 2023 Braca-

268 2043 367 2078 renfis
389 2043 541 2086 Synodus
561 2066 572 2082 ,
597 2043 630 2075 &
653 2040 777 2073 decima
801 2039 937 2082 septima
957 2038 1144 2073 Toletana.

268 2087 345 2127 Effe
367 2092 562 2126 Baithasaris
586 2090 688 2133 Regis
712 2090 838 2122 facinus
860 2088 1009 2121 adfirmat
1032 2089 1067 2121 in
1090 2090 1147 2121 suo

267 2142 449 2187 Capitulari
463 2141 593 2175 Sandius
604 2137 850 2181 Theodulphus
878 2137 1056 2181 Episcopus
1079 2138 1147 2170 Au-

263 2190 467 2226 relianensis.
494 2190 590 2223 Plura
604 2187 790 2231 hujusmodi
820 2188 959 2220 Decreta
980 2189 1015 2221 ὅ(
1039 2198 1145 2221 exem·

262 2242 319 2284 pla
329 2241 449 2276 adduxi
463 2239 496 2273 in
510 2239 643 2273 scholiis
657 2237 696 2271 ad
709 2235 879 2280 synodum
897 2236 1145 2271 Chalcedonen-

262 2293 349 2326 sem.
377 2291 421 2324 Et
431 2287 510 2323 hinc
521 2287 680 2332 quosdam
694 2312 705 2328 ‚
729 2289 856 2320 crimen
876 2286 964 2320 istud
989 2299 1058 2320 non
1081 2288 1144 2321 esse

263 2340 499 2385 degradatione
510 2339 650 2384 dignum
674 2338 863 2376 asserentes,
889 2336 1008 2370 merito
1033 2336 1141 2379 culpat

260 2391 299 2425 in
310 2388 684 2432 Constantinopolitanae
694 2413 704 2428 ,
731 2387 815 2430 apud
833 2386 1068 2430 Apostolorum
1081 2387 1143 2421 Ba-

260 2441 385 2474 filicam
398 2438 561 2474 celebratae
571 2462 582 2479 ,
608 2437 734 2481 synodi
747 2436 1004 2471 Commentariis
1014 2436 1140 2483 ⁴Theo·

258 2490 360 2525 dorus
372 2490 562 2524 Balsamon.
590 2487 786 2522 Fundabant
800 2488 830 2520 se
846 2486 894 2520 illi
909 2489 941 2520 in
954 2487 1138 2531 septuagefi-

261 2553 322 2575 mo
349 2541 449 2575 tertio
468 2538 704 2581 Apostolorum
727 2537 851 2581 vulgari
872 2537 1014 2571 Canone
1035 2551 1047 2570 .·
1074 2542 1137 2570 Vas

261 2602 384 2623 aureum
405 2590 459 2623 vel
475 2597 648 2632 argenteum
662 2611 672 2626 ‚
701 2588 752 2619 vel
773 2588 873 2619 velum
891 2585 1113 2629 sandlificaeum
1126 2612 1135 2628 ‚

260 2651 344 2674 mmo
359 2640 488 2682 ampl&
500 2635 628 2681 insuam
641 2636 723 2679 usum
744 2645 917 2669 convertat.
944 2638 975 2668 51
998 2642 1067 2678 quis
1087 2638 1136 2670 de-

256 2676 533 2733 prebensfferir
559 2712 569 2728 ,
594 2686 767 2720 muletetur.
795 2685 1020 2719 Advertebant
1044 2687 1132 2729 quod

260 2742 379 2774 Canon
392 2739 563 2773 dumtaxat
576 2737 720 2771 mulctari
731 2734 841 2779 jubeat
854 2758 864 2774 ‚
890 2747 959 2769 non
981 2734 1134 2781 degrada-

258 2792 304 2823 ri.
331 2789 458 2829 Verum
482 2788 573 2832 parvi
593 2786 743 2831 ponderis
764 2784 809 2818 est
829 2785 889 2819 iste
909 2785 1028 2820 Canon
1053 2809 1064 2825 ‚
1097 2787 1132 2821 δε

244 2840 353 2874 ‘istam
380 2838 623 2873 mulciationem
656 2837 696 2870 de
730 2835 962 2880 degradatione
989 2835 1131 2871 Ecclesia

258 2891 379 2933 semper
400 2889 583 2923 intellexit.
613 2885 769 2921 Obistudv
790 2886 914 2919 crimen
938 2885 1037 2918 etiam
1059 2887 1131 2921 Fre-

257 2939 403 2973 dericum
416 2938 595 2973 secundum
608 2938 840 2981 Imperatorem
861 2935 1051 2979 degradavit
1071 2938 1130 2980 Sy-

256 2988 365 3022 nodus
376 2987 599 3032 Lugdunensis
611 3013 617 3019 .

305 3037 485 3072 Peffimum
496 3036 557 3071 hac
578 3038 615 3071 in
635 3047 669 3072 re
689 3037 784 3070 fuiffe
803 3037 1031 3079 Imperatorem
1053 3035 1128 3071 Isaa-

254 3090 345 3124 cium
357 3086 525 3132 Angelum
536 3086 645 3121 scribit
657 3087 792 3121 Nicetas
805 3084 1128 3129 Choniates:1saaeius

253 3152 290 3174 ea
294 3138 361 3181 fuit
375 3137 525 3177 audacia,
548 3146 581 3170 ut
589 3135 679 3179 sacra
706 3134 782 3179 vasa
787 3135 967 3178 profanaret
979 3159 989 3174 ,
1015 3136 1127 3169 &tem-

251 3191 317 3233 plis
326 3185 433 3230 avulsa
444 3184 544 3227 mensis
561 3184 624 3228 suis
645 3186 814 3220 adhiberet.
841 3190 878 3218 ln
897 3184 1126 3227 commeffa-tioni·

250 3241 309 3273 bus
320 3248 432 3281 quoque
444 3247 484 3269 ex
494 3241 617 3280 gemmis
624 3235 757 3278 pretiofis
770 3238 804 3269 Θ
821 3234 915 3278 solido
935 3246 1008 3268 auro
1024 3258 1035 3273 ,
1057 3238 1125 3269 cali-

250 3301 314 3324 cum
327 3286 418 3328 instar
431 3311 442 3326 ‚
460 3285 551 3327 falla
561 3286 687 3318 donaria
700 3310 710 3326 ,
734 3297 801 3328 quae
807 3284 902 3328 fiaeprti
913 3288 1125 3326 Imperatorum

249 3346 442 3373 monumenta
449 3335 644 3378 pendebant,
668 3335 813 3368 manibus
837 3332 997 3376 versabat,
1023 3337 1058 3368 Θ
1073 3344 1123 3378 pe.

249 3389 350 3422 lvibus
378 3384 585 3430 insuperabilis
606 3386 762 3428 elegantiae
785 3407 795 3423 ‚
831 3384 933 3427 quibus
951 3382 983 3426 se
1004 3388 1123 3420 Levitae

249 3439 284 3471 ὁ·
305 3437 494 3476 Sacerdotes,
519 3436 592 3470 dum
607 3433 696 3477 sacra
719 3432 850 3473 Mysteria
859 3434 1011 3476 trallunt,
1040 3447 1121 3469 mun-

347 3485 453 3526 clm‘st.
466 3489 544 3529 Lupi
557 3490 655 3529 opera
668 3487 699 3516 T.
711 3489 765 3518 VI.

1220 842 1330 868 sineret
1343 860 1353 875 ,
1379 847 1436 869 non
1446 847 1510 869 eam
1520 836 1571 877 else
1591 840 1823 878 repugnantiam
1835 856 1845 872 ‚
1868 845 1935 876 quae
1951 833 1991 875 fit
2010 841 2091 869 inter

1220 890 1404 928 negationem
1423 888 1457 919 (θ’
1476 886 1699 926 affirmationem
1719 908 1730 924 ‚
1758 884 1971 923 contendebat,
1999 895 2034 917 ac
2058 892 2091 917 ut

1214 935 1359 976 probaret
1367 934 1400 977 se
1412 947 1443 967 eo
1454 941 1567 967 nomine
1576 946 1633 968 non
1644 935 1694 977 effe
1713 933 1983 975 reprehendendum
1993 959 2003 975 ‚
2025 939 2091 976 pri-

1218 990 1260 1016 mi
1271 986 1305 1017 <⁶5
1312 984 1422 1026 summi
1433 985 1513 1017 illius
1527 990 1603 1018 inter
1614 984 1796 1025 ChristIanos
1807 989 2003 1026 Imperatores
2012 988 2091 1017 Con-

1210 1033 1335 1073 stantini
1349 1035 1515 1076 exemplum
1525 1035 1687 1067 adducebat
1698 1059 1709 1074 ,
1736 1040 1788 1077 qui
1797 1035 1923 1068 alterum
1944 1036 2063 1068 clavum
2077 1060 2089 1075 ‚

1215 1083 1320 1126 quihus
1341 1082 1488 1128 gloriosus
1510 1087 1654 1116 Dominus
1674 1084 1832 1117 execrabili
1854 1091 1930 1117 cruci
1949 1084 2017 1126 fuit
2037 1084 2089 1125 af·

1211 1134 1295 1175 fixus
1309 1160 1319 1175 ,
1337 1133 1701 1176 froenoequiinfhruerit,
1726 1136 1850 1170 alterum
1871 1136 1966 1177 galeae
1983 1134 2087 1176 infixe·
2110 1175 2114 1179 y

1215 1190 1274 1217 rit.
1303 1185 1534 1227 Blasphemum
1547 1195 1685 1218 errorem
1699 1185 1852 1218 acerrime
1872 1185 2005 1218 damnat
2025 1184 2087 1218 Ni-

1215 1245 1298 1268 cetas
1317 1260 1326 1274 ‚
1363 1236 1397 1267 ὃ(
1424 1233 1574 1277 adjungit
1599 1232 1640 1267 de
1661 1233 1727 1267 isso.
1745 1233 1957 1269 Constantini
1978 1236 2084 1268 facto:

1218 1283 1344 1326 isaacius
1356 1283 1474 1327 caufizm
1484 1286 1521 1318 de
1532 1284 1678 1324 industria
1690 1284 1884 1324 dtffimulabat
1895 1309 1904 1324 ,
1931 1296 1982 1318 cur
1999 1283 2091 1318 Chri-⁴

1214 1334 1318 1371 stianae
1331 1335 1478 1378 religionis
1492 1337 1637 1375 Princeps
1651 1333 1795 1377 eiusmodi
1804 1334 1890 1367 rebus
1907 1332 1940 1376 se
1961 1346 2087 1368 ornave-

1214 1391 1254 1416 rit
1263 1407 1274 1423 ‚
1299 1393 1333 1417 ut
1345 1385 1484 1417 videlicet
1495 1383 1665 1417 Gentilibus
1674 1384 1834 1425 ostenderet
1840 1385 2087 1427 predicationem

1213 1440 1307 1468 crucis
1317 1434 1367 1477 effe
1380 1437 1696 1476 Divinampotentiam
1710 1458 1721 1475 ,
1750 1446 1842 1478 quam
1856 1432 1913 1477 ipfi
1918 1443 1951 1468 ut
1970 1436 2087 1469 demen-

1214 1490 1288 1518 tIam
1302 1483 1561 1528 adspernabantur
1575 1511 1582 1519 .
1607 1486 1676 1520 Hic
1686 1487 1731 1520 est
1745 1485 1800 1519 ille
1810 1485 1949 1520 Isaacius
1974 1485 2087 1533 Ange-

1215 1536 1287 1578 lus,
1312 1536 1368 1579 qui
1390 1549 1445 1580 per
1465 1539 1595 1572 fratrem
1616 1538 1707 1571 suum
1734 1535 1891 1571 Alexium
1916 1535 2086 1581 Angelum

1213 1587 1352 1630 Imperio
1365 1588 1529 1631 privatus,
1555 1587 1683 1622 nostros
1692 1586 1849 1621 Flantlros
1873 1588 1999 1632 magnis
2017 1599 2089 1631 pro-

1213 1637 1417 1672 miffionibus
1427 1638 1556 1673 vocavit
1569 1639 1604 1671 in
1629 1638 1811 1677 auxilium,
1838 1639 1871 1671 δε
1892 1638 1933 1671 de
1955 1638 2093 1674 istarum

1213 1688 1434 1730 persolutione
1454 1689 1559 1732 pergit
1582 1687 1735 1722 Nicetas:
1765 1692 1843 1721 Cum
1862 1694 1986 1728 pecunia
2007 1689 2091 1729 desti-

1212 1746 1341 1771 tueretur
1360 1736 1508 1781 lsaacius‚
1532 1739 1644 1779 templa
1665 1737 1794 1779 invasit.
1824 1742 1889 1771 Nec
1904 1736 1999 1780 sacrae
2022 1748 2089 1772 tan-

1211 1788 1274 1820 tiam
1292 1786 1402 1828 Christi
1430 1794 1575 1832 imagines
1594 1787 1741 1832 securibus
1767 1788 1980 1823 excidebantur
2002 1814 2013 1830 ‚
2056 1791 2089 1823 ὠ*

1211 1836 1511 1881 bumiprojeHaefine
1520 1840 1586 1873 ulla
1607 1845 1797 1879 reverentia,
1824 1848 1930 1872 ornatu
1952 1840 2091 1882 adempto

1211 1893 1351 1934 inignem
1374 1891 1585 1932 dejiciebantur
1599 1915 1610 1930 ‚
1632 1888 1690 1933 sed
1712 1891 1746 1924 (Β
1766 1888 1965 1933 sacro-sanda
1988 1889 2089 1934 vasa,

1210 1939 1322 1983 absque*
1330 1949 1407 1974 metu
1418 1943 1433 1975 e*
1444 1942 1568 1983 templis
1580 1949 1674 1983 rapta
1686 1942 1720 1974 et
1732 1940 1860 1982 conflata
1870 1962 1880 1979 ,
1906 1949 1939 1973 ut
1963 1943 2090 1986 vulgare

1209 2002 1314 2024 aurum
1335 1993 1369 2025 Θ
1391 2000 1547 2035 argentum
1569 2016 1580 2031 ‚
1618 1989 1740 2030 hostibus
1765 1990 1915 2024 dabantur
1935 2016 1943 2023 .
1983 1991 2091 2039 Qod

1210 2041 1314 2084 ipsum
1337 2042 1446 2075 scribit
1469 2041 1631 2086 Georgius
1651 2040 1911 2085 Acropolitanus
1927 2066 1934 2072 .
1975 2043 2092 2089 Qaro
2109 2031 2185 2071 ΟΨ·
2204 2044 2235 2070 3—

1210 2102 1264 2132 per
1286 2091 1364 2123 istos
1388 2091 1549 2125 terrestres
1572 2092 1724 2136 Angelos
1746 2091 1839 2126 fuiffe
1864 2091 2089 2126 miserabiliter

1209 2140 1381 2174 laceratum
1395 2165 1406 2181 ,
1433 2151 1471 2174 ac
1482 2152 1665 2175 truncatum
1689 2141 1865 2184 imperium
1887 2141 1976 2174 idem
1998 2141 2091 2177 Cho-

1208 2190 1312 2224 niates
1325 2201 1392 2224 non
1405 2190 1470 2223 fine
1481 2192 1697 2224 fundamento
1708 2189 1904 2225 lamentatur
1916 2215 1924 2223 .

1257 2239 1362 2273 Porro
1375 2241 1528 2285 Gregorii
1541 2241 1640 2274 nostri
1666 2241 1868 2284 temporibus
1887 2242 2085 2286 grassabatur

1205 2289 1333 2324 &cinus
1345 2289 1520 2334 Porphyrii
1533 2289 1726 2325 patriarchae
1748 2291 1955 2326 Antiocheni
1974 2318 1981 2325 .
2009 2294 2084 2329 Ete-

1205 2340 1275 2372 nim
1286 2340 1374 2384 qudd
1387 2352 1517 2375 auream
1529 2342 1754 2375 sexcentarum
1767 2341 1920 2376 librarum
1930 2354 2058 2378 crucem
2069 2369 2081 2385 ,

1203 2389 1319 2424 fastam
1341 2389 1358 2422 a
1382 2391 1551 2435 Willigiso
1570 2391 1778 2435 Moguntino
1800 2391 2081 2439 Archiepiscopo,

1201 2440 1391 2474 successores
1417 2441 1452 2475 in
1475 2441 1646 2475 fimoniam
1671 2453 1708 2475 ac
1731 2441 1810 2476 alias
1830 2443 1939 2478 sordes
1964 2455 2081 2488 expen-

1200 2489 1309 2523 derint
1320 2515 1331 2531 ‚
1357 2491 1515 2525 testantur
1526 2492 1670 2534 ejusdem
1684 2492 1832 2526 Ecclefiae
1857 2492 2053 2529 Chronicon
2065 2520 2077 2536 ,
2098 2494 2129 2523 Α.
2143 2500 2227 2528 1160·

1198 2539 1276 2573 &in
1291 2540 1434 2575 Mariani
1455 2542 1544 2576 Scoti
1571 2542 1799 2585 supplemento
1825 2542 1938 2577 Abbas
1961 2545 2078 2580 Dodo·

1199 2588 1335 2624 chi-nus.
1364 2591 1408 2624 Et
1417 2589 1458 2625 de
1478 2591 1626 2626 Roberto
1646 2591 1887 2627 Conventrenss
1909 2594 2074 2639 Episcopo

1198 2639 1305 2673 scribit
1317 2639 1457 2681 Joannes
1473 2641 1702 2685 Bromptonus
1723 2642 1836 2676 Abbas
1856 2644 2074 2687 jornalensis.-

1197 2689 1339 2722 Robertus
1352 2691 1388 2722 de
1398 2693 1427 2722 E
1430 2690 1531 2731 cclefiae
1538 2702 1598 2724 una
1611 2691 1697 2725 trabe
1707 2698 1839 2735 quinque
1852 2694 1932 2727 mille
1953 2706 2077 2729 marcas>

1195 2745 1312 2783 argenti
1335 2737 1451 2780 corrafit
1466 2764 1473 2771 .
1499 2741 1582 2773 Unde
1607 2745 1696 2785 Regis
1711 2766 1722 2782 ,
1750 2742 1923 2778 Guilielmi
1949 2745 2067 2788 primi,
2086 2760 2122 2790 Α,
2141 2768 2226 2797 1077i

1195 2800 1301 2822 manus
1323 2790 1459 2832 impleret
1472 2814 1479 2821 .
1507 2793 1671 2825 Ditaverat
1699 2803 1825 2836 namque
1852 2793 2005 2835 Leofricus
2030 2798 2068 2829 lo-

1192 2850 1257 2872 cum
1278 2840 1362 2872 illum
1382 2851 1454 2872 auro
1475 2841 1510 2874 θ
1528 2850 1651 2886 argento
1664 2866 1674 2881 ‚
1695 2848 1821 2885 gemmis
1847 2845 1882 2877 Θ·
1907 2846 2061 2888 reliquiis.

1192 2890 1360 2923 Leofricus
1382 2889 1583 2924 Merciorum
1607 2892 1731 2926 Comes
1749 2916 1759 2932 ,
1793 2893 1950 2929 fundator
1977 2895 2068 2929 istius

1191 2939 1384 2973 Monasterii
1409 2964 1416 2971 .
1453 2941 1509 2974 De
1534 2941 1651 2976 eodem
1678 2943 1815 2977 crimine
1841 2943 2065 2979 Humbertum
2083 2950 2212 2985 Abb.21.

1192 2988 1358 3023 Abbatem
1383 2988 1687 3026 Laurishamensem
1713 3003 1809 3028 notat
1830 3017 1842 3033 ‚
1879 2992 2019 3036 ideoque
2042 2996 2063 3030 ὲ

1188 3039 1302 3072 Sancto
1330 3039 1476 3073 Nazario
1501 3041 1565 3075 loci
1592 3041 1740 3077 Patrono
1765 3043 1856 3076 fuisse
1882 3046 2063 3086 percussum

1188 3090 1220 3122 ὅς
1242 3089 1385 3123 occisum
1406 3090 1557 3125 adfirmat
1577 3093 1719 3134 ejusdem
1746 3092 1941 3126 Monasterii
1955 3093 2062 3130 Chro-

1188 3140 1291 3172 nicon
1311 3164 1317 3170 .
1358 3139 1402 3173 Et
1422 3140 1463 3174 de
1483 3142 1646 3186 Wigoldo
1666 3143 1792 3176 intruso
1814 3143 1872 3176 suo
1894 3142 2059 3188 Episcopo
2078 3143 2112 3172 Α·
2130 3146 2213 3180 ¹084·

1187 3188 1383 3223 Chronicon
1407 3190 1613 3233 Augustense
1638 3207 1649 3225 .-
1687 3192 1846 3235 Wigoldus
1883 3203 2060 3229 ornamenta

1185 3238 1397 3279 Ecclefiastica,
1423 3241 1527 3274 calices
1542 3265 1552 3281 ,
1579 3241 1730 3274 thuribula
1755 3246 1949 3284 comminuit,
1977 3245 2058 3278 Alta-

1184 3296 1226 3321 ris
1247 3288 1362 3321 sanliae
1388 3293 1496 3322 Mariae
1515 3291 1647 3325 tabulam
1670 3292 1873 3325 delaminavit
1889 3317 1901 3333 ‚
1939 3292 2057 3336 thesau-

1183 3351 1250 3371 rum
1272 3339 1411 3375 distraxit
1434 3364 1444 3379 ,
1481 3348 1647 3381 proterviae
1662 3340 1729 3383 suae
1751 3340 1924 3383 fautoribus
1949 3354 2056 3376 accom-

1184 3390 1342 3428 modavit,
1373 3389 1449 3422 Hoc
1470 3389 1548 3424 item
1572 3399 1718 3435 tempore
1740 3390 1924 3426 Arnaldum
1949 3393 2056 3426 Areti-

1185 3449 1263 3473 nutn
1288 3438 1507 3483 Episcopum,
1533 3439 1622 3483 quod
1645 3440 1753 3476 nescio
1773 3441 1828 3476 cui
1851 3442 2056 3477 Monasterio

1593 3492 1623 3526 L
1673 3503 1696 3529 2
1940 3501 2005 3525 ere-
