2372 3756
380 120 479 166 204

311 185 360 221 Et
370 186 467 221 istum
482 181 639 226 loquendi
649 185 786 222 modum
796 184 938 222 ostendit
949 186 1100 231 placuisse
1111 187 1188 223 Sane

310 237 367 270 &o
394 233 544 270 Eustatio
564 234 780 273 Antiocheno
799 263 811 279 ,
835 237 871 272 ἀ
891 238 1024 282 Magno
1051 235 1187 271 Basilio.

314 285 478 328 Loquitur
495 295 538 318 ex
558 292 674 329 quarto
701 288 806 323 Sancti
833 288 969 331 Ioannis
994 284 1190 320 Damasceni

314 333 399 368 libro
413 333 453 368 de
461 332 658 371 Orthodoxa
670 337 752 372 Fide
763 351 775 372 .-
800 335 930 382 .Qubdfi
942 336 1075 370 nonnulli
1080 344 1191 377 panem

315 384 465 426 &vinum
484 390 610 427 corporis
631 385 832 431 &sanguinis
857 387 977 419 Domini
998 384 1121 428 figuram
1140 384 1192 426 effe

310 434 459 480 dixerunt
470 457 482 475 ,
506 436 751 477 quemadmodum
761 438 810 471 ille
819 436 974 469 Divinitas
993 434 1114 476 afflatur
1128 434 1191 470 Βα-

308 483 390 526 ffltus
409 508 420 525 ,
449 495 507 517 non
527 485 579 519 boc
593 484 654 527 post
677 483 916 528 consecrationem
936 487 1080 519 dixerunt
1101 506 1114 523 ,
1135 479 1194 526 sed

312 543 472 578 antequam
489 533 598 568 oblatio
617 546 654 568 ea
672 533 887 577 consecraretur
907 558 919 574 ‚
945 532 996 567 boc
1019 532 1191 569 vocabulum

311 593 494 639 usurparunt
519 612 528 622 .
564 584 667 634 Quod
689 586 793 631 ipsum
826 584 947 619 docent
977 584 1110 618 Sanctus
1130 581 1191 615 Ni-

308 642 471 687 eephorus
498 634 684 672 Patriarcha
707 632 1091 676 Constantinopolitanus
1112 654 1124 670 ,
1157 631 1190 667 δε

310 694 370 730 alii
390 692 494 742 plures
513 712 523 721 .
548 687 593 722 Et
611 684 690 721 hinc
707 686 884 724 nascuntur
903 683 1030 727 aliquot
1045 681 1191 726 quaestio-

309 755 368 779 nes
392 767 398 773 -
516 766 519 768 -
551 757 554 761 ²

361 791 474 826 Prima
493 789 537 824 est
550 811 563 830 ,
587 788 643 824 An
661 781 766 822 G'raeci
787 786 899 820 Patres
919 783 1103 818 consecrata
1125 781 1192 816 Eu-

311 841 469 878 charistiae
490 840 652 875 elementa
672 847 843 880 nunquam
864 832 1104 877 appellaverunt
1122 832 1193 866 Do-

312 892 426 928 minici
441 889 585 934 corporis
604 887 813 931 &sanguinis
837 883 999 927 Antitypa
1012 907 1023 924 ‚
1046 882 1100 919 seu
1113 880 1191 917 ima-

311 944 407 988 gines
429 941 464 974 &
479 940 597 984 figuras
612 938 628 971 ἒ
653 936 838 971 Anastasius
861 932 1134 969 Bibliothecarius
1155 932 1189 965 in

312 989 486 1036 marginali
498 988 537 1023 ad
550 981 658 1022 Sansti
678 984 832 1030 Stephani
846 983 1049 1019 Auxentiani
1070 980 1190 1021 librum

311 1040 449 1078 Scholio
472 1037 664 1081 respondet:
693 1039 791 1070 Graeci
813 1039 922 1070 Patres
926 1036 997 1075 jam
1002 1030 1191 1076 sanctificata

309 1091 370 1127 mia
391 1092 459 1124 rara
481 1096 589 1122 vocant
610 1091 761 1128 antitypa.
787 1086 833 1120 Et
856 1084 972 1130 probat
992 1082 1190 1118 authoritate

310 1142 418 1177 Sansti
442 1139 595 1184 Gregorii
620 1136 823 1171 Nazianzeni
844 1160 855 1177 ,
882 1136 918 1170 &
937 1134 1047 1171 Sancti
1070 1131 1188 1175 Cyrilli

309 1190 465 1235 Episcopi
492 1187 791 1231 Hierosolymitani
813 1211 820 1218 .
847 1187 892 1220 Et
918 1185 1000 1220 redte
1019 1209 1026 1216 .
1055 1182 1187 1222 Etenim

309 1244 454 1276 sororem
475 1242 564 1275 suam
587 1238 795 1283 Gergouiam
817 1237 850 1270 in
875 1235 1003 1271 funebri
1026 1233 1095 1277 ejus
1123 1233 1189 1266 elo-

309 1294 369 1337 gio
386 1292 565 1335 Gregorius
586 1288 716 1327 laudat,
742 1286 831 1331 quod
856 1287 982 1320 infirma
1008 1286 1038 1318 se
1061 1282 1188 1327 prostra-

309 1344 406 1377 visset
431 1351 507 1376 ante
533 1339 747 1375 domesticum
773 1339 871 1371 altare
897 1359 909 1376 ,
941 1335 1100 1378 plenaque
1126 1332 1189 1366 fide

308 1391 479 1426 Christum
506 1391 693 1424 Dominum
720 1385 945 1429 interpellas-set
970 1408 980 1425 ,
1008 1394 1107 1424 atque
1132 1380 1187 1415 ad.

307 1441 437 1487 jungit:
464 1444 511 1474 Et
526 1439 558 1481 fi
562 1441 638 1482 quld
645 1438 761 1481 uspiam
782 1442 979 1477 antityporum
994 1431 1118 1476 pretiofi
1131 1443 1188 1465 cor·

302 1497 387 1534 poris·
407 1490 602 1534 &sanguinn
626 1498 734 1520 manus
755 1486 975 1524 recondiderat,
1000 1484 1066 1516 ciam
1087 1484 1123 1515 id
1147 1484 1186 1515 Ia·

307 1540 432 1581 chumis
442 1537 656 1583 admiscuiffet,
679 1537 780 1577 statim
794 1535 829 1580 se
842 1535 939 1568 morbo
960 1533 1116 1568 liberatam
1121 1530 1186 1575 sen-

306 1596 349 1625 :it
360 1616 367 1623 .
397 1590 459 1625 Per
469 1590 619 1633 antitypa
634 1588 740 1632 palam
751 1586 908 1631 intelligit
921 1585 1058 1619 domum
1070 1583 1185 1617 deferri

303 1642 326 1682 ὲ
338 1641 490 1675 fidelibus
501 1664 512 1681 ,
538 1651 576 1673 ac
590 1637 682 1674 domi
695 1639 883 1671 consuetam
900 1635 1016 1675 [errari
1036 1634 1070 1669 <St
1082 1634 1161 1667 sumi
1175 1657 1187 1674 ‚

304 1684 558 1733 ''adeoqueantea
571 1689 606 1723 in
626 1688 769 1723 Ecclesia
792 1688 1013 1721 consecratam
1032 1682 1186 1722 Euchari-

304 1742 420 1775 ssiam.
450 1740 492 1773 Et
503 1749 581 1773 nota
601 1737 692 1782 quod
718 1736 908 1773 vvenerabilis
920 1733 1092 1778 Gorgonia
1117 1745 1185 1767 non

305 1790 413 1827 solum
426 1790 542 1833 panis,
568 1789 621 1822 sed
648 1787 763 1826 &vini
776 1787 915 1830 speciem
938 1783 1069 1821 haberet
1081 1783 1114 1819 in
1129 1784 1186 1816 suo

304 1841 492 1875 domestico
511 1837 605 1873 altari
625 1862 633 1871 .
661 1838 777 1874 Praeter
798 1847 920 1871 morem
945 1861 952 1868 .
978 1835 1080 1882 Qod
1098 1834 1188 1869 enim

306 1893 409 1925 solam
432 1889 524 1933 panis
547 1887 684 1931 speciem
705 1887 867 1931 deportari
889 1886 1046 1927 domum,
1072 1898 1109 1920 ac
1131 1884 1188 1919 ibi-

305 1943 382 1975 dem
407 1940 521 1975 servari
543 1939 576 1972 &
590 1939 671 1973 sumi
696 1936 874 1981 permiserit
893 1937 975 1971 olim
993 1937 1102 1975 omnis
1128 1933 1189 1968 Ec-

303 1992 399 2026 clefia
413 2015 423 2031 ,
450 1990 575 2025 cunctis
585 1988 728 2032 antiquae
750 1987 927 2030 disciplinae
949 1987 1059 2029 peritis
1079 1986 1124 2021 est
1134 1995 1190 2018 ex-

306 2042 495 2086 ploratum.
523 2037 628 2073 Porro
650 2040 736 2072 sacra
755 2037 862 2081 Virgo
877 2037 1048 2080 Gorgonia
1070 2047 1136 2074 erat
1156 2037 1189 2070 &⁰

306 2091 462 2134 Episcopi
486 2089 600 2124 dilecta
625 2089 733 2127 soror,
759 2088 792 2120 &
814 2087 946 2125 alterius
969 2087 1122 2130 Episcopi
1144 2087 1189 2120 di·

304 2142 386 2175 lecta
409 2140 491 2175 filia:
520 2139 613 2171 Hinc
631 2137 672 2171 ab
695 2137 759 2171 illis
781 2136 894 2173 habuit
917 2136 1075 2181 singulare
1096 2137 1190 2179 privi-

306 2191 336 2224 le
364 2191 448 2225 ium.
1195 2189 1197 2193 ⁴

338 2203 492 2275 gSandius
504 2238 657 2274 Helladis
671 2237 699 2273 Α
706 2238 878 2273 nachoreta
889 2239 994 2273 Lucas
1002 2238 1083 2272 olim
1094 2239 1190 2274 inter·

305 2293 434 2336 rogavit
448 2289 698 2324 Corinthiorum
714 2290 927 2332 Episcopum
950 2290 1078 2330 Amabo,
1105 2302 1121 2321 o
1133 2294 1190 2322 Do-

307 2349 407 2380 mine,
434 2353 494 2383 qua
509 2352 559 2372 nos
571 2345 687 2372 ratione
701 2363 710 2377 ‚
738 2346 788 2381 q‘ui
809 2348 930 2381 propter
952 2342 1047 2373 multa
1064 2348 1190 2381 peccata

308 2391 407 2432 mostra
418 2401 532 2425 montes
543 2392 660 2422 colimus
673 2387 890 2432 &solitudinet
902 2414 912 2430 ,
939 2402 1020 2432 qua,
1045 2396 1188 2432 inquam,

311 2448 425 2476 ratione
431 2443 564 2484 poffimus
581 2445 732 2481 percipere
757 2438 904 2473 horrenda
915 2440 1044 2479 mysteria
1055 2440 1074 2471 ἓ
1097 2441 1188 2473 Vides
1203 2453 1206 2461 ·

313 2498 392 2526 enim
408 2518 419 2534 ‚
446 2503 478 2525 ut
490 2494 596 2525 nedum
606 2489 736 2522 Collec‘la
749 2514 758 2528 ,
782 2488 839 2532 sed
848 2501 939 2532 neque
959 2491 1098 2523 sacerdos
1118 2488 1187 2532 sup-

309 2554 418 2587 petas.
448 2544 491 2577 Et
514 2542 693 2586 Episcopus
716 2540 880 2584 respondit
904 2554 910 2572 :
940 2541 1048 2584 Beni,
1076 2543 1189 2587 Pater-¹,

311 2598 407 2636 deque
427 2593 503 2627 bona
524 2604 556 2626 re
577 2603 611 2625 ac
632 2595 766 2623 mamma
785 2590 966 2634 interrogasti
990 2615 996 2621 .
1035 2595 1123 2623 Nam
1147 2590 1190 2622 bo-

315 2657 387 2679 num
408 2655 516 2686 quoque
535 2669 546 2684 ,
571 2650 603 2674 ut
624 2644 712 2682 ajunt
732 2665 742 2682 ‚
770 2653 827 2678 non
853 2641 960 2680 bonum
982 2639 1020 2680 est
1046 2666 1057 2681 ‚
1087 2639 1116 2682 fi
1136 2654 1191 2675 non

316 2695 386 2728 bene
403 2695 468 2735 fieri
489 2699 661 2736 contingat.
692 2694 794 2723 Prima
818 2696 910 2734 igitm
931 2702 965 2723 ae
982 2693 1191 2733 principaliter

317 2746 503 2777 sacerdotem
527 2744 618 2785 adesse
629 2744 728 2775 decet.
757 2741 941 2784 ,Qubdssille
954 2742 1106 2783 necessaria
1116 2748 1193 2776 omni

317 2800 430 2832 ratione
451 2793 522 2834 abfit
543 2817 553 2833 ,
580 2792 785 2833 impanendum
804 2790 902 2837 sacrae
922 2790 1032 2834 mensae
1055 2790 1192 2841 Praesan-

319 2845 508 2886 c‘Pi'ficatorum
521 2841 696 2885 vasculum,
719 2840 747 2881 fi
753 2843 871 2883 quidem
894 2841 930 2882 est
951 2848 1127 2884 oratorium3
1147 2842 1194 2884 fin

319 2904 419 2927 autem
441 2893 543 2932 cella,
565 2891 686 2935 scamno
705 2893 883 2932 mundlffimo
905 2917 912 2924 .
941 2894 1022 2925 Tunc
1041 2894 1192 2935 explicans

320 2945 419 2978 velum
441 2949 536 2977 minus
559 2968 569 2983 ‚
592 2950 737 2983 propones
770 2947 802 2972 in
830 2954 860 2974 eo
880 2941 983 2984 sacras
1006 2944 1194 2984 particulas,

321 2991 492 3036 accensoque
518 2992 707 3031 thymiamate
723 3015 735 3032 ,
773 2996 927 3032 typicorum
955 2992 1087 3034 Psalmo:
1107 3017 1118 3033 ,
1143 3002 1195 3025 aut

323 3051 469 3085 Hymnum
490 3042 685 3075 Ter-sanam
708 3041 845 3073 cantabis
872 3052 937 3074 cum
953 3042 1076 3086 symbolo
1089 3045 1195 3081 Fidei,

324 3106 463 3136 lunaque
484 3104 612 3137 genuum
639 3091 764 3132 flexione
786 3091 918 3125 adorans
943 3101 1051 3127 manus
1078 3094 1195 3134 quidem

326 3144 476 3176 contrahes
502 3168 512 3184 ,
537 3154 586 3177 are
613 3151 713 3175 autem
728 3139 846 3184 sacrum
866 3142 985 3184 prmofi
1016 3141 1125 3182 Christi
1163 3155 1197 3175 ac

326 3197 381 3231 Dei
404 3194 488 3234 nostri
510 3201 611 3235 corpus
628 3191 730 3235 sumes
753 3213 763 3229 ,
798 3192 920 3225 dicendo
941 3204 948 3223 :
977 3198 1068 3226 Amen
1091 3218 1097 3224 .
1126 3196 1197 3225 Loco

324 3254 423 3276 autem
444 3243 522 3283 [αι-η·
542 3245 664 3282 calicis,
690 3247 756 3275 vini
771 3242 906 3283 poculum
927 3242 1026 3283 bibes,
1053 3253 1103 3275 nec
1126 3246 1196 3276 vera

324 3295 408 3334 altra
421 3295 535 3324 calicem
557 3299 589 3325 in
611 3294 734 3326 altorum
754 3303 931 3324 communem
951 3292 1035 3333 usum
1058 3293 1194 3335 affumes.

328 3342 459 3379 Rursum
472 3345 542 3374 verri
554 3343 680 3384 reliquas
698 3342 863 3382 particulas
876 3347 908 3374 in
921 3341 994 3385 vase
1002 3344 1119 3376 linteolo
1147 3344 1198 3375 col-

323 3395 398 3438 liges
406 3417 416 3435 ,
443 3402 554 3428 omnem
566 3394 749 3437 adigenmm
762 3391 907 3428 adhibens
920 3416 930 3434 ,
956 3402 989 3428 ut
1002 3405 1037 3427 ne
1055 3397 1198 3436 margari-

893 105 1532 153 Drssuurnrro

1255 196 1289 221 ea
1308 188 1428 222 decidat
1453 191 1694 227 &contuleram
1721 193 1793 228 Hic
1811 193 1880 232 fuit
1897 197 2049 243 antiquus
2062 197 2132 236 moi

1254 237 1335 275 dus,
1360 237 1495 280 antiqua
1520 242 1644 283 pietas,
1668 243 1801 286 antiqua
1819 249 2057 287 sementina
2077 252 2129 286 su-

1255 284 1373 320 menda
1382 287 1562 325 domestica
1574 290 1774 328 Eucharistiae
1787 318 1796 326 .
1932 328 1936 331 .

1306 336 1466 373 Notanda
1489 341 1562 375 sunt
1584 340 1641 379 hic
1652 343 1756 386 varia.
1782 338 2130 395 PrimosQodrqui·

1254 383 1329 419 dam
1342 386 1453 433 fideles
1462 387 1619 426 haberent
1628 417 1639 433 ‚
1661 387 1798 435 duidam
1809 405 1881 430 uon
1891 393 2045 435 haberent
2053 400 2132 438 alta,-

1255 446 1289 468 re
1310 434 1526 475 domesticum
1547 466 1555 474 .
1579 441 1752 483 secundo.
1777 443 1866 486 quod
1886 446 2043 488 sumenda
2064 448 2131 484 Eu-

1256 482 1407 523 charistia
1417 488 1507 524 flexis
1518 492 1657 536 genibus
1670 492 1857 530 adoraretur
1867 520 1876 527 .
1885 493 2006 533 Tere-io
2017 521 2028 538 .
2039 496 2131 541 quod

1256 534 1434 573 domestica
1459 540 1662 590 Eucharistia
1687 544 1764 578 effet
1786 545 1861 580 sola*
1873 546 1967 589 panis
1988 548 2129 590 species.

1256 585 1389 633 Qarto
1401 612 1412 629 ,
1433 589 1521 633 quod
1542 589 1613 627 vi'ce
1626 593 1842 630 Eucharistici
1864 595 1975 630 calicis
1993 598 2130 632 sumere·

1257 643 1309 671 tur
1321 636 1454 681 simplex
1465 641 1580 676 vinum
1594 667 1600 675 .
1626 643 1731 689 Quod
1753 644 1858 688 ipsum
1881 645 1915 684 ὄρ
1927 655 1986 680 nos
1995 647 2130 687 Latini,

1255 683 1335 720 dum
1356 690 1514 732 populum
1526 690 1543 725 a
1554 693 1642 727 sacro
1653 694 1754 727 calice
1775 694 1932 739 coepimus
1949 696 2131 739 abstinere,

1257 735 1393 772 fecimus
1414 738 1449 773 in
1461 742 1573 776 multis
1593 743 1760 779 Eccleliis.
1784 744 1921 792 Qinto
1944 746 2131 783 notandum

1255 785 1323 825 est,
1346 787 1437 831 quod
1460 791 1648 828 Graecorum
1668 793 1809 838 populus
1828 797 2052 831 communicet
2072 796 2131 831 mi-

1259 845 1351 893 nutas
1362 837 1571 879 Eucharistiae
1583 844 1765 888 particulas,
1777 846 1919 891 ipsasque
1928 846 2040 881 titulet
2051 857 2131 882 mar-

1257 896 1376 942 garitas
1385 914 1396 930 ,
1421 891 1478 934 qui
1491 894 1608 928 titulus
1618 895 1665 928 est
1674 894 1916 939 antiquiffimus
1935 908 1973 930 ac
1983 898 2131 932 eminen-

1255 935 1391 973 tiffimus
1417 965 1428 980 ,
1454 940 1623 988 lucideque
1648 943 1755 981 firmat
1781 944 1990 980 Eucharistiae
2015 946 2131 983 verita·

1257 995 1323 1042 «ξω
1348 1012 1356 1020 .
1384 989 1485 1024 Sexto
1507 993 1692 1029 notandum
1714 1018 1725 1035 ‚
1749 994 1839 1038 quod
1866 996 1951 1034 avita
1980 995 2129 1031 fidelium

1255 1046 1342 1092 circa
1364 1049 1482 1081 panem
1501 1041 1538 1076 ,δε
1550 1042 1710 1083 calicem,
1736 1045 1869 1090 nequid
1895 1047 1929 1081 in
1947 1056 2064 1081 terram
2075 1047 2131 1081 de-

1256 1084 1364 1130 cidat,
1392 1101 1447 1132 per
1457 1090 1704 1128 Tertullianum
1717 1092 1845 1130 laudata
1864 1106 1939 1130 cura
1949 1097 2049 1133 fuerit
2068 1097 2131 1130 cir-

1258 1147 1295 1170 ca
1309 1135 1548 1176 Eucharistiam
1561 1167 1568 1174 .
1597 1143 1642 1176 Et
1662 1142 1796 1188 quidem
1819 1145 1933 1183 Sancta
1953 1146 2130 1191 Gergouia

1257 1195 1314 1228 pro
1327 1188 1516 1226 domesticis
1527 1192 1590 1226 suis
1601 1193 1762 1236 mysteriis
1781 1194 1895 1230 habuit
1912 1195 2129 1232 domesticum

1255 1236 1354 1272 altare
1373 1262 1385 1280 ‚
1422 1241 1459 1275 A&
1480 1253 1614 1279 omnem
1639 1243 1658 1278 ὲ
1681 1243 1935 1279 Corinthiorum
1965 1245 2129 1289 Episcopo

1258 1285 1421 1343 laudatam
1445 1292 1659 1327 reverentiam
1678 1293 1712 1332 ’ὃς
1726 1293 1872 1330 sumendi
1882 1296 2044 1329 rationem
2056 1296 2064 1328 i
2069 1295 2129 1339 pfis

1249 1334 1405 1393 exhibuit
1426 1364 1437 1382 ,
1464 1338 1607 1383 ideoque
1631 1342 1666 1378 ἀ
1686 1341 1752 1376 haec
1774 1344 1928 1379 videntur
1947 1345 2009 1379 effe
2045 1347 2128 1381 anti-

1252 1386 1401 1428 quiffima
1424 1414 1432 1423 .
1473 1391 1517 1426 Et
1543 1391 1626 1427 olim
1660 1390 1911 1429 Corinthiorum
1947 1394 2128 1437 Episcopus

1256 1437 1414 1491 spectabat
1434 1440 1476 1475 ad
1500 1441 1690 1477 Romanum
1711 1440 1972 1486 patriarchatum
1991 1468 2004 1485 ‚
2029 1453 2128 1488 atque

1255 1497 1295 1519 ita
1319 1489 1415 1530 poffit
1438 1490 1494 1524 illa
1514 1492 1575 1526 effe
1595 1491 1748 1527 Romana
1773 1493 1943 1530 institutio
1961 1517 1971 1527 .
1997 1493 2130 1527 Notan-

1251 1534 1418 1574 dumitem
1440 1539 1507 1582 est,
1532 1542 1622 1586 quod
1643 1544 1757 1580 Sancta
1778 1543 1950 1589 Gorgonia
1970 1542 2129 1580 Domini-

1252 1598 1327 1622 cum
1350 1588 1544 1634 sanguimm
1566 1592 1714 1627 misceret
1737 1593 1801 1627 suis
1824 1592 2017 1637 lachrymis.
2043 1595 2130 1629 Suos

1253 1638 1382 1672 forsitan
1405 1639 1711 1685 lachrymistinitos
1730 1643 1845 1678 oculos
1863 1655 1902 1678 ac
1913 1655 2013 1688 genas
2023 1642 2129 1688 tinge-

1251 1686 1304 1721 bat
1322 1688 1422 1724 eriam
1446 1691 1513 1725 istis
1533 1691 1694 1735 mysteriis
1707 1718 1717 1734 ‚
1740 1692 1832 1737 juxta
1855 1693 2001 1738 superius
2019 1693 2128 1728 lauda-

1251 1747 1321 1776 tum
1341 1740 1443 1777 titum
1466 1741 1612 1778 Ecclesiae
1642 1743 1957 1785 Hierosolymitanae
1980 1740 2129 1783 „Porro

1251 1789 1350 1822 etiam
1363 1786 1457 1833 hujus
1469 1789 1647 1836 Episcopus
1657 1793 1791 1828 Sanetus
1800 1793 1947 1835 Cyrillus
1965 1793 2000 1829 in
2010 1793 2129 1836 quinta

1251 1838 1476 1884 mystagogica
1486 1839 1644 1876 catechesi
1656 1843 1765 1877 scribit
1775 1843 1794 1876 a
1805 1843 1903 1881 nobis
1913 1844 1995 1877 sumi
2014 1843 2048 1877 in
2061 1843 2128 1877 Eu-

1252 1886 1404 1926 charistia
1427 1902 1496 1926 non
1520 1902 1637 1935 panem
1655 1893 1691 1926 ἀ
1712 1894 1849 1934 vinum,
1874 1892 1929 1929 sed
1951 1892 2127 1929 Dominici

1251 1939 1394 1982 corporis
1415 1941 1623 1985 &sanguinis
1646 1942 1812 1987 antitypa.
1840 1942 2127 1985 Lucideloquitur

1227 2030 1231 2033 Δ
1253 1989 1293 2022 de
1312 1990 1495 2026 consecrata
1524 1990 1726 2027 Eucharistia
1749 2017 1760 2034 ‚
1794 1992 1946 2027 Eundem
1968 1991 2125 2036 loquendi

1253 2038 1388 2073 modum
1399 2041 1530 2075 resumit
1542 2041 1771 2080 Nazianzenus
1782 2042 1965 2087 Gregorius
1975 2041 2009 2076 in
2021 2042 2126 2086 prima

1253 2088 1403 2123 oratione
1427 2090 1646 2135 Apologetica
1659 2104 1668 2127 ;
1695 2094 1764 2135 ,Quo
1783 2092 1906 2125 tandem
1929 2092 2012 2125 modo
2031 2102 2129 2126 exter·

1254 2138 1596 2183 numilludsacrt'ficrum
1607 2165 1618 2182 ,
1643 2153 1818 2185 magnorum
1839 2141 2028 2183 mysteriorum
2048 2147 2130 2175 antl-

1252 2197 1370 2231 typum‚
1395 2189 1500 2231 offlrrre
1521 2192 1679 2226 auderem?
1705 2190 1807 2239 Qod
1828 2193 1934 2235 ipsum
1955 2193 1988 2226 in
2007 2192 2128 2235 quinto

1255 2238 1520 2282 Apostolicarurn
1548 2241 1834 2276 Constitutionum
1860 2241 1944 2280 libro
1970 2243 2047 2276 ficit
2071 2253 2128 2275 an·

1252 2289 1363 2332 tiquus
1391 2289 1524 2325 Author
1549 2315 1560 2332 ,
1594 2288 1698 2335 vulgd
1734 2291 1840 2325 dietus
1865 2291 2020 2326 Clemens
2059 2291 2129 2327 Ro-

1252 2351 1367 2374 manus
1382 2365 1389 2372 .

1302 2391 1346 2424 Et
1361 2389 1440 2424 hinc
1457 2390 1597 2426 nascitur
1614 2391 1712 2426 altera
1729 2391 1886 2436 quaestio,
1914 2389 1969 2427 An
1980 2390 2129 2437 Magnus

1254 2441 1384 2475 Bafilius
1401 2453 1438 2474 ac
1466 2441 1611 2486 Magnus
1631 2441 1796 2476 Eustatius
1819 2440 2041 2476 Eucharistica
2064 2440 2129 2476 eled

1252 2500 1361 2525 menta
1373 2490 1545 2529 dumtaxat
1555 2502 1631 2526 ante
1644 2516 1655 2531 ‚
1682 2503 1749 2525 non
1763 2491 1832 2535 post
1846 2492 2128 2533 consecrationem

1251 2541 1397 2575 dixerint
1415 2542 1592 2585 antitypa?
1620 2542 1820 2584 Respondeo
1840 2542 1963 2587 Magni
1985 2541 2127 2578 Eustatii

1253 2601 1398 2627 mentem
1418 2592 1481 2626 else
1507 2591 1590 2626 mihi
1616 2592 1767 2637 ignotam
1796 2618 1803 2625 .
1827 2593 1959 2626 Etenim
1975 2591 2068 2634 ipsius
2087 2591 2125 2635 in

1252 2643 1436 2675 Salomonis
1453 2641 1627 2677 Parabolas
1643 2642 1879 2679 commentaria
1900 2652 1969 2677 non
1988 2640 2055 2674 vidi
2077 2637 2127 2676 υἱὲ

1253 2703 1314 2734 que
1325 2692 1412 2733 huc,
1437 2692 1472 2727 &
1490 2703 1532 2726 ex
1544 2692 1632 2726 illius
1651 2692 1762 2735 paucis
1779 2703 1834 2736 per
1845 2689 2045 2734 Stephanum
2057 2689 2128 2726 Au-

1254 2743 1447 2776 xentianum
1459 2741 1606 2776 adductis
1618 2742 1723 2776 verbis
1740 2753 1808 2775 non
1831 2740 1935 2784 potest
1947 2741 2066 2775 firmari
2078 2740 2127 2783 ju-

1253 2791 1375 2826 dicium
1390 2818 1396 2825 .
1426 2793 1534 2828 Etiam
1547 2793 1667 2835 Magni
1686 2791 1796 2825 Basilii
1812 2802 1903 2824 mens
1920 2789 1965 2823 est
1976 2790 2126 2825 obnoxia

1254 2842 1488 2879 dubietatibus,
1516 2843 1650 2876 Etenim
1675 2841 1832 2875 Basiliana
1855 2841 2004 2885 Litus-gia
2024 2838 2127 2876 habet

1255 2893 1310 2926 ista
1322 2893 1417 2926 verba
1432 2894 1465 2926 in
1477 2891 1623 2936 precibus
1633 2917 1643 2932 ,
1670 2902 1747 2935 quas
1766 2891 1836 2934 post
1853 2890 2038 2924 solemniter
2049 2891 2131 2924 reci·

1256 2954 1321 2977 tata
1337 2944 1516 2977 Dominica
1528 2941 1642 2983 verba,
1670 2946 1730 2974 Hoc
1740 2942 1777 2980 el}
1787 2949 1889 2982 corpus
1900 2951 1997 2974 meum
2008 2964 2019 2981 ,
2031 2938 2130 2974 adeo·

1254 3004 1315 3036 que
1349 2994 1382 3026 ὃ(
1403 2994 1471 3036 post
1500 2993 1614 3030 saetam
1632 2991 1910 3026 consecrationem
1931 2991 1963 3027 δι
1982 2990 2132 3025 transub-

1260 3045 1500 3077 stantiationem
1522 3043 1656 3075 recitant
1677 3040 1837 3074 hodierna
1857 3040 2131 3083 Graecorumeu-

1232 3105 1236 3108 ’
1257 3093 1411 3137 chologia
1429 3117 1439 3132 ,
1467 3093 1500 3127 δε
1516 3102 1570 3135 per
1591 3102 1670 3134 quas
1693 3092 1786 3124 istam
1808 3091 1878 3124 fieri
1899 3101 2005 3125 errant
2024 3090 2129 3127 Graeci

1261 3142 1474 3179 schismatici,
1502 3140 1602 3189 Qod
1612 3152 1728 3175 omnes
1746 3139 1927 3174 orthodoxi
1939 3140 2041 3174 Graeci
2054 3151 2131 3174 con-

1260 3194 1467 3227 secrationem
1505 3193 1625 3234 semper
1659 3192 1841 3225 censuerint
1868 3202 1923 3233 per
1950 3188 2131 3226 Dominica.

1262 3243 1352 3277 verba
1367 3243 1434 3276 fieri
1453 3243 1550 3276 etiam
1570 3243 1588 3274 ὲ
1609 3241 1705 3275 nobis
1725 3240 1973 3281 Sacerdotibus,
1998 3239 2043 3273 est
2065 3249 2132 3272 cer-

1260 3302 1329 3327 tum
1351 3316 1361 3332 ‚
1386 3305 1422 3327 ac
1445 3302 1621 3334 utcumque
1637 3292 1893 3325 demonstratum
1913 3290 1949 3324 in
1965 3287 2134 3332 superiori-

1261 3343 1341 3377 bus.
1368 3345 1478 3391 Qare
1504 3342 1631 3375 videtur
1658 3341 1793 3375 Basilius
1821 3352 1887 3375 non
1915 3339 2073 3382 proposita
2099 3339 2134 3372 &

1262 3394 1431 3431 verbaliter
1450 3392 1558 3430 oblata
1574 3415 1584 3431 ‚
1615 3392 1669 3428 scd
1694 3389 1835 3426 omnino
1858 3390 2042 3423 consecrata
2068 3388 2132 3423 ele-

1978 3447 2090 3473 menta
