2352 3756
54 2844 100 2883 Ep.
129 2855 168 2876 ιο.

578 126 648 156 nc
685 121 1220 164 εΛτΙςιτΛοτιοΝυμ
1258 108 1728 156 ΙΝῡυιεεΝτιις.

1880 125 1970 171 275

235 186 478 234 leantur'iPax
489 206 567 231 vera]
579 192 675 237 falsae
690 198 777 235 pacis
802 191 954 238 mendacio
979 191 1111 230 tollitur,
1175 191 1254 235 dant
1279 212 1290 228 ‚
1313 198 1386 221 'ante
1406 187 1576 227 exstinctum
1591 192 1794 234 persecutionis
1817 202 1948 235 metum,
1972 203 2042 227 ante

233 247 381 291 salutaris
387 244 469 288 finus
479 251 586 283 matris
599 256 720 278 noverca
741 245 938 276 intercedente
958 243 1113 283 praeludi>

237 307 289 337 tur
301 322 312 337 ‚
339 309 375 330 ne
386 298 422 330 de
430 296 546 339 pectore
555 306 648 337 atque
660 306 706 327 ore
717 292 865 336 lapsorum
873 291 961 331 fletus
976 294 1009 325 (7
1024 296 1114 334 gemi-

234 355 286 380 tus
297 349 456 383 audiatur,
489 346 618 383 Ibidem
629 344 737 379 scribit
749 342 909 386 ipsos-effe
926 341 1045 383 perdite
1059 340 1114 382 fa-

235 397 340 435 c‘lionis
361 398 616 440 conventiculum,
643 403 802 429 catervam
824 393 901 424 male
919 391 975 432 fibi
995 388 1115 434 confi‘io·

235 460 306 486 rum
321 471 333 489 ‚
341 450 375 482 Θ·
388 451 483 485 Deum
495 458 596 490 rogare
606 455 639 478 ac
645 443 826 488 satisfacere
836 442 997 476 nolentium
1009 464 1020 481 ‚
1033 451 1112 484 quo-

237 507 311 532 rum
321 497 484 536 studiosus
495 505 634 533 conatus
643 496 679 528 sit
692 518 704 534 ,
730 503 766 526 ut
773 490 896 535 sublata
915 496 1092 532 poenitentia
1100 515 1110 530 ‚

238 559 292 581 nec
303 549 364 581 ulla
373 546 556 590 exomologefi
561 550 693 579 criminis
699 542 791 584 facia
804 567 814 582 ,
840 539 983 584 despec‘iis
995 543 1025 572 E
1023 539 1112 583 pisco-

235 604 287 638 pis
300 607 390 639 atque
400 598 520 629 calcatis
532 621 542 637 ‚
569 593 784 641 abPresbyteris
796 601 863 634 pax
874 591 976 624 verbis
991 590 1112 632 fallaci-

238 647 295 679 bus
308 648 486 687 praedicetur
496 669 517 686 ,⁷
534 648 567 680 (θ’
578 655 614 678 ne
623 642 701 685 lapsi
701 642 827 686 surgant
841 665 852 683 ‚
872 652 926 674 aut
940 639 1022 683 foris
1030 638 1113 680 posin

238 698 284 728 ad
292 695 451 739 Ecclesiam
471 692 616 734 redeant,
641 698 858 731 communicatio
881 702 938 723 non
959 695 1113 728 communi·

238 747 375 782 cantibus
389 747 528 788 offkratur
542 770 549 778 .
578 742 741 778 Eumdem
755 750 895 777 errorem
916 739 1054 781 exponit
1080 739 1112 772 ὃς

237 796 373 832 damnat
385 796 419 829 in
433 795 633 830 fermonede
653 792 765 835 lapsis:
794 788 921 831 Emerfit
938 800 1047 821 novum
1062 800 1111 832 ge·

237 855 296 882 otus
308 846 403 877 cladis
417 867 428 884 ,
454 845 487 876 ό·
497 842 583 886 quasi
584 851 695 883 parum
704 839 911 882 persecutionis
919 838 1048 879 procella
1053 838 1113 880 sae·

237 901 331 930 vierit
343 918 354 934 ‚
382 895 486 935 acteffit
498 893 541 926 ad
560 893 707 926 cumulum
722 887 778 933 sub
800 886 1006 931 misericordiae
1029 889 1112 920 titulo

237 946 348 980 malum
354 943 471 986 fallens
482 967 493 984 ,
518 945 556 980 ,(’ΐ
564 941 679 975 blanda
685 944 835 983 pernicies
849 964 857 975 ,
885 942 996 970 Contra
1004 940 1034 969 E
1037 949 1112 972 van·

232 996 305 1037 gelii
317 1001 470 1037 vigorem„
488 1003 590 1027 contra
606 995 727 1024 Domini
737 1000 771 1022 ac
785 992 842 1021 Dei
853 989 944 1032 legem
965 994 1111 1021 temerita-

237 1053 266 1075 te
274 1045 461 1085 quorundam,
468 1045 590 1077 laxatur
603 1047 730 1074 incautis
741 1044 963 1072 communicatio
979 1052 989 1072 .·
1017 1043 1112 1086 Irrita

238 1095 272 1127 (tt
285 1092 377 1135 falsa
387 1102 458 1136 pax
481 1118 491 1133 ‚
514 1089 674 1134 periculosa
696 1089 837 1123 dantibus
851 1112 861 1127 ‚
888 1090 922 1121 (θ’
944 1087 1020 1120 niba
1041 1092 1109 1124 acci-

233 1145 387 1185 pientibus
407 1143 591 1186 profutura.
622 1144 804 1174 Poenitenna
815 1139 853 1171 de
869 1137 1038 1179 pec‘loribus
1060 1147 1109 1169 ex-

235 1194 311 1235 cuffa
335 1193 373 1229 eli
397 1218 410 1234 ‚
445 1193 606 1238 graviffimi
633 1195 818 1231 extremique
846 1187 946 1220 delicis·
971 1191 1110 1220 memoria

231 1242 354 1285 sublata
373 1244 411 1283 ess
423 1262 442 1277 ‹,.
458 1241 562 1290 Qiod
586 1241 676 1284 lapfis
693 1241 771 1273 citra
792 1248 926 1277 omnem
942 1248 1064 1273 mosam
1075 1237 1107 1273 ἀ

236 1294 490 1339 satisfastioncm
526 1302 599 1325 ‘non
635 1300 767 1329 tantum,
801 1288 995 1321 communio
1019 1311 1030 1326 ,
1057 1287 1107 1318 sed

236 1343 335 1377 etiam
361 1342 569 1379 Eucharistia
586 1341 713 1373 daretur
725 1364 736 1379 ‚
752 1338 957 1374 lamentatur
969 1335 1108 1380 gravissi·

237 1392 333 1427 me&
344 1391 517 1426 multifarie
530 1415 540 1430 ‚
567 1401 663 1433 atque
675 1387 866 1422 concludit:
896 1391 967 1418 Non
979 1387 1106 1419 concedit
1126 1409 1129 1418 ,

232 1449 338 1483 pacem
351 1442 490 1484 facilitas
512 1441 564 1480 ista
576 1465 585 1480 ‚
607 1438 665 1482 sed
680 1440 755 1472 tollit
767 1461 774 1468 .
805 1441 868 1469 Nec
881 1441 1106 1468 communicatio-

1125 1366 1128 1374 ι

1176 238 1302 277 reditum
1315 238 1437 279 nostrum
1447 262 1461 286 ³.
1486 237 1658 282 anteipsum
1675 244 1747 281 pene
1767 247 1928 283 Martyrum
1947 242 2043 285 exces-

1171 288 1257 332 sum,
1281 295 1488 322 communicent
1501 299 1567 321 cum
1577 288 1662 329 lapfis
1676 313 1687 328 ,
1698 293 1746 329 ,(9
1757 292 1876 331 offerant
1889 319 1899 333 ‚
1925 295 1958 327 (θ’
1980 296 2042 325 Ειι-

1176 339 1343 382 charistiam
1351 339 1494 375 tradant„
1520 337 1628 386 Qod
1650 338 1753 386 ipsum
1765 341 1870 375 scribit
1881 344 1912 376 in
1924 343 1986 377 alia
1999 341 2041 376 ad

1178 391 1270 424 suum
1285 383 1577 431 ClerumEpistola
1588 411 1599 428 ,
1626 388 1660 421 in
1677 388 1822 431 Epistola
1833 389 1872 422 ad
1885 393 1974 426 suum
1986 404 2043 436 poi

1179 440 1290 483 pulum
1304 464 1316 480 ,
1343 440 1377 473 in
1388 438 1532 483 Epistola
1543 437 1583 472 ad
1595 437 1799 480 Martyres&
1813 438 2017 475 Confeffores
2031 465 2042 481 ,

1179 502 1215 524 ac
1230 490 1262 523 in
1278 491 1424 526 sermone
1438 489 1478 522 de
1490 489 1597 531 lapsis·
1626 486 1899 543 Additjtjusmodi
1912 489 2042 531 Presby-

1178 551 1264 587 teros
1277 542 1338 576 effe
1361 551 1441 579 non,
1456 538 1616 581 pastores,
1643 538 1696 572 sed
1719 539 1846 577 lanios,
1871 538 1905 572 &
1925 540 2046 583 gratifi-

1177 589 1283 624 cando
1295 590 1481 632 deceptores
1495 590 1676 622 animarum
1689 614 1695 620 .

1229 640 1296 674 Eos
1306 640 1414 686 arguit
1425 639 1465 673 de
1474 638 1576 678 tribus
1585 636 1759 672 excessibus
1769 663 1776 670 .
1797 636 1927 681 Primo,
1941 637 2046 686 Qud

1178 689 1582 732 idololatriaelapsum‘fine
1593 687 1685 721 omni
1709 688 1925 730 satisfastione
1944 688 2047 722 absol-

1178 751 1287 774 verent
1300 764 1310 779 ,
1336 750 1432 783 atque
1444 739 1488 773 ita
1503 737 1854 782 Evangelicam‘legem
1875 737 2046 773 manifeste

1177 790 1474 832 pravaricarentur.
1504 789 1639 822 Etenim
1656 787 1856 832 Evangelica
1875 788 1929 822 lex
1941 789 2046 825 sanxit

1176 839 1425 874 satisfactionem
1447 840 1508 874 eise
1518 838 1765 874 Sacramentalis
1776 836 1970 881 poenitentiae
1980 850 2048 882 par-

1174 899 1241 923 tem
1258 914 1268 930 ,
1294 891 1327 923 &
1348 889 1483 924 unicum
1508 884 1701 930 nummum,
1727 899 1794 931 quo
1813 884 2049 922 reconciliatio·

1176 940 1226 974 nis
1244 940 1382 983 gratiam
1403 939 1421 972 a
1433 939 1553 978 Divina
1566 939 1749 978 Clementia
1760 948 1955 974 emeremus.
1984 940 2049 984 Jus-

1173 989 1213 1026 fit
1225 990 1287 1023 esse
1302 1000 1475 1022 nummum
1484 989 1603 1032 justum
1617 1013 1628 1028 ,
1655 990 1723 1021 non
1739 990 1844 1022 rasum
1856 1012 1867 1028 ,
1895 1001 1960 1023 non
1971 989 2048 1022 scal·

1175 1050 1267 1081 ptum
1286 1063 1298 1079 ‚
1325 1050 1394 1075 non
1413 1040 1597 1078 adulterum
1626 1062 1633 1071 .
1666 1038 1794 1073 Diserte
1816 1039 1906 1072 enim
1928 1037 2047 1073 edicit:

1177 1094 1258 1132 Agite
1269 1088 1390 1132 frut‘lus
1399 1091 1499 1132 dignos
1508 1094 1712 1130 poenitentiae.
1743 1089 1919 1133 Eleganter
1938 1087 2049 1122 scribit

1175 1140 1208 1171 in
1236 1138 1319 1172 libro
1351 1138 1392 1172 de
1421 1139 1621 1178 Pinnitentia
1646 1137 1878 1181 Tertullianus
1899 1151 1906 1171 :
1946 1140 2050 1182 ‚Quam

1173 1196 1303 1229 ineptum
1315 1212 1327 1229 ‚
1353 1191 1444 1229 quam
1464 1194 1598 1229 iniquum
1611 1211 1630 1227 ‚>
1645 1194 1852 1228 paenitentiam
1875 1200 1933 1222 non
1955 1189 2051 1222 adim·
2068 1179 2147 1223 C³P·
2169 1179 2206 1209 6·

1172 1240 1248 1276 plere
1274 1262 1284 1277 ,
1310 1240 1344 1271 o·
1368 1242 1488 1276 veniam
1510 1238 1681 1273 delicvorum
1697 1236 1842 1280 sustinere
1862 1239 1879 1270 ἒ
1907 1245 1968 1275 Hoc
1988 1239 2026 1279 est
2039 1262 2051 1279 ,

1171 1293 1296 1328 pretium
1321 1300 1379 1320 non
1401 1287 1558 1329 exhibere,
1585 1288 1675 1328 &ad
1681 1298 1805 1330 mercem
1829 1298 1951 1320 manum
1966 1294 2054 1321 emit-

1172 1346 1232 1375 tere
1253 1361 1259 1369 .
1300 1343 1361 1373 Hoc
1381 1342 1461 1377 enim
1476 1342 1574 1379 pretio
1601 1341 1745 1370 Dominus
1762 1343 1892 1370 'veniam
1913 1335 2052 1372 addicere

1173 1387 1295 1424 instituit
1318 1411 1325 1425 2
1357 1395 1421 1421 l-iac
1440 1393 1630 1428 poenitentiae
1649 1385 1884 1430 compensatione
1908 1388 2052 1421 redimen-

1172 1438 1241 1476 dam
1260 1442 1399 1478 proponit
1408 1443 1637 1479 impunitatem.
1664 1439 1697 1470 Si
1708 1439 1775 1481 ergo
1788 1444 1841 1479 qui
1863 1440 2051 1480 venditant,

238 1502 307 1524 nem
329 1492 459 1531 tribuit,
480 1489 539 1534 sed
549 1490 675 1531 impedit
697 1489 742 1520 ad
756 1484 893 1529 solatium
914 1510 921 1517 .
951 1470 1129 1527 Per-secutio³
1168 1489 1253 1527 prius
1271 1498 1444 1525 nummum,
1471 1499 1527 1529 quo
1541 1486 1755 1533 paciscuntur,
1786 1494 1987 1528 examinant,
2015 1501 2054 1523 ne

235 1541 275 1580 est
297 1540 360 1574 baec
381 1541 465 1582 alia,
493 1541 526 1574 Θ·
547 1541 609 1572 alia
635 1543 760 1572 tentatio
774 1560 784 1575 ,
808 1545 863 1577 per
893 1546 980 1578 quam
990 1534 1107 1577 subtilis
1128 1561 1131 1580 ,
1165 1535 1317 1579 scalptus,
1346 1548 1383 1574 ne
1401 1535 1508 1580 rasus,
1537 1548 1574 1569 ne
1600 1533 1718 1575 adulter
1732 1556 1747 1578 ·‚
1771 1543 1863 1570 etiam
1891 1540 2051 1572 Dominum

234 1597 371 1634 inimicus
386 1590 597 1636 impugnandis
619 1588 715 1621 adbuc
724 1585 811 1628 lapsis
823 1587 933 1623 occulta
938 1585 1094 1626 populatio
1128 1603 1132 1630 3

235 1640 441 1684 ne=grafflitur
454 1663 466 1681 ‚
487 1649 524 1672 ut
543 1641 717 1672 lamentatio
741 1633 946 1677 conquiescat,
971 1636 1005 1668 (a
1030 1636 1109 1667 dolor

1169 1587 1314 1620 credimus
1331 1592 1522 1628 poeniteutiae
1542 1586 1749 1629 probationem
1754 1588 1842 1629 ptius
1858 1593 1956 1628 inire,
1983 1597 2053 1621 taa-

1169 1645 1233 1668 tam
1249 1636 1329 1669 nobis
1353 1647 1493 1677 met-cern,
1515 1643 1655 1678 perennis
1673 1636 1790 1680 scilicet
1817 1643 1917 1678 vim,
1943 1637 2054 1681 conces-

228 1689 339 1732 fistals
364 1698 398 1724 ut
418 1686 515 1724 delicit
538 1694 676 1722 memoria
689 1683 867 1727 evanescat,
893 1692 926 1717 ut
937 1690 1107 1724 comprima·-
1128 1684 1132 1722 ἶ
1158 1684 1267 1734 Δ[ὶινιυνι
1279 1709 1286 1716 .
1313 1686 1392 1719 Hoc
1404 1687 1448 1719 est
1461 1709 1472 1725 ‚
1485 1686 1622 1729 gratiam
1635 1686 1893 1729 justificationis.
1921 1687 1972 1721 Ex
1987 1687 2051 1722 hoc

234 1748 287 1773 tur
305 1748 492 1783 peccatorum
506 1744 634 1782 gemitus
646 1761 655 1776 ,
675 1735 831 1775 statuatur
839 1732 927 1774 fletus
941 1734 1109 1774 oculorum,

236 1801 289 1823 nec
309 1787 470 1824 Dominum
484 1794 622 1832 graviter
642 1783 780 1827 offensum
796 1785 881 1827 longa
901 1785 934 1817 (τ
949 1784 1042 1825 plena
1048 1791 1108 1824 pce-

234 1846 366 1873 nitentia
386 1841 572 1882 deprecetur.
600 1837 682 1883 Qae
694 1835 806 1879 omnia
818 1845 880 1868 con
888 1834 992 1868 firmat
1007 1832 1105 1867 etiam

232 1889 271 1923 in
291 1889 365 1922 aliis
381 1887 552 1931 Epistolis.
1033 1916 1035 1918 .

283 1939 452 1973 innumera
469 1947 546 1971 tunc
558 1936 719 1980 lapsorum
732 1933 910 1969 multitudo
933 1931 1105 1968 anhelabat

231 1989 273 2023 ad
287 2000 398 2032 pacem
413 2013 420 2020 .
446 1985 551 2022 Porro
563 1986 714 2020 Romana
726 1984 878 2029 Syncdus
889 1982 973 2016 hanc
986 1984 1018 2016 in
1035 1983 1106 2017 solo

232 2040 349 2072 mortis
359 2048 508 2072 extremo
519 2035 667 2079 periculo
680 2035 747 2068 dari
763 2044 949 2077 praeceperat
964 2047 975 2065 .-
1002 2033 1044 2066 Et
1059 2035 1106 2067 so-

236 2089 275 2120 lis
287 2089 350 2121 illis
362 2111 373 2127 ,
399 2088 453 2130 qui
469 2087 577 2120 statim
588 2085 606 2118 ὲ
620 2085 707 2127 lapsu
719 2092 852 2127 egerant
875 2083 987 2115 seriam
1007 2083 1104 2124 poeni-

232 2137 370 2172 tentiam
391 2159 398 2168 .
435 2137 477 2170 Et
502 2136 636 2170 Sanetus
663 2133 851 2176 Cyprianus
876 2131 1105 2175 religioliffime

230 2186 422 2222 observabat
442 2187 617 2219 Decretum
643 2208 650 2215 .
687 2182 778 2216 Hinc
798 2180 999 2214 schismatica
1021 2182 1102 2215 Feli-

229 2237 345 2271 riffimi
368 2237 401 2269 &
424 2234 549 2268 Novati
571 2234 690 2272 faffio,
716 2243 783 2274 quo
803 2229 1049 2265 multitudinem
1062 2230 1102 2264 ad

230 2289 263 2321 se
284 2285 464 2326 traherent,
494 2294 590 2326 atque
601 2284 644 2317 ita
656 2281 860 2325 Cyprianum
872 2282 1013 2315 facerent
1027 2281 1101 2324 Epi·

219 2338 366 2380 scopum
389 2336 454 2368 fine
476 2334 621 2378 populo,
646 2330 801 2366 omnibus
821 2331 999 2375 generatim
1013 2330 1104 2374 lapsis

230 2386 389 2420 dederunt
412 2394 522 2428 pacem
543 2394 580 2417 ac
603 2383 730 2426 plenam
754 2379 1020 2425 Indulgentiam:
1046 2380 1102 2414 Ci-

229 2437 278 2469 tra
299 2445 435 2469 omnem
455 2433 704 2468 satisfactionem
728 2432 862 2465 cunstos
883 2431 985 2473 lapsos
997 2431 1101 2465 Sacra-

228 2484 693 2519 mentaliterreconciliarunt.
718 2480 1004 2520 Praesertimillos‚
1032 2481 1101 2524 qui-

231 2536 290 2570 bus
313 2534 471 2579 supplices
491 2522 677 2576 Martyrum
704 2530 808 2565 libelli
829 2530 1097 2573 suffragabantur.

231 2586 326 2619 Hinc
347 2586 380 2619 in
403 2583 519 2618 litteris
537 2583 576 2616 ad
599 2583 689 2616 suum
711 2581 845 2615 Clerum
866 2580 943 2614 exul
965 2579 1100 2622 Cypria-

229 2648 292 2671 nus
311 2635 447 2669 affirmat
467 2633 564 2666 etiam
591 2632 624 2665 in
646 2629 827 2664 minoribus
850 2630 990 2673 peccatis
1014 2629 1099 2664 satis-

230 2687 406 2721 factionem
429 2681 682 2726 praemittendam
706 2679 932 2719 absolutioni,
957 2678 1099 2714 istiusfa-

229 2736 348 2770 {tionis
360 2760 370 2775 ,
397 2745 468 2778 quae
487 2733 552 2766 sine
563 2731 654 2765 omni
666 2730 879 2764 satisfac'tione
890 2740 958 2762 non
969 2728 1097 2764 tanturn

228 2785 470 2820 absolutionem
508 2782 542 2816 δε
582 2780 832 2815 Confistentiarn
863 2801 873 2817 ,
909 2777 960 2812 sed
999 2779 1097 2814 etiam

228 2835 468 2870 Perfedhonem
480 2833 513 2867 &
526 2830 760 2866 Eucharistiam
781 2829 878 2863 dabat
890 2852 901 2867 ‚
928 2829 1096 2864 audaciam

228 2885 308 2920 dure
321 2895 433 2922 notat,
458 2893 554 2925 atque
567 2880 763 2925 prosequitur
774 2893 784 2912 .·
812 2882 977 2920 Exponam
991 2881 1096 2913 deinde

229 2937 359 2968 in'vidiae
370 2935 465 2967 beatos
477 2936 620 2970 Martyres
633 2955 644 2971 ‚
669 2932 702 2963 (et
711 2927 849 2973 gloriosos
865 2933 986 2961 Domini
992 2927 1094 2971 servos

228 2996 296 3019 cum
308 2988 363 3017 Dei
373 2983 522 3016 sacerdote
534 2986 718 3015 committunt
733 3004 741 3019 ,
753 2989 785 3012 ut
796 2980 860 3012 cum
871 2979 915 3011 illi
929 3005 935 3017 ,
956 2989 1092 3013 memores

228 3033 401 3077 locinoflri,
427 3032 470 3065 ad
488 3042 533 3064 me
555 3032 671 3065 litteras
693 3031 878 3067 direxerint,
903 3030 936 3062 ὼ·
952 3035 1094 3070 petierint

228 3094 298 3118 tunc
308 3082 448 3126 defideria
453 3079 510 3124 sua
519 3085 687 3114 examinari
698 3103 708 3118 ,
736 3081 769 3114 (5
775 3087 879 3120 pacem
888 3079 956 3111 dari
965 3102 976 3118 ,
1002 3090 1094 3121 quan-

226 3136 264 3167 do
285 3132 350 3177 ipsa
368 3138 436 3165 ante
452 3134 549 3163 Mater
572 3129 665 3170 nostra
676 3127 804 3171 Ecclesia
820 3131 927 3162 Pacem
936 3129 973 3161 de
984 3127 1093 3171 miseri-

225 3186 325 3219 cordia
338 3186 455 3215 Domini
468 3185 551 3222 prior
559 3177 714 3222 sumpserit
725 3202 736 3219 ,
761 3180 795 3213 ἀν
816 3191 865 3212 nos
877 3180 992 3211 Divina
998 3186 1094 3220 prote.

224 3235 282 3268 Hio
293 3234 410 3268 reduces
419 3232 463 3263 ad
473 3227 828 3271 Ecclefiamsuamfecerit
842 3253 851 3268 ,
873 3228 904 3260 hi
922 3225 1036 3270 sublato
1047 3228 1094 3261 bo-

223 3295 314 3326 nore,
338 3293 423 3327 quem
435 3279 514 3313 nobis
527 3279 606 3313 beati
630 3281 772 3317 Martyres
794 3290 858 3311 cum
882 3277 1099 3323 Confhfforibus·

219 3332 348 3376 servant
361 3359 371 3374 ‚
399 3338 562 3372 contempta
590 3328 710 3361 Domini
737 3328 797 3370 lege
821 3330 853 3361 (ν
873 3326 1093 3370 observatione,

221 3394 314 3424 qua-m
325 3385 418 3418 eidem
431 3384 573 3419 Martyres
585 3381 619 3414 (tt
632 3376 809 3421 Confeffires
830 3379 991 3412 tenendam
1010 3391 1092 3413 man-

1169 1736 1258 1770 enim
1281 1734 1443 1779 principio
1465 1735 1630 1778 primitiva
1653 1735 1797 1776 Ecclefia
1817 1748 1885 1770 non
1908 1746 2053 1771 tantum-

1169 1783 1271 1821 modo
1297 1794 1374 1819 ante
1401 1784 1703 1823 reconciliationem
1724 1810 1735 1825 ,
1776 1785 1829 1819 sed
1850 1785 1949 1821 etiam
1975 1798 2052 1821 ante

1169 1834 1371 1878 Baptismum
1389 1835 1560 1876 exquisivit
1571 1835 1691 1880 dignos
1702 1835 1822 1877 studius
1830 1836 2029 1879 poenitentiae
2041 1862 2050 1869 .

1169 1886 1300 1923 Divinae¹
1321 1884 1451 1929 justitias
1471 1885 1589 1918 restans
1612 1896 1670 1927 pro
1689 1886 1828 1928 peccatis
1854 1886 2048 1930 poenitentia

1167 1932 1357 1977 quibusdam
1382 1935 1416 1968 in
1438 1935 1560 1969 casibus
1580 1935 1688 1978 potuit
1711 1935 1853 1981 mitigari
1877 1938 2045 1971 autetiam

1168 1985 1261 2028 plene
1279 1984 1425 2024 remitti,
1455 1994 1551 2029 atque
1563 1986 1606 2019 ita
1629 1983 1668 2019 ad
1682 1985 1827 2027 aliquam
1838 1986 1907 2029 ejus
1919 1988 2045 2030 portio-

1167 2046 1239 2069 nem
1261 2036 1418 2077 impartiri
1440 2034 1603 2070 absolutio
1634 2048 1641 2068 :
1675 2035 1801 2069 Verum
1825 2046 1894 2071 non
1914 2037 1978 2071 nisi
1999 2049 2041 2072 ex

1162 2084 1352 2128 gravissimis
1372 2085 1551 2119 rationibus
1571 2108 1577 2115 -
1610 2085 1654 2130 Et
1677 2083 1756 2119 binc
1769 2086 1948 2120 factionem
1974 2089 2040 2131 Cy-

1162 2133 1291 2176 prianus
1314 2134 1445 2178 arguit,
1473 2133 1561 2176 quod
1582 2134 1693 2176 passim
1716 2135 1839 2168 cunstis
1860 2159 1871 2177 ‚
1897 2135 1931 2168 &
1956 2139 2039 2172 citra

1158 2184 1286 2216 causam
1309 2193 1436 2217 tantum
1460 2195 1579 2218 munus
1601 2183 1839 2237 impagiretur.

1207 2232 1360 2267 Secundo
1382 2235 1510 2278 arguit,
1538 2232 1625 2276 quod
1645 2234 1822 2268 etiamfine
1835 2235 1990 2279 potestate
2004 2237 2037 2271 id

1157 2293 1330 2317 attentaret
1352 2295 1359 2314 ε
1397 2281 1485 2326 quod
1510 2283 1541 2316 id
1564 2292 1670 2327 ageret
1705 2295 1773 2318 non
1801 2286 2035 2321 tantummodo

1158 2345 1212 2376 per
1225 2333 1400 2376 Episcopos
1413 2358 1423 2373 ,
1450 2333 1502 2367 sed
1513 2334 1613 2366 etiam
1628 2344 1682 2376 per
1693 2333 1901 2378 presbyteros
1912 2362 1919 2368 .
1943 2336 2035 2371 Hinc

1159 2382 1267 2417 scribit
1301 2383 1341 2417 ad
1371 2384 1443 2416 suos
1468 2382 1679 2424 presbyteros
1712 2394 1811 2428 atque
1837 2387 2033 2421 Diaconos:

1158 2434 1252 2475 ,Quod
1273 2445 1329 2466 non
1353 2433 1516 2474 periculum
1542 2443 1669 2466 metuere
1697 2433 1836 2468 debemus
1859 2438 1897 2470 de
1922 2436 2034 2480 offensa
2056 2442 2100 2476 Ep.
2128 2452 2170 2472 ιο.

1165 2486 1301 2523 Domini,
1328 2485 1446 2524 quando
1464 2484 1558 2525 aliqui
1579 2484 1616 2517 de
1637 2484 1840 2525 Presbyteris‚
1867 2497 1918 2519 nec
1926 2490 2033 2520 Evan-

1154 2534 1224 2575 gelii
1247 2544 1299 2566 nec
1319 2534 1371 2566 Ioci
1386 2532 1435 2575 sui
1457 2544 1597 2566 memores
1609 2558 1619 2574 ,
1641 2531 1702 2575 sed-
1719 2546 1811 2576 neque
1820 2534 1961 2575 futurum
1975 2540 2032 2569 Do-

1160 2589 1232 2614 mini
1250 2583 1418 2623 judicium‚
1445 2593 1538 2624 neque
1558 2594 1634 2616 nunc
1645 2581 1701 2623 fibi
1717 2584 1903 2626 praepofitum
1913 2585 2031 2629 Episco-

1154 2641 1227 2674 pum
1248 2638 1406 2674 cogitantes
1429 2655 1439 2671 ‚
1476 2632 1556 2674 quod
1574 2644 1727 2674 nunquam
1750 2637 1866 2668 omnino
1887 2634 1945 2679 fieb
1971 2642 2031 2670 Aa·

1157 2682 1330 2724 iecessoribus
1353 2681 1454 2722 nostris
1469 2681 1591 2723 salium
1612 2682 1649 2720 est
1669 2705 1679 2720 ,
1712 2693 1778 2716 cum
1796 2687 1969 2719 contumelia
1994 2689 2029 2720 (tt

1155 2740 1317 2773 contemptu
1340 2731 1491 2773 Praepofiti
1514 2739 1606 2765 totum
1623 2731 1678 2772 fibi
1699 2735 1936 2769 vindicent.'1n
1951 2736 2029 2779 Epi-

1157 2782 1234 2814 stola
1247 2782 1286 2815 ad
1300 2782 1462 2824 Martyres
1488 2781 1521 2814 ὅ(
1542 2781 1747 2816 confessores
1769 2784 1877 2819 scribit
1895 2785 1936 2819 ab
1961 2786 2027 2820 istis

1155 2831 1353 2874 presbyteris
1364 2842 1414 2864 nec
1426 2835 1483 2864 Dei
1492 2835 1622 2864 timorem
1632 2854 1642 2869 ,
1668 2843 1720 2866 nec
1733 2833 1873 2877 Episcopi
1894 2834 2027 2869 bonorem

1153 2887 1275 2928 cogitari
1292 2906 1298 2913 .
1327 2881 1363 2913 ln
1378 2880 1522 2923 Epistola
1535 2881 1576 2916 ad
1590 2882 1681 2914 suum
1707 2885 1863 2925 populum
1883 2887 2026 2926 queritur
2045 2897 2095 2934 Ep,
2120 2906 2165 2928 Π,

1154 2933 1250 2966 abeis
1259 2941 1308 2964 nec
1320 2933 1339 2964 5
1341 2932 1478 2964 acerdotii
1500 2942 1550 2964 nec
1571 2931 1733 2966 Casbedrae
1753 2932 1886 2967 honorem
1908 2933 2026 2977 Episco-

1150 2991 1188 3024 po
1207 2981 1374 3025 reservari:
1403 2980 1441 3014 ln
1460 2980 1605 3024 Epistola
1626 2981 1666 3015 ad
1685 2983 1788 3025 lapsos
1815 2985 1952 3019 affirmat
1965 2985 2025 3018 Ec-

1153 3033 1251 3066 clesiae
1271 3032 1376 3065 claves
1396 3030 1413 3063 a
1436 3032 1588 3065 Domino
1605 3033 1667 3066 effe
1684 3030 1774 3066 datas
1795 3034 1869 3067 solis
1896 3033 2024 3077 Episco-

1153 3085 1200 3126 pis
1212 3107 1222 3123 ‚
1247 3083 1280 3116 &
1303 3081 1392 3116 hunc
1414 3081 1476 3115 csse
1496 3081 1637 3124 ipsorum
1649 3093 1690 3115 ex
1703 3082 1826 3116 Divina
1837 3083 1909 3126 lege
1921 3083 2025 3117 hono-

1153 3144 1239 3165 rem.
1270 3132 1307 3164 In
1329 3132 1392 3165 alia
1416 3130 1456 3164 ad
1480 3132 1570 3164 suum
1594 3132 1726 3165 Clerum
1749 3132 1893 3174 Epistola
1904 3133 2021 3175 Gajum
2046 3128 2094 3165 ΕΡ·
2119 3137 2165 3162 27·

1152 3182 1324 3216 Diddenfis
1353 3181 1498 3215 Ecclefiae
1521 3179 1744 3214 Parochialem
1773 3181 2023 3224 Presbyterum,

1150 3233 1238 3275 quod
1259 3231 1350 3274 lapsis
1371 3241 1480 3273 pacem
1493 3230 1567 3264 dare
1579 3230 1760 3264 attentasset
1774 3256 1783 3271 ,
1810 3233 1915 3276 arguit
1927 3231 2024 3266 duris·

1152 3281 1246 3323 fime3
1275 3284 1348 3315 suos
1368 3280 1580 3321 presbyteros
1602 3291 1638 3313 ac
1659 3279 1852 3321 Diaconos,
1879 3283 1970 3324 quod
1983 3282 2023 3317 ab

1152 3333 1219 3375 ejus
1241 3333 1271 3365 se
1283 3331 1520 3366 communione
1533 3329 1720 3372 separassent
1733 3354 1743 3369 ,
1771 3331 1948 3373 plurimum
1960 3334 2025 3367 lau·

1153 3382 1232 3425 dat3
1259 3383 1292 3417 δε
1314 3391 1426 3417 omnes
1445 3378 1651 3422 Presbyteros
1664 3404 1675 3421 ,
1700 3380 1758 3424 qui
1783 3380 1932 3425 deinceps
1943 3384 2025 3417 fimi·
2047 3374 2095 3410 v'3P·
2118 3376 2165 3403 ²3·

1911 3431 1974 3465 lem

2061 418 2110 462 Ep.
2134 419 2181 451 14.>

2062 460 2111 494 ΕΡ.
2134 466 2180 486 12.

2047 3016 2094 3050 Ep.
2123 3023 2168 3043 ιτ..
