2372 3756
96 273 149 312 ΕΡ·
177 280 218 308 13.

96 504 147 540 Ep.
172 512 216 539 19.

477 75 490 95 X

653 124 950 154 senmurum
986 108 1294 152 Romnum
1332 108 1719 155 Concrtruir2

270 198 315 233 *ad
343 196 574 231 Constantium
603 194 801 237 Episcopum
827 192 866 225 de
881 202 1014 225 vacante
1026 191 1065 224 ad
1078 190 1159 224 Co.-

274 249 356 283 nelii
369 249 477 281 forum
492 246 634 280 Ecclefia
660 243 771 277 scribit
790 243 922 276 Sanetus
944 241 1156 275 Ambrosius:

271 299 456 331 Commendo
467 297 523 330 tibi
547 293 703 336 Ecclefiam
717 319 726 334 ‚
752 305 819 335 quae
843 292 880 330 esl
900 293 944 324 ad
957 291 1062 333 forum
1087 295 1157 323 Cor·
1186 305 1188 307 >

276 349 349 382 neltt
364 373 374 388 ,
402 360 458 390 quo
469 359 535 381 eam
545 347 582 379 de
601 349 742 386 proximo
757 340 925 383 intervisas
940 342 1131 383 frequentius
1141 366 1151 381 ‚

273 400 365 432 donec
373 404 401 431 et·
417 393 762 437 ordinetur-*Episcopun
791 399 960 433 occupatus
982 391 1087 425 diebus
1111 396 1153 423 in-

270 448 447 493 gruentibus
475 443 718 491 ,Quadragefimae
739 466 750 482 ‚
775 451 842 475 tam>
863 443 947 485 longe·
970 452 1027 474 non
1044 442 1153 484 possum

271 510 433 532 excurrere
457 522 464 529 .
492 497 657 530 Adfirmat
677 504 812 527 ornnem
837 491 980 524 vacantis
1006 492 1153 525 Ecclefiae

271 560 388 582 curam
414 548 454 580 ad
475 544 725 588 Metropolitam
746 543 919 585 respicere,
944 542 978 575 ὅ(
1000 541 1153 574 Visitato-

273 610 342 632 rem
353 598 418 631 esse
428 597 597 631 dumtaxat
610 592 709 636 hujus·
729 592 814 635 quasi
836 590 1025 624 vicarium.
1054 591 1151 624 Pede·

268 649 395 682 tentim
413 658 524 682 tamen
542 645 720 679 decrestere
742 642 843 684 coepit
860 640 1150 683 Metropolitarum

272 699 416 743 potestas
434 723 445 738 ,
472 705 701 739 coeperuntque
722 692 915 726 Vifitatores
939 691 979 724 ad
1002 690 1085 724 solas
1101 702 1151 724 va-

266 748 379 782 -cantis
391 747 538 781 Ecclesia
549 755 657 788 preces
666 745 770 776 facere
792 742 904 775 omnia
918 764 928 780 ‚
954 741 1056 774 etiam
1078 739 1148 773 Cle·

267 798 359 831 -aicos
368 795 534 830 ordinare.
562 794 612 827 Ita
626 792 815 826 Roffensem
826 791 1026 833 Episcopum
1047 790 1087 823 ad
1115 790 1150 823 in

272 856 410 880 vacante
436 843 718 878 Cantuarienfium
745 840 928 883 Metropoli
962 840 1147 874 faciendum

267 898 389 930 ‘omnia
407 920 418 936 ,
457 906 524 928 non
563 891 909 934 comprovincialium.
932 890 1147 930 audioritate‚

273 947 327 980 sed
351 942 667 980 soliusCathedralis
680 939 873 974 Monasterii
889 940 1027 973 invitatu
1043 942 1146 984 eguis-

267 999 305 1030 se
317 1022 328 1037 ,
352 996 441 1039 supra
457 993 648 1028 nobisdixit
665 992 833 1024 Gervasius
845 990 988 1032 ejusdem
1001 990 1146 1023 Ecclefiae

271 1044 491 1089 Monachum,
510 1043 633 1077 Eadem
655 1043 779 1075 ratione
801 1040 952 1074 videntur
974 1041 1008 1073 in
1036 1040 1145 1073 Gallia

264 1094 511 1139 chorepiscopi>
523 1091 715 1127 vacantibus
725 1091 877 1125 Ecclefiis
894 1090 1041 1124 Clericos
1061 1089 1146 1123 ordi-

269 1147 373 1179 nasse.
404 1144 578 1191 Qiidquid
590 1142 649 1182 fit,
675 1142 733 1175 ista
756 1140 909 1174 libertate·
927 1140 996 1183 post
1019 1140 1144 1182 lapsum

265 1196 452 1229 vacationis
464 1205 586 1228 annum
598 1192 742 1237 gaudent
753 1191 932 1224 etiamnum
958 1188 1055 1223 hodie
1078 1201 1146 1223 om.

266 1247 325 1279 nia
337 1245 489 1288 Capi-[wia
500 1242 706 1277 Cathedralia
720 1266 726 1273 .

312 1296 446 1341 ·Qarta
458 1293 588 1336 quaestio
601 1292 665 1332 est,
693 1293 776 1338 Qae
794 1291 890 1325 fuerit
903 1290 1063 1324 ordinaria
1085 1289 1141 1322 Vi-

264 1344 406 1378 sxtazor'rs
417 1344 577 1387 potestas?
599 1343 669 1376 Res
668 1341 795 1384 pendeo
807 1341 898 1374 fuisse
913 1342 1050 1374 variam.
1078 1338 1143 1372 Pri-

264 1403 321 1429 ma
331 1395 414 1428 olim
426 1395 488 1427 fuit
500 1393 827 1434 sepelire-defunstum
841 1391 1036 1432 Episcopum
1047 1413 1054 1420 .
1077 1389 1143 1423 Lu-

268 1455 321 1478 cet
343 1456 383 1477 ex
406 1443 587 1478 Valentina
609 1442 834 1483 Hispanorum
856 1439 993 1480 Synodo
1018 1453 1029 1471 :
1055 1440 1141 1481 ,Quia

264 1493 522 1538 faepdsandlorum
533 1490 721 1530 antistitum,
742 1499 800 1531 per
810 1488 974 1532 absentiam
991 1493 1141 1520 Commen-

266 1545 381 1576 datoris
395 1540 555 1584 Episcopi,
581 1546 714 1582 exequiae
727 1539 905 1580 diffiruntur
915 1563 925 1580 ,
950 1544 996 1571 ita
1007 1547 1040 1571 ut
1052 1549 1139 1572 vene-

264 1594 370 1627 randa
381 1592 532 1634 Pontificis
545 1590 676 1623 membra
688 1614 699 1630 ,
724 1591 797 1622 dum
809 1590 924 1622 tardlus
931 1589 1120 1631 funerantur
1129 1611 1140 1627 ,

264 1645 390 1684 injuriae
403 1644 520 1674 omnino
525 1639 698 1683 subiaceant
710 1663 720 1678 ,
749 1639 910 1681 Episcopus
920 1644 971 1680 qut
983 1638 1043 1679 post
1066 1650 1139 1670 mor-

262 1691 446 1734 tem-fratris
457 1690 701 1734 adsepeliendum
713 1700 779 1721 eum
786 1688 860 1731 solet
871 1694 1023 1721 invitatus
1048 1698 1136 1719 occur-

265 1755 350 1782 rere,
377 1742 527 1785 infirmum
541 1746 638 1784 mugit
659 1764 670 1779 ,
707 1741 746 1772 Θ·
760 1738 858 1772 adbuc
880 1744 912 1770 in
930 1746 1045 1779 corpore
1063 1737 1139 1780 pofi-v

263 1801 355 1832 eum,
380 1793 549 1824 admonitus
577 1789 694 1831 visitare
717 1800 775 1822 non
793 1788 914 1829 differat
928 1813 938 1828 ,
963 1798 997 1820 ut
1022 1796 1073 1820 aut
1099 1790 1136 1821 de

261 1843 442 1876 relevatione
454 1839 677 1883 consacerdotis
689 1840 816 1881 amplius
824 1841 959 1882 gaudeat
970 1861 980 1876 ‚
1005 1848 1057 1870 aut
1077 1849 1136 1871 cer·

257 1894 297 1927 ee
321 1893 364 1925 de·
392 1893 576 1924 ordinatione
595 1891 698 1922 domus
716 1887 782 1931 suae
797 1889 932 1931 fratrem
954 1889 1112 1922 admoneat
1125 1912 1135 1927 ‚

149 1935 152 1943 ί
171 1932 174 1935 ¹
203 1946 205 1949 “
255 1941 379 1986 ejusque
385 1940 568 1983 probabilem
580 1941 762 1974 voluntatem
772 1944 804 1972 in
826 1939 959 1980 effec‘lum
979 1937 1135 1982 transmit-

77 2820 147 2849 Can.
168 2830 200 2855 4.

258 2001 339 2033 ταῖς
357 2003 392 2025 ac
403 1993 582 2025 recedentem
594 1993 613 2023 ἃ
629 1989 739 2033 saeculo
753 2014 763 2030 ,
780 1991 841 2031 post
862 1990 995 2024 oblatum
1016 1996 1049 2022 in
1070 1991 1134 2031 ejus.

260 2043 506 2076 commendatione
512 2039 682 2083 sacrificum
694 2042 775 2078 Deo,
798 2051 867 2072 mox
887 2038 1051 2081 sepulturae
1072 2049 1134 2071 tra-

261 2093 320 2124 dat
331 2092 559 2134 diligenttffime‘,
585 2092 619 2123 (θ’
636 2088 773 2133 superius
794 2089 956 2129 Constituto
979 2093 1134 2122 canonica

260 2152 323 2174 oron
335 2140 644 2182 differatadimplere.
672 2142 704 2172 si
724 2149 822 2172 autem
835 2163 846 2179 ,
871 2148 903 2171 ut
920 2138 987 2180 fieri
1010 2138 1107 2181 assolet-
1119 2163 1130 2179 ‚

261 2190 393 2233 Antistes
405 2190 481 2223 obitu
492 2196 643 2231 repentino
661 2190 800 2231 decesserit
810 2212 821 2228 ‚
846 2191 884 2222 er·
901 2200 966 2222 cum
983 2189 1132 2222 limitanei

260 2242 434 2274 sacerdotes
455 2240 493 2273 de
512 2240 670 2284 longinquo
695 2240 816 2272 minime
842 2240 936 2281 adeffe
958 2245 1129 2279 potuerint,

257 2302 319 2324 una
336 2291 383 2323 die
402 2291 521 2324 tant-um
543 2299 607 2322 cum
626 2288 706 2322 nolle
716 2296 922 2321 exanimatum
932 2287 1127 2332 corpusculum

259 2341 428 2373 sacerdotis
450 2348 570 2372 maneat
589 2364 600 2380 ‚
628 2349 684 2371 non
700 2338 762 2380 fine
780 2339 919 2380 fratrum
945 2350 980 2372 ac
1006 2341 1129 2383 Religio-

253 2389 356 2434 sorum
370 2390 565 2432 frequentia,
591 2399 624 2423 ut
642 2386 833 2432 psallentium
859 2389 1046 2422 excubatione
1067 2388 1128 2432 ser-

257 2450 390 2479 vatum,
417 2441 438 2472 ἃ
466 2439 645 2478 Presbyteris
666 2450 732 2472 cum
753 2444 831 2472 omni
853 2440 1011 2483 diligentia
1033 2445 1066 2472 in
1091 2441 1128 2472 lo·

255 2492 324 2523 culo
335 2491 482 2523 conditum
489 2487 604 2531 seorfim
615 2514 625 2530 ,
651 2500 709 2521 non
711 2488 816 2528 statim
828 2489 983 2530 humetur,
1005 2487 1064 2532 sed
1080 2489 1127 2522 ho-

257 2540 377 2581 norifice
388 2540 597 2573 commendetur
609 2561 620 2579 ,
648 2540 735 2572 donec
749 2539 813 2580 fine
829 2550 908 2572 mora
926 2544 1059 2573 invitato
1075 2551 1126 2573 un-

255 2591 415 2632 decumque
438 2588 577 2630 Pontifice
598 2611 610 2629 ,
647 2588 686 2620 ab
711 2588 774 2630 ipso
793 2613 803 2629 ,
830 2598 864 2622 ut
886 2590 1019 2622 condecet
1037 2613 1048 2629 ,
1081 2588 1126 2632 so-

255 2641 395 2674 lemniter
414 2640 594 2679 tumuletur,
621 2639 656 2671 Θ
674 2647 709 2670 ut
728 2640 849 2678 injuriae
867 2640 987 2672 tollatur
1008 2639 1104 2680 occasio
1116 2665 1126 2680 ,

254 2692 293 2722 δ’
315 2701 375 2722 mos
398 2695 542 2732 antiquus
567 2694 599 2720 tn
615 2685 795 2730 sepeliendis
815 2687 1015 2721 Sacerdotibus
1037 2687 1126 2731 obser-

251 2748 359 2773 vetur.
389 2740 590 2774 Defunflum
604 2736 800 2781 Episcopum
813 2737 854 2771 ab
877 2738 1023 2772 Ecclefiae
1047 2738 1127 2773 Visi-

247 2800 359 2823 tatore
375 2790 426 2823 seu
441 2786 720 2823 Commendatore
734 2788 898 2831 Episcopo
911 2787 1017 2822 lucide
1034 2788 1126 2823 adfir-

246 2839 517 2874 matolimfuisse
538 2837 714 2881 sepultum.
742 2836 868 2871 Verum
896 2836 986 2882 quod
1011 2837 1125 2874 Vifita-

251 2891 333 2924 totis
352 2889 535 2934 designatio
561 2890 677 2931 spestet
703 2886 743 2921 ad
764 2888 864 2931 longe
875 2889 1124 2932 quandoquedi·

246 2937 392 2974 &stantem
420 2938 669 2983 Metropolitam
681 2962 691 2979 ,
719 2938 912 2980 Episcopale
924 2936 1056 2972 cadaver
1066 2939 1124 2974 du—

250 2988 333 3022 dum
362 2988 498 3022 subinde
525 2987 676 3022 manebat
702 2987 904 3030 insepultum
925 3012 935 3028 ,
971 2988 1005 3021 δε
1040 2999 1124 3032 pate-

251 3038 311 3072 bat
338 3037 461 3080 injuriis
485 3050 491 3069 :
519 3037 611 3072 Hinc
637 3037 789 3081 Synodus
816 3037 907 3071 addit
933 3037 1124 3080 inductum,

250 3097 290 3121 ut
312 3087 384 3131 quis
405 3086 542 3121 vicinior
562 3088 743 3131 Episcopus
764 3087 805 3121 ad
831 3087 916 3121 istud
938 3088 1066 3130 pietatis
1076 3091 1124 3124 of-

249 3138 364 3173 ficium
402 3136 420 3169 a
446 3136 602 3180 Capitulo
629 3137 820 3171 invitaretur
844 3162 851 3170 .
889 3137 1122 3174 Invitationem

244 3185 336 3221 hanc
363 3186 473 3221 suadet
499 3196 574 3220 ante
600 3196 739 3220 mortem
766 3188 834 3221 fieri
856 3212 866 3228 ‚
904 3197 940 3220 ut
967 3198 1123 3231 aegrotans

245 3238 429 3282 Episcopus
457 3247 524 3271 non
552 3236 657 3269 solum
684 3238 824 3279 corporis
863 3237 930 3279 post
961 3248 1121 3280 mortem,

244 3289 301 3324 sed
321 3288 354 3321 &
378 3287 495 3321 animae
515 3286 575 3319 suae.
596 3286 630 3319 in
654 3285 725 3319 vitae
747 3288 836 3320 exitu
858 3286 975 3320 habeat
996 3288 1119 3324 afratre

244 3338 398 3372 solatium
419 3362 425 3369 .
468 3336 545 3369 Sine
565 3334 629 3369 hoc
652 3336 768 3370 solatio
787 3335 977 3370 defunctum
1006 3339 1074 3372 vult
1101 3340 1118 3373 a

240 3391 347 3426 ,elem
366 3387 489 3430 deponi
510 3384 738 3425 solummodo,
765 3398 835 3422 non
861 3386 987 3432 sepeliri
1008 3401 1020 3421 .-
1045 3389 1119 3425 Mo-

346 3436 450 3478 christ.
464 3440 543 3479 Lupi
554 3441 652 3479 opera
664 3438 749 3469 T.V1.

1936 128 2024 158 221

1220 200 1253 222 re
1264 189 1403 232 antiquo
1420 190 1490 222 vult
1508 189 1710 233 Episcopum
1721 193 1845 236 sepeliri
1857 193 1899 228 ab
1913 192 2099 238 Episcopc>‚

1222 238 1361 282 ideoque
1374 239 1412 272 ad
1428 241 1461 272 id
1485 241 1636 282 quemvis
1659 243 1855 286 Episcopum
1880 246 1966 287 posse
1983 245 2098 277 invita-

1221 290 1268 322 ri..
1294 289 1338 322 Et
1351 301 1407 332 pro
1420 290 1630 322 suoDecreto
1643 291 1774 324 adduci-t
1797 293 1965 327 Reiensem
1987 295 2099 328 Cano·

1222 351 1296 372 nem
1310 364 1320 380 ,
1347 339 1558 373 mandantem
1571 351 1611 372 ne
1633 341 1710 382 quis
1728 341 1768 373 ad
1793 353 1959 376 vacantem
1984 345 2099 378 Eccle-

1219 390 1295 423 fiam
1309 390 1441 424 accedat
1454 414 1465 429 ,
1490 390 1548 422 nisi
1561 390 1647 423 solus
1662 390 1805 423 vicinior
1828 391 2025 435 Episcopus,
2052 393 2093 427 ad

1219 440 1405 474 Visitatoris
1418 440 1486 473 vice
1508 439 1699 473 defunctum
1723 440 1961 483 sepeliendum.
1990 443 2092 490 Qod
2110 423 2183 454 C‘m‘
2210 434 2236 453 ²¹

1218 490 1448 532 ipsumssatuit
1473 491 1606 533 septima
1632 490 1799 524 Toletana
1819 490 1990 531 Synodus,
2017 494 2095 537 rigi-

1218 540 1257 573 de
1270 541 1427 574 mandans
1439 565 1449 580 ‚
1477 552 1518 574 ne
1528 542 1600 584 quis
1613 540 1769 574 invitatus
1783 540 1959 583 Episcopus
1972 543 2035 574 sese
2058 543 2092 575 si-

1219 602 1259 623 ne
1272 591 1498 638 fundamentis
1507 591 1637 624 excuset
1652 590 1693 624 ab
1706 589 1770 624 hoc
1790 601 1934 624 extremo
1965 592 2091 633 pietatis
2108 618 2133 646 C

1216 641 1348 679 officio,
1375 640 1522 684 alioquin
1547 640 1581 673 in
1600 641 1749 683 proxima
1776 641 1914 683 Synodo
1936 640 2093 685 castigan-

1214 689 1302 724 dus.
1330 691 1429 734 Super
1455 692 1579 724 vicinas
1604 690 1730 733 aliquot
1757 690 1970 731 Provincias,
1995 702 2093 734 quem

1214 751 1282 774 non
1298 741 1342 774 ita
1355 741 1479 783 pridem
1494 740 1666 774 Patroclus
1694 741 1888 774 Arelatensis
1916 740 2091 785 Archiepi-

1214 791 1329 834 scopus
1349 792 1511 824 invaserat
1536 815 1547 831 ‚
1575 790 1757 825 Primatum
1777 790 1993 825 continuabat
2015 792 2090 825 San-

1213 843 1280 874 &us
1291 841 1463 881 Hilarius,
1490 841 1642 885 atqueita
1654 841 1783 874 nullum
1807 840 1874 874 illic
1897 841 2090 883 Metropoli-

1213 901 1327 924 tanum
1340 901 1394 924 aut
1406 891 1644 924 provincialem
1658 892 1857 934 Episcopum
1880 891 2089 934 permittebat

1211 940 1276 973 fine
1290 942 1343 973 sua
1356 941 1466 982 praevia
1479 942 1570 975 venia
1591 942 1624 975 ὃς
1649 942 1901 975 confirmatione
1927 943 2088 975 consecra-

1212 992 1236 1023 ri
1256 1015 1263 1022 .
1290 990 1408 1034 Jugum
1437 992 1520 1024 istud
1540 1002 1656 1024 omnes
1676 990 1805 1034 peffime
1828 990 1987 1032 oderant,
2012 1003 2088 1034 prae-

1212 1041 1318 1073 sertim
1332 1039 1568 1074 Ebredunensis
1584 1040 1723 1074 Ecclesia
1733 1064 1744 1080 ‚
1774 1042 1912 1084 Alpium
1925 1042 2085 1075 Graarum

1212 1089 1434 1132 Metropolis,
1462 1091 1601 1133 ideoque
1612 1091 1767 1124 defuneto
1781 1091 1942 1135 Episcopo
1956 1093 2014 1125 suo
2037 1092 2089 1134 Ja-

1212 1141 1298 1173 cobo
1312 1140 1418 1173 statim
1430 1140 1528 1183 elegit
1553 1142 1797 1174 Armentarium
1813 1166 1822 1181 ‚
1850 1142 1883 1178 ὅς
1905 1153 1959 1184 per
1980 1142 2084 1180 duos,

1213 1190 1317 1233 quiad
1333 1190 1427 1222 illum
1452 1190 1682 1223 tumulandum
1708 1190 1924 1232 advenerant,
1954 1192 2087 1235 Episco-

1212 1251 1270 1282 pos
1282 1239 1459 1273 fecithunc
1473 1240 1576 1273 inscio
1602 1239 1735 1274 Hilario
1762 1243 1961 1274 consecrari.
1990 1242 2084 1276 Hinc

1213 1289 1356 1322 Reienfis
1367 1290 1543 1332 Synodus‚
1568 1287 1647 1323 hinc
1675 1290 1808 1332 punitus
1835 1292 2085 1331 Arrnentarius,

2135 625 2178 647 an.
2207 618 2238 653 35

1190 1329 1194 1355 ε
1214 1339 1289 1372 hinc
1303 1339 1457 1373 statutum
1468 1350 1504 1373 ut
1518 1340 1604 1373 solus
1615 1340 1767 1384 deinceps
1787 1341 1928 1374 vicinior
1955 1342 2086 1384 Episco-

1211 1400 1269 1432 pus
1281 1390 1445 1423 accederet
1459 1388 1626 1424 viduatam
1651 1390 1844 1431 Ecclefiam,
1873 1392 1907 1425 ὅτ.
1929 1391 2085 1425 visitato-

1192 1440 1252 1473 ‚ris
1265 1440 1336 1472 vice
1349 1439 1538 1473 defunctum
1554 1441 1747 1475 tumularet.
1775 1441 1960 1475 Primatum
1987 1442 2084 1476 istum

1188 1474 1193 1515 l
1209 1490 1342 1522 excussit
1356 1490 1466 1531 postea
1480 1490 1512 1523 δε
1529 1491 1710 1532 proscripsit
1722 1492 1853 1524 Sauc'tus
1878 1492 1944 1525 Leo
1969 1492 2085 1526 Ponti-

1187 1539 1261 1586 ,fex
1285 1563 1296 1579 ,
1331 1540 1569 1581 perseverarunt
1596 1549 1704 1573 tamen
1734 1541 1897 1574 Gallicani
1927 1542 2082 1585 Episcopi

1207 1600 1276 1621 non
1291 1600 1344 1631 per
1355 1589 1562 1623 Visitatorem
1576 1612 1587 1628 ‚
1611 1590 1662 1623 sed
1676 1601 1731 1632 per
1753 1591 1947 1624 viciniorem
1969 1592 2083 1626 Colle·

1206 1649 1282 1681 gam
1296 1639 1440 1680 sepeliri.
1467 1640 1517 1673 Ita
1529 1651 1595 1673 nori
1607 1638 1738 1674 obscure
1752 1639 1872 1674 habent
1893 1642 2026 1685 quintus
2047 1643 2083 1678 &

1204 1689 1312 1720 sextus
1326 1690 1445 1721 Canon
1460 1689 1606 1722 secundae
1620 1689 1861 1724 Aurelianensis
1872 1692 1998 1734 Synodi
2010 1715 2020 1730 ‚
2045 1703 2083 1726 ac

1184 1746 1186 1748 ’
1203 1738 1372 1780 praesertim
1391 1738 1581 1772 Trosleanae
1591 1748 1721 1781 quartus
1732 1740 1880 1774 decimus
1892 1766 1902 1781 ‚
1932 1741 2082 1776 laudatos

1203 1788 1397 1828 Reiensem‚
1428 1788 1666 1830 Valentinum,
1693 1801 1730 1823 ac
1743 1789 1948 1824 Toletanum
1971 1791 2082 1826 Cano-

1181 1836 1185 1891 ς’
1201 1847 1277 1879 nes,
1307 1839 1491 1878 innovans,
1517 1839 1741 1882 &adjungens
1754 1853 1764 1873 :
1791 1843 1944 1884 ,Quoniam
1962 1846 1995 1874 in
2016 1847 2082 1884 qui-

1180 1915 1183 1936 ε
1200 1887 1327 1931 busdam
1338 1895 1544 1931 opportunitas
1559 1889 1684 1922 locorum
1691 1888 1724 1933 J}
1737 1890 1821 1931 offert
1830 1915 1841 1931 ,
1870 1901 1903 1925 ut
1915 1893 1960 1924 ad
1969 1892 2079 1925 obitum

1178 1939 1183 1984 j
1200 1940 1251 1971 vel
1257 1945 1399 1982 exequias
1413 1940 1538 1981 alicujus
1547 1951 1586 1974 ex
1598 1940 1681 1973 nobis
1694 1942 1752 1973 duo
1776 1942 1831 1974 vel-
1848 1950 1910 1975 tres
1933 1940 2078 1985 Episcopi

1177 1986 1182 2036 l
1197 1996 1352 2022 convenire
1359 1991 1462 2032 poffint
1473 2014 1484 2031 ,
1510 1992 1590 2024 decet
1603 2001 1638 2024 ut
1643 1989 1750 2034 sandla
1763 1990 1895 2024 ebaritas
1903 1991 1937 2035 se
1945 1992 2077 2033 ostendat.

1178 2038 1230 2090 {in
1239 2049 1414 2074 mortuorum
1419 2040 1597 2082 funeribus,
1625 2052 1691 2083 quae
1715 2047 1747 2074 in
1769 2047 1908 2075 vivorum
1925 2042 2076 2087 flagravit

1178 2091 1180 2104 ·'
1193 2087 1374 2131 pedoribus.
1403 2090 1533 2133 Nempe
1562 2091 1704 2125 Reienfis
1730 2092 1859 2135 Synodi
1880 2094 2007 2134 motiva
2026 2105 2077 2128 ran

1176 2142 1180 2192 ι
1197 2140 1245 2172 tio
1258 2140 1322 2182 jam
1334 2140 1462 2175 dudum
1479 2141 1626 2178 desierat.
1655 2143 1834 2176 Decretum
1848 2168 1859 2183 ,
1885 2145 1974 2188 quod
2003 2156 2076 2182 non

1175 2195 1179 2253 j
1199 2188 1243 2223 ita
1261 2189 1386 2224 dudum
1399 2191 1467 2233 post
1480 2192 1520 2225 de
1532 2189 1706 2227 Guasberti
1729 2192 1884 2236 Episcopi
1901 2194 2073 2230 Elestione

1175 2257 1178 2287 3
1195 2240 1274 2273 fecit
1300 2240 1500 2275 Caturcensis
1527 2241 1667 2277 Ecclefia
1680 2267 1690 2282 ,
1717 2239 1817 2277 habet
1837 2244 1923 2287 apud
1944 2245 2070 2283 Lucam

1175 2300 1177 2320 ι
1195 2288 1396 2324 Dacherium
1413 2303 1420 2323 ε
1449 2290 1551 2334 Prisca
1574 2294 1773 2335 modernaque
1796 2293 1990 2335 Ecclefiarum
2010 2292 2077 2331 mo-v

1175 2363 1176 2366 η
1193 2341 1351 2373 derami‘na
1379 2342 1625 2384 Theoloquelariis
1639 2341 1772 2385 sanxere
1793 2346 1965 2383 canonibus
1977 2371 1988 2387 ,
2013 2359 2068 2391 quo

1174 2399 1176 2402 ·
1192 2391 1403 2432 arripientibus
1423 2396 1508 2424 viam
1529 2391 1677 2435 universae
1695 2401 1784 2427 terrae
1807 2397 2005 2437 quarumlibet
2023 2398 2068 2442 se-

1192 2440 1273 2473 dium
1296 2440 1476 2484 Praesulibus
1489 2465 1500 2482 ‚
1522 2451 1579 2484 per
1604 2448 1775 2477 viciniorem
1785 2444 1985 2489 Episcopum,
2010 2458 2068 2482 au»

1187 2490 1244 2532 per
1269 2491 1428 2533 quamlibet
1454 2494 1545 2525 alium
1571 2492 1772 2537 Episcopum,
1799 2502 1845 2529 cui
1872 2498 2069 2543 Archipraesul

1191 2544 1375 2583 injunxerit,
1400 2541 1532 2583 exstinc‘li
1549 2543 1665 2584 fratris
1683 2547 1909 2589 tumulatorem,
1937 2550 2065 2583 orbatae-

1190 2601 1243 2632 que
1246 2589 1331 2633 sedis
1348 2591 1530 2633 Vtfitatorem
1554 2602 1644 2635 atque
1670 2594 1908 2640 consolatorem,
1929 2601 2066 2641 perficia-

1192 2648 1240 2673 tur
1268 2640 1529 2683 Ecclefiasticarum
1551 2654 1647 2677 rerum
1672 2649 1880 2680 Iuventarium
1903 2674 1910 2681 .
1939 2650 2065 2685 Defun·
2081 2660 2165 2690 Tom.
2187 2664 2218 2693 a,

1192 2691 1278 2724 &um
1299 2691 1500 2736 Episcopum
1526 2691 1674 2728 adfirmat
1706 2697 1904 2742 quandoque
1936 2711 1991 2743 per
2017 2702 2064 2736 vi-

1191 2740 1351 2775 ciniorem
1388 2742 1565 2787 Collegatn
1589 2744 1746 2788 sepeliri,
1785 2748 1982 2793 quandoque
2008 2763 2063 2795 per

1194 2790 1425 2825 Vifiratorem.
1463 2792 1605 2828 Videtur
1629 2803 1709 2829 tunc
1745 2797 1782 2831 in
1821 2798 1946 2834 viduati
1973 2801 2063 2837 Cleri

1190 2840 1281 2874 fuisse
1302 2842 1435 2876 arbitrio
1449 2865 1457 2874 .

1240 2890 1313 2924 Ubi
1332 2891 1464 2926 vides&
1477 2892 1650 2929 secundam
1666 2894 1852 2934 Vifitatoris
1864 2901 2060 2937 ordinariam

1190 2939 1400 2984 potestatem.
1427 2942 1556 2987 Nempe
1577 2946 1740 2981 conficere
1767 2948 2062 2986 Ecclefiasticarum

1190 3001 1292 3023 rerum
1306 2991 1528 3027 Inventarium
1543 3021 1549 3028 .
1578 2997 1679 3044 Qod
1695 2995 1798 3040 ipsum
1811 3001 1953 3034 illiolim
1973 3014 2061 3035 com-

1190 3040 1296 3082 petisse
1310 3043 1524 3083 profitentur,
1549 3045 1594 3078 ast
1607 3047 1805 3090 deincepsin
1829 3052 2060 3085 tumulatorem

1191 3089 1389 3134 Episcopum
1415 3093 1637 3130 transcribunt
1662 3097 1885 3140 Hispanorum
1912 3098 2061 3135 Valenti-

1190 3152 1228 3174 na
1248 3163 1259 3179 ‚
1296 3142 1330 3174 ὃ(
1350 3142 1488 3176 secunda
1515 3146 1670 3187 Synodus
1698 3148 1935 3183 Aurelianensis
1958 3175 1966 3184 .
2005 3152 2061 3184 ln-

1188 3191 1322 3224 vcntarii
1350 3193 1438 3226 enim
1465 3196 1647 3235 censesne,
1675 3198 1723 3229 uti
1750 3198 1783 3231 ὅτ.
1803 3197 2060 3243 defunfflsepul-

1187 3250 1279 3280 tura,
1305 3252 1372 3274 non
1398 3243 1518 3285 patitur
1545 3256 1687 3278 moram.
1719 3246 1829 3282 Etiam
1852 3250 1893 3282 ad
1905 3252 2058 3285 Sanctum

1189 3290 1429 3325 Maximianum
1459 3293 1620 3336 Syracusae
1647 3296 1843 3339 Episcopum
1870 3299 1975 3334 scribit
1988 3301 2061 3335 Ma-

1186 3350 1268 3383 gnus
1295 3341 1491 3385 Gregorius:
1521 3346 1552 3376 si
1577 3343 1724 3386 quispiam
1736 3347 1944 3390 Episcoporum
1956 3351 1992 3383 de
2005 3350 2061 3384 lm

1185 3391 1246 3424 luce
1271 3396 1447 3436 migraverit
1471 3417 1483 3435 ,
1508 3394 1559 3427 vel
1578 3403 1635 3436 pro
1653 3394 1720 3437 suis
1735 3424 1737 3427 .
1743 3396 1839 3438 fuerit
1863 3409 1991 3434 remotus
2011 3412 2062 3433 ex-

1634 3445 1672 3478 T
1724 3457 1743 3495 3
1959 3448 2015 3491 ces-
