2372 3756
119 2479 152 2510 1..
163 2486 223 2509 2.c.
235 2486 260 2508 ι.

367 121 458 164 150

294 199 352 220 non
378 190 508 222 obiturus
535 188 614 222 obit.
642 188 896 223 EtGuilielmus
907 186 1175 221 Malmesberien-

294 239 351 272 fis.
382 240 702 282 Berengariusplane,
729 246 871 282 quamvis
890 237 1069 281 fintentlam
1079 248 1174 269 corre·

294 295 375 322 xert't
387 315 398 330 ‚
424 300 521 322 omnes
542 299 642 323 tamen
655 314 665 330 ,
691 301 759 332 quos
778 301 816 323 ex
831 294 900 321 totis
920 294 1009 321 terris
1022 289 1174 329 deprava·

294 348 384 372 *cerat
400 363 411 379 ,
433 349 600 375 convertere
626 346 762 383 nequivit
787 365 793 371 .
822 339 865 372 Et
893 338 1000 371 infra.-
1028 339 1115 379 ,Quin
1141 336 1173 368 (θ’

293 388 355 432 ipse
367 389 606 432 Epiphaniorum
617 392 665 423 die
678 396 805 423 moriens
819 413 829 428 ‚
852 394 1020 431 gemituque
1035 386 1174 428 predum

292 442 464 473 recordatus
478 464 488 480 ,
514 439 720 484 quodmifiros
741 440 891 480 quondam
902 435 1067 480 adolescens
1074 441 1175 477 primo

294 496 397 524 aetatis
416 492 508 524 calore
521 515 531 531 ,
560 489 706 532 Senasua
728 489 891 531 infecerat,
920 487 1027 528 hodie,
1054 490 1151 527 inquit
1165 509 1176 524 ,

292 547 327 574 in
349 542 397 574 die
421 544 622 583 Apparitionis
642 538 708 581 suae
734 538 894 580 apparebit
927 537 1000 570 mihi·
1028 539 1175 568 Dominus

293 602 377 625 nurus
405 590 540 634 JESUS
566 589 719 629 Christus,
741 597 864 630 propter
881 592 1117 631 paenitentiam,
1142 593 1175 618 ut

287 640 393 685 spem,
419 642 462 672 ad
483 641 629 683 gloriam,
650 647 774 681 propter
796 639 869 671 alios
891 664 902 680 ‚
930 643 975 671 uti
1001 642 1107 675 timeo,
1134 635 1177 667 ad

287 700 410 734 poenam
423 714 429 721 .
444 690 529 723 Eum
547 688 650 733 aliqui
663 689 777 722 nimiis
789 689 980 722 extulerunt
993 684 1174 728 praeconiis,

292 740 463 784 presertim
491 740 626 774 Sanetus
653 739 870 774 Hildebertus
899 734 1174 779 Archiepiscopus

288 791 512 826 Turonenfis.

342 842 390 874 Ea
415 839 524 875 revera
545 850 660 875 omnes
678 838 696 872 ὲ
721 840 754 872 se
779 838 940 881 perversos
962 835 1174 881 Berengarius

292 904 361 927 non
375 892 537 925 convertit
551 916 557 923 .
586 891 721 924 Etenim
748 887 789 922 de
801 889 912 922 nescio
924 899 990 931 quo
1002 885 1174 920 Monacho

292 942 401 976 scribit
426 942 460 974 in
483 940 588 983 primo
611 942 703 982 super
726 939 834 973 Sanffi
862 937 1029 981 Benedisti
1063 937 1175 981 Regu-

293 993 358 1026 lam
381 989 463 1023 libro
490 989 686 1024 venerabilis
709 988 822 1023 Abbas
849 989 1034 1032 Rupertus:
1063 987 1174 1020 Habue-

291 1052 357 1075 ram
378 1052 442 1073 cum
467 1041 564 1082 aliquo
591 1046 692 1084 magni
706 1045 832 1072 nominis
845 1063 856 1079 ,
883 1051 1000 1083 magnae
1013 1037 1176 1079 aestr‘matio·

291 1098 341 1125 nis
366 1089 554 1130 scholastico,
580 1091 647 1123 licet
676 1089 838 1129 Monuho,
864 1100 1011 1123 certamen
1023 1098 1079 1131 per
1089 1088 1173 1127 mole-

286 1141 365 1183 stum
385 1141 422 1173 de
457 1142 647 1174 sacramento
673 1144 809 1183 Corporis
822 1141 1023 1184 &Sanguinis
1035 1143 1172 1171 Domini.

294 1193 359 1235 ‚Qui
372 1196 459 1225 „inter
483 1200 591 1224 caetera
603 1215 613 1230 ‚
638 1191 745 1234 quibus
763 1191 925 1233 deprimere
935 1190 1097 1223 conabatur
1107 1192 1172 1221 Ma-

284 1240 425 1284 J'estatem
440 1248 520 1273 tant}
534 1244 715 1274 §aeramenti
728 1266 738 1281 ,
749 1241 828 1274 illud
842 1240 916 1273 mibi
924 1240 1068 1282 objecerat
1081 1264 1090 1278 ,
1104 1245 1173 1281 quia

290 1294 517 1326 sacramentum
542 1293 621 1324 illud
631 1292 735 1336 Judae
760 1302 871 1333 quoque
892 1293 1032 1324 traditori
1045 1289 1097 1333 suo
1112 1293 1170 1321 Do-

280 1348 390 1375 vminus
409 1343 516 1382 dedit,
534 1341 608 1384 ficut
633 1343 666 1375 (9·
686 1347 804 1375 caeteris
828 1340 966 1382 apostolis
979 1365 989 1381 ,
1015 1339 1066 1372 hoc
1087 1335 1187 1372 m‘mt-¹

290 1405 357 1426 rum
379 1393 540 1425 intendens
564 1417 575 1432 ‚
613 1393 694 1434 quod
711 1402 898 1433 nequaquam
919 1392 962 1423 illl
985 1390 1127 1432 dedisset,
1150 1387 1177 1430 fi

290 1454 365 1476 vera
378 1440 619 1486 effetsubstantia
630 1448 756 1482 corporis
770 1443 803 1475 (ἐπ’
820 1439 981 1484 sanguinis
992 1437 1056 1482 sui.
1084 1439 1171 1485 Quis

289 1504 357 1526 non
382 1492 489 1525 videat
511 1491 641 1534 prod-ire
668 1490 736 1524 haec
757 1502 797 1524 ex
809 1490 874 1524 olla
891 1490 1102 1535 Berengari‘r?
1128 1490 1170 1523 Et

288 1542 421 1584 quidem
434 1551 666 1585 argumentum
677 1539 760 1574 istud
770 1540 853 1575 adeo
861 1542 966 1574 movit
977 1541 1173 1582 Rupertum,

288 1604 324 1626 ut
352 1593 505 1626 sanetum
528 1591 754 1635 Augustinum
777 1616 788 1633 ‚
813 1589 905 1632 cujus
926 1590 1118 1624 auctoritate
1141 1590 1171 1623 se

287 1641 438 1676 tuebatur
452 1642 626 1685 Hereticus
642 1642 700 1675 isse
718 1640 929 1683 Monachus,
955 1640 1074 1674 dixerit
1101 1650 1169 1673 non

285 1695 349 1727 effe
373 1693 407 1726 in
431 1693 571 1726 Canone
587 1716 597 1731 ‚
623 1693 657 1726 ὃς
678 1693 831 1726 Sanctum
859 1690 1097 1725 pictaviensem
1111 1690 1172 1723 Hi-

289 1743 408 1777 larium
425 1766 434 1782 ‚
461 1742 515 1774 cui
540 1741 667 1775 videtur
690 1741 787 1784 Judas
801 1752 867 1774 non
879 1740 1033 1784 accepisse
1047 1739 1171 1773 Eucha-

287 1793 432 1833 tiniam,
459 1792 557 1825 fuerit
584 1792 728 1826 secutus.
757 1791 804 1824 At
827 1802 903 1825 ecce
927 1789 1006 1823 hinc
1028 1790 1089 1824 alia
1113 1790 1170 1824 lis.

282 1842 438 1890 ,Qidam
451 1841 620 1876 Catholici
633 1850 826 1884 acceperunt
847 1841 879 1874 id
897 1839 1025 1884 pesfime
1037 1864 1047 1879 ,
1073 1840 1106 1874 &
1117 1851 1173 1884 op-

289 1897 410 1926 timum
425 1892 610 1936 Rupertum
619 1891 777 1933 diffamare
790 1898 937 1933 caeperunt
949 1898 1094 1932 tanquam
1107 1895 1173 1923 Hae-

289 1951 412 1977 relicum
441 1968 451 1983 ,
477 1947 530 1985 qui
553 1942 668 1985 dixiffet
694 1952 751 1975 non
778 1942 828 1985 effe
852 1946 884 1974 in
910 1945 1032 1974 Canone
1057 1940 1174 1973 beatum

291 1992 503 2038 augustinum.
532 1992 636 2041 Qod
657 2003 776 2026 notent
801 1992 856 2035 qui
873 1990 1050 2036 Augustini
1064 1990 1176 2034 proba-

291 2055 342 2078 tos
355 2045 456 2077 etiam
469 2044 486 2077 a
499 2043 652 2077 Romana
666 2041 808 2077 Ecclesia
820 2040 920 2075 libros
933 2040 1034 2075 hodie
1055 2041 1175 2075 audent

290 2095 445 2139 sugillare
472 2118 479 2126 .
509 2094 565 2127 An
602 2092 842 2127 Eucharistiam
874 2091 970 2134 Judas
996 2091 1178 2133 acceperit,

290 2143 337 2178 est
354 2143 454 2188 longa
466 2142 601 2186 quaestio
613 2166 624 2182 ,
645 2153 704 2176 nec
717 2140 812 2185 hujus
825 2141 909 2174 loci.
937 2140 1114 2187 Qidquid
1127 2139 1177 2181 fit,

290 2206 332 2229 ex
349 2194 476 2237 praefata
492 2192 558 2226 olla
573 2192 762 2235 prodierunt
773 2191 806 2224 &
820 2190 891 2232 illi,
917 2189 1084 2224 adversum
1095 2201 1178 2233 quos

292 2244 403 2280 scribit
426 2244 462 2277 in
489 2242 748 2276 Commentariis
769 2242 859 2284 super
885 2241 990 2275 Sansti
1021 2240 1176 2283 Dionysii

293 2296 335 2331 de
357 2292 485 2329 Caelesti
510 2291 705 2326 Hierarchia
731 2290 832 2324 libros
845 2290 951 2335 Hugo
968 2290 1176 2325 Vidiorinus:

295 2346 435 2389 ,Quldam
461 2345 570 2377 dicunt
597 2347 629 2375 in
669 2344 857 2375 sacramento
882 2342 992 2374 altaris
1018 2346 1179 2374 veritatem

295 2399 436 2438 Corporis
459 2395 494 2427 6*
517 2394 680 2435 sanguinis
704 2390 818 2431 christi
840 2401 900 2424 non
925 2391 976 2434 effe
999 2415 1010 2431 ,
1030 2389 1090 2434 sed
1108 2395 1182 2423 ima·

289 2453 396 2491 ginem
421 2445 500 2478 illius
516 2443 634 2477 tantam
647 2443 681 2476 Θ
687 2441 834 2485 figuram.
859 2440 969 2474 Etiam
981 2439 1031 2473 illi
1047 2465 1059 2481 ,
1083 2440 1101 2473 a
1115 2441 1182 2483 qui·

297 2497 382 2537 bus,
407 2494 498 2539 quod
518 2493 672 2528 accidens
696 2503 752 2534 per
776 2492 808 2524 se
834 2490 999 2524 subfistere
1011 2501 1080 2524 non
1094 2492 1182 2533 poffe

296 2547 489 2586 crederent,
509 2543 668 2579 traditam
693 2540 787 2575 fuisse
810 2540 1069 2584 impanationem
1091 2563 1102 2580 ,
1128 2551 1182 2574 au-

297 2599 444 2634 divimus
473 2595 563 2638 supra
590 2592 631 2627 ab
645 2590 843 2625 Innocentio
854 2590 969 2625 tertio.
999 2590 1049 2623 Hi
1070 2590 1182 2631 enim,

299 2649 392 2693 quod
423 2646 546 2682 nudam
573 2644 712 2688 figuram
724 2651 791 2675 non
804 2641 1085 2685 dogmatizarent,
1113 2651 1180 2675 non

301 2698 432 2742 possunt
461 2697 553 2730 fuisse
566 2692 783 2737 Albigenses.
810 2691 948 2725 Interim
958 2690 1057 2724 etiam
1069 2687 1125 2730 hi,
1148 2691 1182 2724 δι

302 2747 402 2782 Petro
424 2745 591 2784 Brufiani,
618 2744 652 2778 ὃ(
674 2741 885 2782 Waldenses,
911 2741 944 2775 &
963 2740 1183 2781 Wicleffiflae‚

303 2801 339 2835 &
353 2796 490 2831 Huffitae
502 2820 513 2836 ,
537 2796 571 2829 ὃ(
583 2792 761 2828 Lutherani
774 2816 785 2833 ,
810 2792 843 2826 &
857 2791 1065 2832 Calvinistae,
1084 2792 1118 2825 ὅ(
1130 2791 1184 2825 de-

305 2850 406 2891 nique
432 2846 542 2881 omnis
562 2841 894 2878 sacramentariorum
904 2841 1004 2876 faaio
1014 2852 1055 2876 ex
1065 2840 1184 2876 eodem

306 2898 495 2944 prodierunt
534 2894 691 2938 spermate
728 2892 763 2926 &
801 2891 964 2936 principio
991 2915 1002 2931 ,
1038 2889 1188 2926 adversas

305 2948 396 2994 quod
421 2944 503 2983 reste
518 2943 667 2982 laudatus
678 2941 912 2977 InnocentIus:
942 2940 1189 2986 ‚Qualemfignifi-

711 3141 795 3292 ἒ

665 104 706 148 S.
745 102 1056 149 Gaeoortn
1093 101 1731 149 stt³r1M1P0Nr1r1C1s

1235 186 1323 218 candi
1339 186 1457 217 modum
1480 185 1571 219 habet
1593 199 1697 220 nomen
1716 190 1872 223 aceldentts
1883 196 1915 224 in
1929 191 2108 236 Philosophi-

1235 247 1268 267 ca
1273 234 1422 277 facultate
1433 259 1443 274 ,
1470 237 1560 268 talem
1585 233 1729 278 existendi
1738 241 1857 272 modum
1868 240 1958 275 habet
1966 244 2103 276 accidens

1236 290 1362 317 nominis
1384 291 1417 317 in
1438 284 1603 330 Tbeologic'a
1626 295 1773 323 veritate.
1801 294 1889 322 Nam
1901 289 1974 330 ficut
1994 292 2044 326 boc
2055 305 2106 325 no·

1234 346 1303 367 men
1328 359 1338 374 ‚
1365 334 1490 369 Album
1518 359 1528 375 ,
1549 334 1695 380 fignificat
1727 340 1863 373 accidens
1897 345 1930 373 in
1956 339 2105 383 subjec‘lo,

1234 385 1270 417 id
1289 384 1327 425 est
1340 409 1350 424 ‚
1376 392 1409 418 in
1431 387 1628 428 adiacentia,
1651 386 1707 430 sed
1726 389 1778 422 boc
1797 401 1923 432 nomen,
1950 390 2105 433 Albedo,

1230 433 1379 479 fignificat
1406 438 1542 470 accidens
1550 437 1613 479 fine
1632 436 1782 480 ficbjeHo,
1810 442 1846 473 id
1854 439 1911 481 est,
1937 446 1969 473 in
1982 439 2107 481 extsten-

1241 492 1286 518 tia
1295 508 1305 524 ‚
1324 484 1364 526 fic
1375 494 1445 519 ante
1464 487 1708 531 consecrationem
1719 492 1853 524 accidens
1865 491 1902 531 est
1912 489 2083 533 insubjecqo
2091 515 2103 531 ,
2118 508 2139 519 w

1235 541 1374 578 quoniam
1394 536 1494 576 existit
1504 543 1537 571 in
1549 540 1609 573 aldo
1619 563 1630 579 ,
1649 538 1708 582 sed
1712 540 1773 582 post
1785 538 2024 582 consecrationem
2034 547 2108 574 accl-

1238 587 1312 619 dens
1324 584 1429 627 estsine
1435 584 1564 628 fiebjec‘Jo
1575 614 1585 629 ‚
1611 597 1750 632 quoniam
1763 591 1861 632 existit
1876 599 1932 632 per
1940 589 1974 634 fir
1985 614 1996 631 ,
2021 600 2107 624 tran-

1229 634 1267 677 fit
1276 633 1529 678 enimsubstanna
1537 661 1547 677 ,
1554 637 1614 682 sed
1622 651 1776 675 remanent
1786 643 1950 675 accidentia
1957 666 1965 673 .
1996 642 2108 675 Etiam

1238 687 1373 731 Joannis
1394 687 1539 721 Wicleffi
1560 688 1699 732 palmare
1723 692 1875 726 adversus
1898 689 2107 726 Eucharistiae

1234 738 1405 771 veritatem
1425 737 1678 774 fundamentum
1690 742 1754 776 fuit
1766 741 1820 775 hic
1830 742 2000 776 articulus:
2027 744 2109 774 Deus

1237 788 1274 821 de
1292 793 1430 829 potentta
1446 786 1506 831 sua
1526 789 1661 832 absoluta
1684 803 1741 825 non
1758 791 1848 835 potest
1861 792 1965 834 facere
1985 793 2109 835 quadm

1237 839 1425 871 sacramento
1448 839 1563 872 Altan's
1582 842 1668 884 efflat
1699 844 1863 876 accidentia
1878 842 1940 885 fine
1955 841 2107 885 subjedlo.

1237 889 1280 922 Et
1303 887 1381 922 hinc
1404 886 1494 922 hunc
1514 891 1688 925 articulum
1713 918 1723 934 ‚
1749 894 1845 936 ,Quod
1859 894 2025 926 accidentia
2050 904 2109 926 non

1235 948 1381 971 maneant
1394 937 1458 980 fine
1472 937 1605 982 subjec‘lo
1620 942 1683 983 post
1707 942 1946 986 consecrationem
1966 948 1999 976 in
2011 945 2111 976 Sacro-

1230 987 1333 1032 sanc‘lo
1345 990 1458 1022 Altaris
1468 1014 1478 1029 ‚
1504 990 1712 1034 Synodaliter
1723 992 1892 1028 damnavit
1911 992 2111 1027 Guilielmus

1238 1039 1512 1083 Archiepiscopus
1534 1040 1776 1077 Cantuarienfis
1801 1067 1809 1075 .
1838 1043 1918 1086 Ejus
1947 1043 2111 1086 judicium

1236 1091 1376 1124 firmavit
1390 1089 1553 1125 Urbanus
1564 1092 1690 1134 sextus,
1716 1103 1754 1127 ac
1764 1093 1862 1127 etiam
1883 1091 2112 1128 constantien-

1236 1142 1272 1175 fis
1285 1140 1439 1183 synodus
1451 1164 1463 1180 ,
1483 1139 1640 1176 damnans
1653 1142 1742 1177 hunc
1752 1143 1925 1178 articulum
1938 1156 1958 1182 :⁴
1976 1145 2113 1177 Acciden-

1236 1197 1280 1224 tia
1298 1195 1393 1232 panis
1418 1202 1475 1223 non
1492 1191 1618 1225 manent
1629 1188 1631 1190 ¹
1633 1192 1695 1235 sine
1712 1191 1845 1236 subjec‘lo
1871 1197 1904 1227 in
1922 1195 2112 1227 sacramento

1237 1242 1368 1273 Altarls.
1398 1239 1450 1274 Ex
1472 1252 1539 1283 quo
1561 1243 1651 1276 vides
1672 1244 1794 1277 Renati
1820 1242 1981 1278 Carthefii
2006 1253 2111 1287 nugas

1236 1292 1295 1323 esse
1316 1289 1423 1323 lucide
1445 1289 1639 1333 paradoxas.
1667 1294 1702 1327 &
1724 1293 1789 1336 jam
1809 1293 1935 1329 dudum
1956 1292 1998 1327 ab
2014 1293 2109 1327 omni

1236 1339 1484 1374 Christianitate
1496 1341 1647 1384 explosas
1661 1366 1670 1381 ,
1679 1342 1769 1385 quod
1780 1344 1923 1378 Ecclefia
1934 1342 2112 1377 accidentis

1236 1401 1356 1425 nomen
1369 1390 1488 1424 eodem
1502 1415 1513 1431 ,
1537 1402 1605 1435 quo
1617 1392 1652 1426 &
1665 1390 1858 1436 Philosophi
1872 1392 1975 1427 solent
1987 1416 1998 1432 ,
2009 1390 2112 1426 modo

1235 1453 1271 1475 ac
1298 1441 1388 1474 sensu
1411 1440 1573 1484 accipiat,
1600 1442 1666 1485 jam
1691 1442 1823 1477 testatus
1840 1444 1885 1477 est
1898 1442 2114 1478 Innocentius

1234 1491 1365 1526 tertius.
1392 1491 1446 1524 De
1464 1489 1582 1536 quibus
1603 1492 1694 1536 plura
1718 1493 1776 1527 suo
1787 1493 1881 1528 loco.

1300 1754 1435 1824 ⁴Causa
1469 1760 1626 1805 Henricz'
1658 1761 1718 1804 <9⁴
1746 1754 1966 1824 Rudolph1'‚
2001 1755 2044 1805 de
2102 1813 2105 1815 ,

1470 1830 1693 1875 Germanico
1726 1830 1884 1896 Imperio

1516 1897 1801 1947 contendentium
1812 1934 1826 1946 .

1351 2037 1509 2073 Enricum
1531 2046 1682 2083 quartum
1705 2038 1941 2083 Imperatorem
1959 2035 1978 2070 ὲ
1994 2037 2117 2082 Grego-

1374 2088 1424 2123 rio
1449 2088 1562 2122 nostro
1588 2087 1934 2127 excommunicatum,
1959 2087 2043 2122 &ab
2055 2088 2119 2122 lm-

1242 2139 1325 2183 perii
1356 2138 1644 2173 administratione
1669 2138 1857 2181 suspensum
1878 2162 1890 2178 ‚
1915 2136 2004 2182 quod
2036 2137 2118 2172 inte-

1241 2200 1300 2233 gro
1326 2199 1417 2222 anno
1440 2188 1647 2222 insorduisset
1675 2213 1686 2228 ‚
1710 2187 1927 2232 degradatum
1958 2187 2119 2221 Germani

1241 2239 1394 2273 proceres
1413 2261 1425 2278 ,
1452 2237 1581 2280 ejusque
1603 2237 1638 2270 in
1661 2238 1773 2271 locum
1799 2237 1968 2280 elegerunt
1992 2235 2120 2271 Rudol-

1243 2288 1345 2331 phum
1369 2287 1493 2321 Sueviae
1511 2287 1645 2323 Ducem
1659 2311 1666 2318 .
1693 2286 1738 2320 Et
1760 2286 1837 2329 quia
1864 2285 1935 2328 post
1948 2287 2053 2320 astam
2065 2296 2121 2329 pu·

1241 2338 1359 2372 blicam
1383 2337 1633 2380 poenitentiam,
1660 2336 1872 2379 &acceptam
1894 2335 2020 2370 vinculi
2030 2335 2124 2370 abso·

1238 2388 1406 2422 -lutionem
1432 2387 1574 2432 relapsus
1600 2385 1658 2420 iste
1683 2386 1746 2420 fuit
1766 2385 1807 2420 ad
1841 2384 1948 2428 pejora
1969 2408 1980 2425 ,
2008 2386 2062 2419 sua
2085 2385 2123 2419 in

1242 2438 1344 2482 ipsum
1358 2437 1458 2472 Gesta
1470 2437 1505 2471 hi
1519 2438 1689 2471 firmarunt
1701 2460 1714 2476 ,
1740 2436 1774 2470 δε
1784 2446 1838 2479 per
1853 2435 1965 2470 miffos
1983 2435 2024 2469 ad
2036 2433 2124 2470 hane

1241 2487 1413 2530 synodum
1434 2487 1578 2532 Legatos
1597 2485 1802 2531 postularunt
1823 2486 1887 2520 efl'e
1909 2494 1998 2526 rata,
2026 2485 2125 2520 &au-

1241 2539 1388 2572 storitate
1405 2536 1600 2581 Apostolica
1623 2537 1711 2570 mitti
1733 2536 1768 2569 in
1779 2535 2026 2570 executionem.
2054 2534 2127 2569 Ad-

1241 2599 1307 2623 erat
1318 2588 1352 2621 &
1363 2587 1460 2632 ipfius
1472 2587 1613 2621 Henrici
1625 2585 1765 2631 Legatio
1777 2611 1788 2627 ‚
1801 2585 1936 2620 meliora
1946 2582 2127 2629 spondens,

1244 2650 1280 2673 ac
1305 2638 1471 2683 postulans
1498 2637 1565 2672 fieri
1589 2638 1623 2671 in
1636 2637 1811 2671 Germania
1824 2636 2061 2676 Conventum,
2086 2634 2124 2669 in

1246 2701 1313 2733 quo
1335 2687 1529 2733 Apostolica
1550 2687 1693 2731 Legatio
1703 2695 1916 2729 componeret
1925 2686 2062 2725 omnia,
2087 2685 2124 2719 &

1249 2749 1350 2783 partes
1360 2739 1551 2774 conciliaret
1568 2762 1575 2770 .
1599 2739 1685 2785 Qae
1710 2735 1906 2770 mansuetior
1915 2735 1967 2769 via
1979 2733 2124 2769 omnino

1249 2789 1370 2834 placuit
1391 2788 1569 2829 Pontifici,
1598 2788 1737 2831 ideoque
1758 2785 1924 2829 utriusque
1941 2785 2043 2829 Regis
2061 2784 2124 2818 Le-

1248 2850 1341 2884 gatos
1351 2840 1512 2883 compulit
1523 2839 1564 2872 ad
1577 2835 1795 2882 profitendam
1820 2835 2066 2872 obedientiam,
2089 2834 2124 2867 &

1251 2891 1346 2923 'istum
1362 2889 1574 2923 Conventum
1597 2884 1852 2931 promittendum
1869 2911 1878 2919 .
1904 2884 2043 2920 Exstant
2054 2894 2127 2929 pro-

1250 2940 1397 2976 feffiones
1410 2941 1445 2974 in
1457 2938 1569 2984 Papali
1588 2937 1732 2983 Regesto
1743 2961 1752 2968 .

1651 3137 1738 3287 ἒ
1790 3255 1797 3261 ,

2003 3436 2088 3474 DIS·
