2352 3756
719 84 1098 131 CoNveNTus
1134 81 1624 133 Benenaceums.

253 177 356 210 utatis
373 174 470 215 juxta
494 171 649 215 Pelagium
675 170 793 209 Papam
811 191 823 207 ,
849 177 907 199 non
933 162 1114 206 consecratus
1127 185 1138 202 ,

249 225 306 270 sed
317 232 470 257 execratus
490 220 528 261 est
543 246 550 253 .
579 221 696 254 Fuerat
720 217 880 260 Apostata
893 213 1040 259 Clericus
1062 212 1138 247 Bur-

250 274 363 308 chardi
388 270 681 307 Haiberstadienfis
701 268 856 311 Episcopi
873 290 884 306 ‚
909 266 1027 300 Sancto
1041 263 1139 299 Petro

252 324 419 368 Apostolo
443 322 478 356 ὅτ.
505 321 667 354 Romanae
693 317 840 351 Ecciefiae
859 314 1034 349 fideliffimi
1052 336 1059 346 .
1087 313 1138 346 In-

251 374 356 408 trusus
384 373 447 407 fuit
469 381 524 414 pet
545 368 810 404 nominationem
834 365 974 410 Regiam
995 389 1006 405 ‚
1033 375 1071 399 ac
1084 374 1138 415 per

252 423 436 459 simoniam
451 421 619 455 muneris&
633 417 789 462 sacrilego
815 416 850 449 δε
872 407 1060 449 facinoroso
1081 412 1137 447 ob-

251 474 365 517 sequio
378 497 386 506 .
414 473 502 507 Eum
514 469 599 505 adeo
610 468 766 504 detestata
780 467 842 500 fuit
852 465 1010 499 Romana
1026 464 1136 498 Eccle-

252 523 316 565 sia,
341 531 378 556 ut
395 520 556 558 Urbanus
568 518 726 555 secundus
739 517 832 550 datos
856 527 910 560 per
938 516 1041 559 ipsum
1053 514 1138 548 ordi-

252 579 310 607 nes
322 572 524 611 exsufflant,
549 571 584 605 &
606 567 859 607 Daimberturn,
887 567 942 606 qui
960 565 1068 609 postea
1085 563 1137 597 Pi-

251 625 347 658 sanus
362 620 637 665 Archiepiscopus
662 618 844 653 actandem
867 615 1005 649 Latinus
1019 615 1137 648 Hiero-

251 673 386 716 solymae
397 670 584 706 Patriatcha
596 670 685 709 fuit,
711 666 822 702 abillo
847 666 1035 700 ordinatum
1060 662 1140 696 Dia·

252 734 377 759 conum
389 721 583 756 reordinarit
595 746 602 753 .
630 720 679 754 Ita
693 718 823 752 testatur
842 715 927 759 apud
943 713 1136 748 Gratianum

252 773 320 816 ipse
343 771 505 807 Urbanus
528 771 562 804 in
573 770 689 805 litteris
711 769 751 802 ad
765 767 898 800 Petrum
912 763 1137 798 Pistoriensem

252 823 453 866 Episcopum
465 845 478 862 ,
503 822 537 855 &
563 819 738 857 Rusticum
750 816 926 851 Umbrosae
940 813 1047 849 Vallis
1069 812 1139 848 Ab·

1919 106 2010 152 343

1203 161 1331 196 batem.
1360 162 1493 195 Etenim
1515 166 1597 202 circa
1609 165 1795 203 Simoniace
1815 166 1966 203 datorum
1978 168 2075 205 Ordi-

1204 223 1283 246 num
1307 212 1570 258 exsufflationem
1610 228 1647 250 ac
1667 218 1895 261 repetitionem
1922 219 2074 254 Romana
2089 210 2232 251 Qaest·7.'

1203 272 1283 296 tunc
1296 261 1440 296 Ecclesia
1451 262 1655 305 permittebat
1675 277 1938 312 unumquemque
1959 269 1994 303 in
2018 270 2074 303 suo
2089 261 2212 292 ⁰³9⁰24·

1204 313 1295 346 sensu
1322 310 1505 347 abundare.
1532 311 1602 345 Hic
1624 312 1723 356 igitur
1748 317 1947 352 facinorosus
1971 317 2076 354 homo

1205 362 1350 405 praesedit
1375 363 1410 396 &
1430 359 1509 396 huic
1529 360 1737 396 Bercbacenfi
1761 366 1927 410 colloquio
1955 368 1989 402 ὃς
2003 380 2076 411 prae.

1205 413 1274 446 fato
1295 411 1503 457 Moguntino
1523 410 1719 447 latrocinio.
1746 411 1889 448 Abbates
1908 411 2076 452 Dodechi·

1205 474 1265 497 nus
1290 463 1323 497 &
1334 461 1482 507 Conrard
1488 472 1524 496 us
1535 472 1639 497 errant
1650 462 1755 506 ipsum
1766 462 1937 498 succeffiffe
1948 467 2077 510 Sigefrh·

1204 512 1248 546 do
1260 538 1267 545 .
1297 511 1399 560 Qod
1412 513 1496 547 inter
1507 512 1590 556 ipsos
1603 511 1827 547 Erkenbaidus
1838 513 2010 554 mediarit,
2034 516 2079 550 af-

1202 563 1312 597 firmat
1322 565 1356 596 in
1371 561 1546 597 Chronico
1558 562 1732 597 Albericus
1744 587 1751 595 .
1779 562 1883 611 Qod
1896 563 2003 607 postea
2012 563 2089 598 Ro«

1202 623 1302 648 manae
1326 613 1476 648 Ecclefiae
1498 613 1725 648 reconciliatus
1741 637 1753 654 ,
1777 625 1816 647 ac
1838 611 1888 657 pie
1909 612 2079 649 defunctus

1202 663 1321 703 fuerit,
1346 664 1432 699 male
1445 663 1606 697 affirmant
1617 664 1742 698 Fratres
1753 661 1993 699 Sammarthani
2009 688 2016 695 .
2040 664 2083 698 Ir't

1203 713 1405 750 Henriciana
1431 713 1466 748 δε
1487 711 1684 748 Guibertina
1704 712 1852 748 adversus
1889 713 2080 748 Romanam

1203 763 1374 799 Ecclesiam
1398 763 1623 807 perduellione
1647 763 1740 798 fuiffe
1760 763 1949 799 defunctum
1972 763 2080 808 palam

1200 814 1337 849 affirmat
1359 814 1541 850 Veneticus
1551 813 1762 849 Vcrcellenfis
1772 838 1780 846 .

263 1071 2005 1177 *QUINTILINOBURGENSE

725 1186 1605 1308 CONCILIUM.

504 1394 588 1439 ujus
599 1392 748 1429 Concilii
760 1393 926 1438 originem
952 1392 985 1426 &
995 1390 1136 1426 occafio-

267 1467 272 1473 ·
531 1458 607 1481 nem
617 1444 717 1479 edicit
731 1444 817 1478 idem
832 1443 1011 1478 Veneticus
1025 1467 1032 1474 .
1060 1440 1133 1474 Mo-

530 1495 663 1541 guntini
685 1493 846 1527 latrocinii
874 1494 955 1529 Asta
976 1491 1136 1536 exponit,

271 1555 273 1558 “
531 1544 798 1591 &prosequiturt
824 1549 882 1581 Sed
901 1546 1041 1589 adversa
1057 1556 1134 1590 par-

531 1600 574 1630 tis
597 1593 741 1639 Episcopi
760 1596 917 1637 cupientes
939 1592 1019 1629 banc
1052 1595 1128 1628 indi-

527 1644 610 1678 Ham
619 1641 772 1679 synodum
779 1651 990 1685 praeoccupare
1001 1651 1135 1685 autprae.

249 1702 370 1728 vertere
379 1716 389 1732 ,
413 1696 625 1726 convenerunt
635 1686 721 1731 infra
730 1685 954 1720 hebdomadam
962 1686 1091 1729 ‘Pascbae
1102 1690 1133 1719 in

249 1737 380 1782 castello
392 1740 525 1783 quodam
546 1736 686 1771 saxonia
700 1757 712 1775 ,
738 1732 1013 1786 ,quintilinoburch
1036 1738 1132 1769 nomi—

249 1791 288 1822 ne
317 1812 329 1829 ,
354 1785 406 1821 ubi
426 1786 510 1820 locus
529 1782 570 1824 est
590 1783 834 1827 congregationis
851 1782 1051 1826 faeminarum
1070 1789 1134 1817 Deo

247 1835 459 1879 servientium
473 1829 535 1875 sub
551 1829 710 1865 canonica
728 1826 937 1869 institutione.
965 1835 1006 1864 Et
1018 1837 1055 1862 ut
1063 1840 1131 1864 con-

246 1884 382 1927 spiratio
397 1890 502 1915 eorum
507 1878 582 1922 plus
593 1876 718 1910 valeret
728 1899 741 1916 ,
766 1877 809 1911 (θ’
825 1877 974 1918 deciperet
988 1875 1135 1910 columba

246 1929 481 1975 simplicitatem
493 1950 503 1966 ,
529 1934 626 1969 quam
631 1923 783 1966 serpentis
792 1921 908 1962 astutia
918 1933 976 1955 non
986 1923 1127 1966 temeras

247 1977 299 2021 set
309 2001 322 2019 ‚
346 1975 546 2010 adduxerunt
565 1971 720 2016 quendam
733 1967 795 2011 sub
805 1968 907 2011 specie
921 1971 1030 2014 Legati
1048 1973 1133 2006 Sedis

252 2022 438 2069 ‚apostolicae
449 2043 462 2061 ‚
487 2021 541 2064 qui
551 2018 653 2052 dietus
678 2015 718 2057 esi
730 2015 809 2051 Otho
821 2016 985 2059 Episcopus
995 2017 1134 2060 Ostienfis

252 2069 412 2114 Ecclefiae‚
436 2065 507 2103 cum
522 2065 590 2108 jam
603 2062 743 2099 Clemens
757 2069 850 2106 'Papa
869 2068 1015 2099 Romanae
1029 2063 1128 2108 praefi.

251 2121 338 2154 deret
347 2114 485 2159 Ecclefiae
495 2139 504 2148 .
529 2116 685 2147 Intererat
693 2112 790 2145 etiam
801 2108 873 2144 hufc
882 2112 1059 2145 conventui
1070 2118 1130 2146 He-

252 2169 376 2201 rimann
382 2175 419 2198 us
430 2186 442 2204 ,
467 2162 565 2196 cuine
580 2158 663 2203 apud
666 2157 742 2201 suos
756 2158 883 2202 quidem
901 2156 1133 2193 attribuebatur

253 2215 348 2248 honor
369 2212 486 2256 Regius
498 2233 510 2250 ,
532 2208 552 2242 ὰ
575 2217 635 2252 quo
646 2217 728 2240 nunc
752 2209 795 2241 Θ·
812 2203 898 2239 illius
914 2206 1027 2243 synodi
1045 2208 1133 2250 coepit

253 2260 422 2296 Tractatus
439 2281 449 2290 .
475 2257 520 2294 Et
530 2251 639 2289 intra:
665 2255 738 2288 Haec
746 2264 867 2298 quoque
879 2252 1039 2295 sententia
1063 2252 1132 2288 cum

254 2319 313 2343 non
330 2300 494 2351 placuiffet
513 2301 671 2348 Episcopis
680 2324 693 2340 ‚
716 2309 792 2335 tunc
809 2298 964 2344 rogabant
984 2300 1040 2344 ipsi
1049 2324 1062 2342 ‚
1085 2312 1130 2334 ro-

255 2354 375 2398 gabant
400 2357 442 2387 (9·
461 2350 518 2384 alii
539 2350 699 2391 Principes
717 2349 859 2383 Saxoniae
870 2372 882 2389 ‚
907 2357 944 2381 ut
966 2346 1015 2382 his
1039 2357 1133 2394 atque

250 2392 552 2446 ‘hujusmodiomiffis
562 2420 575 2438 ‚
600 2394 680 2430 Otho
697 2395 879 2440 consentiret
905 2406 975 2429 cum
986 2397 1031 2429 eis
1048 2399 1087 2431 ad
1097 2407 1132 2431 ea

255 2461 324 2495 quae
342 2442 493 2491 coepiffent
516 2455 606 2489 agere
625 2467 634 2477 .
660 2448 700 2478 Se
723 2443 848 2488 quidem
875 2440 1047 2487 conveniffie
1060 2467 1073 2484 ‚
1097 2452 1132 2478 ut

255 2497 428 2533 trastarent
447 2517 459 2534 ‚
484 2491 633 2538 quomodo
661 2489 821 2535 defendere
833 2487 951 2534 poffent
966 2501 1074 2535 partes
1096 2503 1133 2525 ac

249 2545 357 2587 studia
369 2542 421 2585 sui
435 2546 506 2585 Cre*
518 2540 575 2573 orii
592 2544 689 2581 Papae
703 2561 716 2578 ,
741 2538 868 2584 ejusque
891 2536 1060 2572 anathema
1074 2540 1128 2572 cir-

255 2604 292 2627 ca
307 2592 475 2626 Henricum
527 2596 613 2632 egem
630 2595 785 2619 renovare
796 2609 807 2625 ,
831 2596 869 2619 ac
881 2584 997 2629 populo
1014 2586 1134 2623 indica-

255 2652 289 2674 re
304 2662 315 2680 ,
340 2637 423 2684 quod
442 2635 726 2670 excommunicatus
749 2631 793 2676 fit
810 2635 935 2674 omnis,
959 2638 1003 2669 (9-
1014 2635 1134 2678 fizlvm

256 2684 312 2731 effi?
322 2697 381 2720 non
388 2682 475 2729 poffit
484 2706 497 2724 ‚
520 2681 659 2726 quisquis
670 2682 798 2714 Henrico
807 2682 886 2725 Regi
894 2682 925 2714 in
936 2680 1042 2727 aliquo
1052 2695 1131 2722 com-

256 2734 489 2769 municaverit.
513 2735 602 2764 Tunc
615 2727 670 2762 ille
679 2726 758 2762 Otho
777 2725 883 2772 flexus
900 2726 940 2769 est
959 2731 1001 2763 ad
1019 2730 1128 2765 volun-

256 2790 356 2816 tatem
376 2790 481 2815 eorum
496 2802 509 2820 ‚
534 2778 577 2813 (T
591 2774 738 2820 consenfit
752 2800 762 2809 .
787 2777 873 2824 Qia
893 2783 991 2810 vento
1008 2781 1132 2823 agitata

256 2829 375 2864 arundo
399 2826 519 2870 exstitit
542 2850 552 2859 .
592 2830 838 2860 Damnaverunt
871 2821 986 2857 iterum
1010 2836 1134 2867 omnes,

257 2880 311 2921 qui
334 2877 489 2915 aderant,
513 2872 653 2919 Episcopi
671 2872 839 2906 Henricum
858 2877 997 2916 Regem,
1022 2874 1067 2910 (9-
1083 2874 1129 2916 ju.

252 2921 470 2966 stificaverunt
494 2922 604 2958 multis
626 2921 726 2954 modis
739 2918 795 2961 sui
824 2919 963 2963 Gregorii
983 2928 1105 2963 partem
1121 2946 1133 2963 ‚

257 2978 384 3017 agentes
393 2971 448 3015 ipsi
463 2973 568 3005 omnia
577 2976 682 3004 contra
692 2965 829 3012 Regulas
852 2968 895 3002 (5·
908 2964 1058 3006 Instituta
1073 2975 1130 3005 Ec-

257 3018 351 3063 clefiae
362 3041 375 3059 ,
399 3018 503 3062 utpote
513 3019 637 3063 quinon
652 3011 859 3059 convenissent
879 3014 920 3048 ad
932 3016 1083 3055 synodum
1100 3018 1132 3050 in

258 3065 322 3101 loco
346 3063 480 3106 celebri,
504 3067 536 3099 in
568 3066 704 3099 civitate
712 3061 834 3106 scilicet
854 3062 1027 3108 Epist-‘opali
1043 3087 1057 3105 ‚
1080 3067 1133 3109 qui

256 3111 465 3158 conveniffent
472 3115 505 3147 in
517 3109 604 3156 sestis
618 3109 726 3146 diebus
733 3108 862 3152 ‘Pascha
874 3134 885 3151 ‚
910 3112 942 3144 in
960 3109 1127 3155 diebusfiti-

256 3161 332 3196 licet
344 3162 459 3208 gaudii
484 3161 526 3196 <²9-
546 3159 662 3193 laetitiae
682 3168 690 3191 :
717 3161 768 3192 vt
793 3157 933 3200 meserias
953 3160 1131 3197 miserorum

257 3216 426 3255 augerent,
448 3207 656 3251 utseditiones
679 3215 717 3238 ac
737 3205 847 3247 praelia
855 3213 1043 3240 renovarent
1060 3230 1071 3246 ,
1096 3216 1130 3241 ut

255 3260 351 3292 etiam
366 3256 461 3299 fidem
485 3252 672 3295 destruerent
682 3276 704 3302 ·.
715 3252 808 3297 Qiae
817 3251 932 3288 omnia
943 3251 1022 3288 sunt
1031 3253 1129 3293 plena

254 3303 453 3340 calumniis:
480 3298 670 3337 Praesertim
696 3308 731 3332 in
760 3297 938 3334 Othonem
969 3300 1130 3344 Gregorii

254 3354 444 3399 Legatum.
473 3344 933 3389 DeipsoadditVenericus2
959 3348 1126 3396 othoprae·

1198 1362 1364 1406 cipitanter
1373 1357 1515 1396 ambivit
1540 1371 1579 1404 ac
1597 1359 1719 1405 invasit
1737 1360 1845 1405 sedem
1855 1357 2085 1405 apostolicam,

1200 1410 1273 1453 usus
1293 1418 1391 1442 manu
1413 1433 1425 1450 ‚
1449 1410 1491 1445 (φ’
1513 1408 1634 1444 auxilio
1646 1405 1843 1452 peffimorum
1861 1431 1875 1449 ‚
1898 1409 1983 1452 apud
2008 1417 2085 1452 quos

1201 1468 1255 1492 nec
1264 1456 1474 1491 humanarum
1489 1468 1544 1493 nec
1552 1457 1751 1491 Divinarum
1762 1454 1856 1490 valet
1872 1454 1996 1500 aliquid
2013 1463 2085 1488 con-

1197 1503 1456 1549 liz'tutiolegum.
1482 1504 1535 1539 Ita
1568 1503 1672 1544 hujus
1688 1499 1819 1548 Synodi
1836 1498 2086 1552 authoritatem

1200 1561 1346 1585 conatur
1356 1549 1628 1587 circumscribere
1641 1575 1650 1584 .
1676 1550 1775 1586 Dum
1795 1548 1870 1585 haec
1889 1547 2087 1584 scribeban-

1202 1609 1258 1634 tur
1269 1623 1284 1641 ,
1307 1596 1405 1635 Otho
1423 1609 1464 1634 ex
1484 1597 1625 1635 Ostiensi
1645 1596 1813 1640 Episcopo
1831 1604 1904 1632 erat
1922 1595 1997 1638 post
2017 1593 2084 1641 Vi·

1201 1645 1330 1680 ctorem
1349 1644 1488 1681 tertium
1512 1645 1679 1685 Urbanus
1690 1642 1872 1679 secundus.

1245 1690 1416 1734 Legitima
1441 1702 1480 1727 ac
1500 1692 1635 1728 veracia
1655 1689 1888 1736 synodiActa
1906 1688 2086 1726 audiamus

1200 1736 1218 1773 ὲ
1237 1736 1426 1772 Bertholdo
1445 1737 1719 1774 Constantiemi:
1747 1745 1947 1773 Hermannus
1965 1746 2032 1777 Rex
2052 1740 2087 1771 in

1201 1783 1479 1834 Qintilinoburch
1489 1785 1613 1830 Pascha
1634 1784 1809 1820 celebravit
1819 1808 1833 1825 ,
1858 1783 1911 1819 ubi
1935 1787 1977 1821 (9·
1988 1791 2087 1830 Lega-

1199 1841 1251 1866 tus
1268 1832 1397 1866 Domini
1405 1833 1578 1877 „Apostolict
1588 1836 1621 1868 in
1647 1832 1714 1877 ipsa
1724 1831 1875 1875 ‘Paschali
1891 1831 2085 1868 hebdomada

1194 1878 1374 1924 generalem
1389 1882 1541 1918 synodum
1555 1891 1627 1916 cum
1650 1879 1902 1924 ⁸Archaepiscopis
1919 1904 1931 1921 ‚
1955 1881 2084 1925 Episco-

1195 1929 1268 1970 pis,
1293 1925 1535 1962 &Abbatibus
1549 1952 1562 1970 ,
1589 1928 1701 1963 santio
1725 1933 1821 1963 'Petro
1832 1926 1979 1969 fidelibus
1997 1952 2008 1969 ,
2026 1928 2082 1972 [ο-

1197 1974 1342 2008 temnim-
1364 1973 1536 2009 celebravit
1548 2001 1557 2009 .
1581 1974 1731 2018 Interfuit
1750 1983 1858 2009 autem
1883 1974 1956 2011 huic
1966 1979 2081 2017 synodo

1198 2020 1411 2056 Geberbardus
1438 2020 1719 2066 Reverendiffimus
1734 2022 1930 2066 Javanenfis
1957 2024 2080 2061 Archi-

1197 2069 1371 2111 episcopus.
1396 2076 1477 2104 Item
1489 2069 1682 2104 venerabilis
1700 2073 1873 2105 Hartuicus
1892 2071 2081 2118 Magdebur.

1190 2114 1292 2160 gensis
1302 2114 1563 2160 ⁸Arcbiepiscopus
1572 2127 1643 2150 cum
1653 2115 1869 2161 suffraganeis
1881 2119 1952 2160 suis
1962 2144 1971 2153 .
1997 2126 2079 2154 Item

1195 2161 1391 2207 suffraganei
1418 2165 1609 2207 Magantinae
1635 2164 1720 2197 Sedis
1739 2166 1776 2197 de
1794 2166 1953 2200 saxonia:
1978 2169 2074 2208 ‘Nam

1195 2207 1492 2255 Wirtzeburgenfis
1502 2234 1514 2251 ‚
1539 2212 1582 2246 &⁶
1597 2210 1845 2254 VVoimatienfis
1853 2235 1867 2253 ‚
1891 2213 2076 2258 augusten-

1189 2256 1233 2300 fis
1263 2269 1384 2302 quoque
1402 2281 1415 2298 ,
1440 2260 1482 2294 (ξφ
1510 2256 1745 2301 constantiensis
1771 2258 1809 2292 de
1829 2259 2040 2296 ,allemannia
2060 2287 2074 2305 ,

1194 2305 1310 2349 quique
1321 2303 1376 2348 ipsi
1386 2307 1541 2340 canonica
1551 2301 1721 2347 neceffitate
1730 2306 1873 2349 impediti
1884 2311 2002 2343 venire,
2012 2320 2073 2344 non

1190 2360 1357 2395 potuerunt
1367 2375 1379 2393 ‚
1400 2362 1457 2395 per
1465 2352 1651 2399 legationem
1656 2350 1750 2395 suam
1769 2353 1806 2395 se
1814 2353 1925 2396 santio
1936 2357 2072 2392 Concilio

1193 2399 1495 2442 repraesentaverunt
1503 2423 1516 2441 ‚
1536 2399 1632 2446 seque
1635 2408 1692 2444 per
1700 2405 1806 2434 omnia
1816 2402 1951 2445 ejusdem
1962 2406 2073 2444 synodi

1195 2448 1331 2481 statutis
1341 2443 1508 2490 assensuros
1517 2448 1769 2482 mandaverunt.
1797 2454 1867 2487 Rex
1876 2452 1972 2484 etiam
1991 2459 2071 2487 Her-

1193 2504 1327 2528 mannus
1341 2505 1411 2528 cum
1425 2494 1495 2538 suis
1509 2492 1709 2539 'Principibus
1724 2496 1821 2530 eidem
1836 2499 1951 2538 synodo
1969 2502 2072 2535 inter-

1188 2540 1276 2584 fuit.
1301 2542 1353 2577 Ex
1374 2540 1424 2575 his
1441 2540 1533 2577 vides
1553 2541 1631 2577 huic
1646 2541 1787 2586 synodo
1806 2543 1946 2580 adfuiise
1964 2547 2069 2582 etiam

1194 2589 1394 2624 Bennonetn
1413 2587 1620 2625 Misncnsem
1637 2587 1862 2630 Episcopum.
1887 2592 1958 2629 Hic
1979 2593 2071 2629 enim

1193 2634 1551 2686 cstMagdeburgenfis
1572 2636 1729 2674 Ecclefiae
1749 2637 2000 2684 suffraganeus.
2025 2643 2071 2679 Et

1192 2681 1245 2734 iile
1252 2692 1324 2718 erat
1345 2693 1433 2735 unus
1441 2694 1482 2719 ex
1494 2682 1664 2727 Episcopis
1680 2685 1852 2722 damnatis
1868 2688 1903 2724 in
1912 2689 2070 2735 Mogun-

1193 2739 1266 2764 ωηο
1286 2729 1468 2766 latrocinio
1491 2758 1500 2767 .
1526 2730 1661 2770 Ver-tim
1679 2733 1791 2775 postea
1811 2735 1923 2777 lapsus
1941 2763 1951 2772 .
1984 2738 2070 2779 Ejus

1192 2775 1323 2818 lapsum
1342 2777 1499 2815 describit
1516 2778 1682 2822 praefatus
1702 2782 1887 2819 veneticus
1907 2795 1917 2819 :
1947 2793 2000 2822 Ex
2017 2785 2068 2821 bis

1191 2825 1334 2861 omnibus
1350 2826 1528 2872 Epifiopis‚
1552 2830 1608 2873 qui
1621 2829 1678 2864 vei
1697 2831 1842 2865 damnati
1856 2831 1988 2877 fuerunt
2010 2831 2069 2869 vel

1191 2873 1316 2918 depositi
1341 2898 1354 2916 ‚
1378 2886 1460 2909 unus
1476 2878 1603 2911 tantum
1613 2902 1626 2919 ,
1644 2876 1769 2921 fiilicet
1785 2885 1889 2914 Renno
1906 2878 2068 2925 Mifiienfis

1192 2922 1378 2966 Episcopus,
1403 2925 1496 2957 venit
1504 2924 1548 2958 ad
1565 2928 1675 2961 sedem
1684 2926 1919 2970 apostolicam,
1936 2939 1995 2973 pro
2006 2927 2067 2970 suo

1191 2979 1287 3003 errore
1290 2973 1450 3013 petiturus
1459 2974 1613 3015 veniam,
1638 2971 1734 3018 quiim
1763 2977 1974 3019 &promeruit
1983 2975 2066 3008 acci-

1187 3026 1280 3060 pere,
1302 3016 1398 3059 §texta
1408 3019 1491 3062 quod
1504 3019 1572 3063 ipsa
1585 3030 1688 3056 mater
1710 3024 1847 3057 omnium
1859 3022 2064 3066 Ecclefiarum

1191 3069 1332 3101 Romana
1342 3064 1477 3109 Ecclesia
1481 3066 1583 3108 soleat
1595 3067 1826 3114 appellantibus
1840 3070 1992 3115 quidquid
1995 3071 2065 3112 pie-

1190 3114 1266 3146 tatis
1275 3110 1316 3154 esi
1320 3111 1440 3157 semper
1448 3112 1556 3157 offme
1566 3141 1576 3149 .
1600 3124 1684 3161 Ergo
1699 3115 1838 3152 clemens
1854 3122 1947 3161 Papa
1961 3118 2062 3161 pomi,

1189 3167 1304 3194 tentem
1328 3159 1458 3205 benigne
1475 3161 1635 3208 suscepit,
1659 3165 1703 3198 (θ’
1717 3162 1880 3208 confessum
1893 3175 1950 3209 pro
1967 3175 2065 3201 errore

1185 3207 1241 3250 suo
1250 3205 1410 3248 honorifice}
1424 3210 1581 3244 tratzavit
1590 3235 1603 3252 ‚
1629 3210 1854 3257 abeuntemque
1869 3223 1940 3249 cum
1949 3214 2065 3249 litteris

1189 3253 1372 3299 ,apostolica
1386 3257 1474 3290 Sedis
1483 3258 1524 3290 ad
1540 3261 1706 3292 Henricum
1722 3263 1939 3302 Imperatorem
1958 3260 2041 3305 milit
2048 3284 2064 3302 ,

1190 3300 1444 3346 &ipselibenter
1452 3305 1605 3348 accipiens
1617 3305 1805 3350 correctum,
1828 3309 1944 3354 dimifit
1968 3306 2065 3344 libere

1190 3347 1274 3385 abire
1289 3352 1322 3385 in
1338 3350 1556 3397 Episcopatum
1567 3353 1664 3396 suum
1680 3378 1691 3388 .
