2372 3756
351 140 446 171 212
659 120 699 165 S.
741 117 1069 166 GRtooRn
1105 132 1344 164 serum
1380 119 1740 169 Por-inmeis

282 217 368 243 caena
377 203 515 250 synodo
524 202 691 238 adversum
705 202 846 237 Arianos
856 202 1020 238 industam
1033 212 1159 241 vocem,
1173 198 1179 212 '
1226 199 1349 233 Eadem
1369 199 1553 241 constantia
1568 202 1677 238 Mater
1688 204 1831 240 Ecclefia
1851 206 2019 244 adversum
2038 211 2105 247 Ne.

282 254 553 301 consubstantiale,
579 252 738 299 quidquid
751 254 886 288 illorum
897 253 1065 287 molliores
1088 218 1178 284 alle-¹
1227 249 1384 283 storianos
1406 261 1523 285 vocem
1544 255 1679 294 Deipara
1699 279 1712 295 ‚
1746 254 1782 289 ὅς
1804 255 1970 293 adversum
1999 261 2105 304 Euty-

282 316 398 353 garant
423 314 478 339 aut
502 304 751 349 promitterent,
777 313 955 346 numquam
980 299 1161 336 circumdu—
1225 298 1364 339 chianos
1380 301 1526 335 tractavit
1546 312 1661 336 vocem
1675 327 1686 344 ,
1713 308 1750 337 In
1761 305 1878 339 duabus
1888 314 2028 343 naturis.-
2058 313 2104 345 Et

281 367 355 391 cete
379 363 437 390 aut
457 354 717 389 circumscribere
738 354 843 387 voluit
865 352 975 385 Mater
1000 350 1159 386 Ecclesia:
1222 348 1390 383 adversum
1412 351 1541 385 Graecos
1562 351 1793 389 schismaticos
1812 356 1995 391 etiamnum
2004 356 2106 395 hodi&

281 406 388 449 Ipsam
399 403 513 439 habuit
525 400 1041 449 proimmobilicontefferatione
1051 399 1163 434 ottho·
1224 400 1336 433 tractat
1357 410 1473 438 vocem
1496 401 1644 444 Symboli
1670 428 1682 444 ,
1707 407 1844 448 Filioque
1867 431 1874 438 .
1908 405 2008 442 Plura
2029 409 2105 444 sunt

281 455 376 490 doxae
399 453 652 491 Christianitatis
673 476 681 486 .
709 453 752 486 Et
775 451 965 494 syrmienfis
984 451 1019 487 ὅ(
1040 448 1162 483 Arimi·
1225 448 1406 483 istiusmodi
1419 452 1589 495 exempla.
1617 453 1726 488 Mater
1739 454 1878 490 Ecclefia
1894 468 1961 491 non
1975 445 2106 494 tantum

283 506 386 540 nenfis
397 504 607 549 Synodorum
621 503 738 537 unicus
759 501 823 535 fere
844 500 946 543 lapsus
957 500 1043 540 fuit,
1069 498 1160 542 quod
1223 496 1393 538 credendi,
1424 501 1479 535 sed
1500 503 1600 537 etiam
1629 503 1787 547 loquendi
1810 506 1894 550 leges
1915 506 2012 541 debet
2032 519 2105 553 Ρη.

281 555 376 591 istam
388 565 501 590 vocem
515 554 684 588 tacuiffent
698 576 704 585 .
732 551 827 584 Hinc
837 560 952 584 omnes
961 560 1071 583 earum
1087 549 1162 591 Epi·
1226 547 1359 583 scribere
1371 550 1538 586 Haereticis
1550 575 1563 593 ‚
1587 554 1623 588 ἀ
1635 552 1668 588 bi
1684 554 1725 590 ab
1736 555 1802 599 ipsa
1815 556 1957 600 accipere
1969 581 1982 598 .-

278 604 369 651 scopi
391 606 521 640 fuerunt
542 601 656 644 dejecti
678 602 714 636 in
736 601 854 636 laicam
868 597 1159 635 communionem.

280 845 431 1000 s*
473 836 1651 999 GREGORH
1701 732 2100 1003 νΠΑ

395 1067 1136 1155 SEPTIMUM
1223 1070 1992 1159 ROMANUM

346 1242 463 1364 C
543 1236 666 1359 O
744 1237 870 1356 N
947 1237 1063 1361 C
1141 1236 1193 1354 I
1273 1236 1370 1358 L
1448 1237 1501 1355 I
1572 1237 1704 1360 U
1780 1239 1913 1359 M
1985 1325 2032 1360 r

522 1451 635 1497 Nno
668 1445 726 1494 ab
762 1445 1065 1493 Incarnatione
1102 1445 1288 1493 Domini
1324 1443 1555 1493 millesimo
1588 1444 1847 1508 odiogefimo
1870 1482 1883 1507 ‚
1921 1447 2105 1499 Pontifi-

556 1530 680 1565 catus
716 1515 824 1564 vero
873 1517 1060 1563 Domini
1099 1514 1303 1576 Gregorii
1351 1512 1520 1581 septimi
1557 1518 1687 1582 Papae
1732 1533 1848 1565 anno
1884 1514 2103 1584 septimo,

557 1584 797 1636 indiCtione
834 1587 963 1634 tertia
997 1621 1010 1645 ,
1060 1583 1299 1634 celebravit
1344 1583 1433 1651 ipse
1469 1587 1688 1635 Dominus
1724 1589 1851 1653 Papa>-
1880 1586 2103 1655 Synodum

556 1660 707 1706 Romae
743 1692 756 1717 ‚
807 1655 882 1703 ubi
918 1654 1207 1703 interfuerunt
1244 1649 1579 1722 Archiepiscopi
1614 1691 1628 1715 ,
1675 1654 1878 1724 Episcopi
1913 1656 2106 1708 diversa-

277 1743 374 1789 rum
409 1726 599 1776 Urbium
635 1763 648 1786 ,
686 1741 770 1775 nec
808 1742 897 1775 non
932 1723 975 1772 δε
1011 1724 1234 1774 Abbatum
1271 1761 1285 1784 ,
1320 1739 1371 1775 ac
1408 1722 1670 1774 diversorum
1702 1726 1977 1776 Clericorum
2013 1764 2027 1788 ‚
2062 1731 2107 1778 &

277 1799 511 1847 Laicorum
547 1794 872 1846 innumerabilis
908 1794 1146 1843 multitudo
1177 1831 1190 1842 .
1227 1800 1277 1843 ln
1312 1812 1401 1862 qua
1435 1794 1688 1861 Apostolica
1723 1796 1975 1846 Constituta
2008 1815 2104 1847 cor-

275 1867 504 1917 roboravit
539 1905 552 1929 ,
590 1867 729 1915 multa
764 1883 861 1932 quae
896 1864 1150 1928 corrigenda
1185 1879 1305 1914 erant
1341 1868 1525 1913 correxit
1559 1901 1572 1925 ,
1611 1869 1654 1914 &
1690 1882 1787 1932 quae
1821 1868 2105 1917 corroboran-

277 1938 336 1987 da
370 1938 561 1989 firmavit
598 1974 610 1986 .
665 1941 784 1985 Inter
820 1951 972 1984 caetera
1008 1952 1196 2002 namque
1231 1937 1276 1985 in
1312 1934 1397 1983 fine
1431 1933 1660 2002 Synodalis
1695 1934 1978 1986 absolutionis
2014 1938 2106 1986 haec

279 2009 487 2058 annexuit
521 2045 534 2070 ,
569 2012 614 2058 &
650 2021 867 2076 perpetuae
902 2008 1118 2057 memoriae
1153 2024 1234 2077 pro
1267 2004 1447 2078 posteris
1480 2003 1705 2057 scribenda
1738 2005 1963 2058 mandavit
1990 2043 2004 2069 ,
2040 2010 2105 2056 ita

280 2078 490 2129 dicendo.
703 2083 706 2086 ⁴

1034 2218 1176 2227 ——v—au—

870 2307 1388 2354 CANON
1490 2308 1526 2353 Ι.

375 2455 597 2519 Equentes
636 2451 809 2496 Statuta
844 2443 1079 2509 sandiorum
1117 2448 1294 2492 Patrum
1332 2479 1345 2504 ,
1380 2443 1486 2492 ficut
1522 2445 1568 2492 in
1603 2443 1817 2511 prioribus
1853 2446 2070 2494 Conciliis
2095 2480 2110 2505 ‚

411 2539 507 2589 quae
543 2524 645 2568 Deo
680 2515 906 2565 miserante
941 2510 1255 2565 celebravimus
1276 2551 1289 2574 ,
1326 2512 1382 2562 de
1417 2513 1691 2564 ordinatione
1726 2514 1990 2578 dignitatum
2027 2519 2110 2563 Ec-

290 2593 619 2646 'clefiasticarum
672 2588 893 2636 statuimus
930 2621 944 2646 ‚
990 2587 1054 2634 ita
1088 2589 1131 2634 &
1165 2602 1281 2633 nunc
1328 2584 1578 2651 Apostolica
1623 2587 1879 2634 auctoritate
1913 2584 2110 2634 decerni-

294 2680 389 2714 mus
411 2701 426 2725 ,
462 2681 513 2711 ac
548 2657 850 2710 confirmamus
877 2692 891 2716 ‚
926 2671 975 2704 ut
1011 2654 1042 2704 fi
1075 2657 1173 2722 quis
1208 2653 1515 2722 Episcopatum
1551 2656 1620 2705 vel
1656 2655 1894 2705 Abbatiam
1930 2653 1984 2703 de
2020 2671 2111 2703 ma-

297 2752 356 2783 nu
392 2735 569 2798 alicujus
606 2731 749 2779 Laicae
783 2726 971 2796 personae
1006 2724 1234 2793 susceperit
1267 2761 1280 2785 ‚
1334 2726 1578 2775 nullatenus
1614 2728 1726 2775 inter
1762 2723 1993 2793 Episcopos
2039 2725 2112 2775 vel

298 2803 496 2854 Abbates
531 2801 760 2859 habeatur,
797 2816 878 2847 nec
914 2797 1002 2846 ulla
1036 2798 1076 2845 ei
1112 2811 1159 2844 ut
1194 2794 1409 2862 Episcopo
1444 2797 1515 2845 vel
1551 2797 1717 2845 Abbati
1751 2794 1973 2845 audientia
2007 2811 2113 2845 con-

301 2873 480 2923 cedatur
516 2907 529 2918 .
577 2869 749 2938 Insuper
786 2872 920 2918 etiam
955 2869 997 2917 ei
1033 2868 1216 2929 gratiam
1251 2868 1391 2914 Sancti
1428 2868 1548 2916 Petri
1583 2871 1625 2916 &
1660 2869 1887 2915 introitum
1915 2866 2113 2915 Ecclefiae

304 2941 600 3002 interdicimus
636 2976 648 3000 ‚
697 2956 787 3005 quo
821 2937 951 3005 usque
987 2938 1131 2987 locum
1166 2973 1179 2997 ,
1230 2954 1360 3003 quem
1408 2935 1484 2985 sub
1518 2938 1695 2986 crimine
1731 2952 1822 2985 tam
1857 2936 2113 2985 ambitionis

305 3012 441 3081 quim
476 3009 779 3060 inobedientiae
812 3045 825 3068 ‚
863 3007 984 3075 quod
1020 3007 1079 3056 est
1114 3005 1243 3055 scelus
1278 3007 1533 3056 idololatriae
1571 3043 1584 3067 ‚
1628 3008 1746 3075 cepit
1781 3043 1794 3066 ,
1829 3004 2115 3075 resipiscendo

307 3102 397 3133 non
433 3080 586 3132 deserit
621 3117 633 3128 .
686 3081 892 3129 Similiter
937 3079 1072 3128 etiam
1117 3075 1172 3127 de
1218 3075 1487 3129 inferioribus
1535 3076 1841 3129 Ecclefiasticis
1887 3077 2115 3142 dignitati-

310 3153 388 3205 bus
415 3152 735 3203 constituimus.

1869 3433 2055 3478 Seno-
