2372 3756
638 120 952 169 strumum-
978 107 1299 165 Romanum
1334 114 1723 164 Concanum

470 245 1010 308 S‘cnot1o.1s1.'

280 357 482 447 REgias
496 358 693 394 Antistitum
718 357 753 395 δε
763 353 953 400 quorumvis
966 350 1160 388 Ecclefiasti‘

287 417 290 421 '
308 452 311 453 ⁷
406 420 519 452 eorum
539 409 700 454 graduum
712 406 958 444 nominationes
979 415 1017 439 ac
1030 401 1162 437 Investi-

279 471 367 495 tutas
387 457 498 494 denuo
519 459 652 494 damnat
666 457 848 503 Gregorius
859 456 950 499 juxta
961 454 1158 499 trigesimum

277 512 421 553 primurn
448 509 466 544 ὲ
492 508 676 555 vulgaribus
704 505 935 550 Apostolicum
963 504 1158 538 Canonem:

277 562 311 592 51
320 566 387 601 quis
399 557 562 603 Epifiopus
566 558 592 603 s
587 558 761 594 aecutarrbus
777 554 971 596 Potessatibus
983 552 1052 598 usus
1064 578 1076 594 ,
1101 555 1159 586 Ec-

277 608 389 651 cleſsam
396 619 452 651 per
473 609 550 653 ipsos
561 610 712 648 obtineat,
738 607 919 649 deponatur.
931 620 935 623 ·
947 609 993 637 Et
1007 602 1159 647 segregen-

276 667 328 692 tur
347 671 445 693 omues
469 665 520 702 qut
541 665 567 692 ei
586 663 798 693 communicant
810 682 818 689 .
848 654 996 705 Quaestio
1016 653 1062 687 est
1077 677 1089 693 ,
1115 664 1157 687 an

275 706 347 743 haec
369 709 521 753 Gregorii
543 709 661 748 verba,
685 708 869 741 Nullatenus
897 711 975 738 inter
997 702 1157 746 Episcopos

275 765 333 791 aut
347 758 475 791 Abbates
498 757 642 792 habeatur
662 783 673 798 ‚
698 757 839 791 statuant
873 754 1058 799 impositam
1093 753 1160 789 illis

275 818 412 845 manum
427 808 500 840 'effe
525 807 776 842 substantialiter
797 805 942 845 irritam,
968 815 1005 837 ac
1016 813 1157 847 repeten-

273 854 373 889 dam?
398 855 529 890 Partem
540 856 766 892 affirmativam
780 855 910 891 firmare·
918 853 1042 889 videtur
1052 855 1087 888 in
1098 852 1157 887 Ec-

272 905 447 940 clefiastica
467 906 521 940 sua
543 905 676 942 historia
688 906 822 941 Sanetus
842 903 1067 948 Theophanes
1079 927 1092 946 ‚
1115 903 1156 939 de

223 955 226 958 ’
272 956 440 991 Dioscoro
456 956 609 1005 ‘secundo
634 969 689 1002 per
700 955 860 992 Anastafii
878 954 1083 998 Imperatoris
1100 966 1155 989 no·

128 1490 253 1525 Ari-scs.

274 1006 492 1040 minationem
524 1003 650 1044 intruso
672 1008 706 1041 in
732 1003 1156 1043 'SedemAlexandrinam2

271 1053 339 1088 haec
350 1055 511 1090 scribens:
539 1056 673 1100 Diasion
685 1055 829 1101 Episcopo
851 1065 970 1096 creato,
996 1056 1153 1097 oppidano·

270 1118 336 1139 eum
347 1107 504 1140 multando
525 1109 546 1142 ᾰ
559 1109 669 1150 reliquo
679 1106 813 1148 Ecclefiae
834 1115 907 1140 coetu
922 1104 1092 1150 segregavit
1100 1103 1134 1147 se
1143 1127 1155 1144 ,

272 1158 374 1194 dicens
393 1169 403 1199 ;
429 1161 504 1190 Non
514 1157 598 1201 sedet
611 1156 774 1201 Episcopus
788 1180 798 1196 ,
824 1154 956 1198 nist'qui‚
979 1164 1068 1197 prout
1083 1154 1149 1197 san.-

270 1206 312 1239 έῖἱ
323 1206 471 1249 apostolici
491 1211 628 1243 canones
639 1205 835 1251 praescribunt
847 1230 858 1246 ,
877 1205 975 1247 fuerit
987 1204 1134 1244 institutus
1144 1229 1160 1236 e

270 1259 423 1298 Principis
443 1263 524 1291 enim
546 1257 740 1301 Magistratus
762 1268 827 1290 eum
841 1257 885 1288 ad
900 1253 1152 1298 thronumsubve—

270 1315 400 1349 nerant,
424 1309 521 1350 Igitur
541 1310 587 1342 ad
608 1308 711 1341 Sanc‘li'
735 1311 831 1339 Marci
854 1305 987 1349 Diofioro
1002 1304 1151 1347 profeHo,

270 1362 476 1390 convenientes
490 1359 601 1392 Clerici
615 1357 743 1397 vestibus
755 1358 860 1390 iterum
873 1357 1030 1389 induerunt
1056 1356 1090 1389 Θ
1107 1367 1149 1387 or·

271 1409 437 1440 dinationIs
458 1408 552 1439 ritum
574 1413 654 1440 circa
667 1418 733 1440 eum
752 1408 861 1439 iterato
867 1406 1070 1447 perfecerunt.
1097 1409 1149 1438 At-

270 1468 326 1499 que
338 1451 382 1488 iia
395 1457 440 1488 ad
456 1457 559 1491 Santh
570 1460 603 1502 J
606 1462 711 1489 oannis
720 1455 886 1499 progreffus
898 1480 908 1497 ‚
930 1454 1050 1498 sqcram
1068 1453 1142 1498 sina·

270 1511 336 1539 xim
351 1510 487 1548 peregit.
511 1506 686 1541 Consonat
707 1506 741 1539 in
766 1505 987 1541 Ecclesiastico
1014 1505 1149 1542 historia

269 1554 460 1589 Anastasius
480 1554 754 1590 Bibliothecarius
775 1567 784 1587 ε
811 1555 888 1590 crim
913 1553 1065 1598 Dioscorus
1085 1567 1148 1588 ma-

268 1615 324 1637 nus
345 1603 552 1646 impofitionem
572 1605 722 1648 acceptffet
740 1630 752 1645 ,
789 1606 916 1647 recessere
941 1605 1146 1638 multitudines

266 1653 431 1696 rusticorum
444 1679 459 1697 ‚
482 1656 635 1701 dicentes3
661 1657 745 1700 ,Quia
757 1653 975 1698 ntfiseeundrim
994 1657 1073 1699 quod
1075 1654 1144 1699 san-

827 1877 1345 1926 CANON

1935 137 2028 182 2¹3

1221 200 1330 235 Horum
1340 203 1488 234 continent
1508 199 1701 244 Apostolorum
1723 206 1859 239 canones
1866 205 1923 248 fiat
1936 229 1948 247 ,
1972 217 2030 242 non
2050 219 2095 243 re-

1219 255 1347 294 cipietur
1358 249 1521 294 Episcopus
1534 274 1543 284 .
1571 252 1726 293 Principes
1747 260 1824 287 enim
1836 250 2095 295 intronizaverunt

1220 312 1307 336 eum.
1336 299 1490 343 Dioscorus
1507 309 1610 335 autem
1632 306 1716 337 venit
1736 303 1779 334 ad
1789 306 1928 342 Sanelum
1939 310 2072 343 Mamm,
2081 332 2095 349 ,

1220 353 1254 388 e·
1268 355 1421 385 venientes
1434 351 1541 388 Clerici
1562 351 1723 385 induerunt
1745 362 1811 384 eum
1815 352 1961 396 secundo,
1988 359 2021 397 (ἕ
2044 362 2096 393 m-

1219 403 1284 434 rr'am
1298 399 1556 447 consecraverunt.
1581 405 1683 437 Etita
1692 406 1818 437 vemens
1830 404 1871 434 ad
1881 406 2020 442 santium
2030 412 2095 455 J..

1219 463 1327 486 annem.
1343 451 1469 493 perfecit
1489 452 1648 486 Collec‘lam
1660 477 1667 484 .
1695 450 1739 492 Et
1747 451 1940 491 electionem
1965 456 2000 490 δε
2018 450 2095 495 con.

1219 501 1429 537 sectationem
1450 503 1513 538 esse
1537 501 1617 536 duas
1640 502 1844 546 Episcopalisv
1876 504 2094 546 promotionis

1218 552 1395 587 essentiales
1422 553 1549 593 causaS,
1575 552 1722 597 adeoque
1743 553 1792 587 uti
1803 552 1869 587 fine
1881 552 1962 594 hac,
1990 554 2036 593 ita
2059 556 2094 595 ὃς

1218 602 1285 637 fine
1308 602 1368 637 ista
1381 601 1487 637 valide
1500 603 1599 637 creati
1621 613 1688 636 non
1700 605 1787 646 poffe
1798 603 1996 647 Episcopum
2007 627 2019 643 ‚
2045 605 2095 638 su-

1219 653 1270 695 pra
1281 651 1468 689 audivimus,
1487 662 1506 687 a
1519 652 1678 688 Goffredo
1700 651 1828 687 Abbate
1839 653 2091 689 Vindocinenfi.

1218 702 1413 746 Respondeo
1427 702 1512 738 hanc
1524 702 1673 741 Goffredi
1685 701 1866 738 destrinam
1878 706 1941 738 effe
1961 703 2094 748 parado-

1218 762 1293 786 xam
1307 775 1318 792 ‚
1344 753 1380 791 ὅ(
1401 753 1459 787 suo
1485 753 1560 789 loco
1580 751 1710 790 abunde
1720 762 1942 796 expugnatam
1955 779 1962 786 .
1989 751 2093 787 Ροιτὸ

1217 813 1434 840 memoratum
1464 804 1663 845 Djoscorum
1697 803 1880 852 nequiffimi
1916 801 2093 843 Timothei

1216 851 1329 886 AElnri
1366 862 1521 898 nepotem
1557 850 1785 897 Theophanes,
1808 877 1821 894 ‚
1859 852 2093 894 consobrinum

1212 902 1351 938 affirmat
1371 902 1557 938 Anastasius
1569 928 1580 944 ,
1604 904 1760 947 additque
1771 903 1812 938 de
1831 903 1902 948 ipso
1922 903 2093 940 Liberatus

1216 950 1363 988 Ecclesiae
1380 952 1642 999 Carthaginenfis
1663 954 1853 992 Diaconus:
1881 953 1976 998 Usque
1995 955 2042 988 ad
2058 956 2094 993 il-

1211 1002 1273 1035 lum
1297 1001 1463 1046 Dioscorum
1483 1003 1666 1049 indivisione
1687 1014 1753 1038 erat
1767 1005 1973 1038 Alexandrina
1993 1006 2093 1039 Eccle-

1209 1051 1271 1092 ῆι.
1296 1052 1376 1087 Hoc
1397 1054 1464 1094 est,
1491 1064 1559 1087 non
1583 1054 1690 1090 solum
1712 1053 1747 1088 in
1761 1053 1954 1091 Catholicos
1977 1054 2011 1088 &
2026 1054 2094 1090 Eu-

1213 1101 1386 1145 tychianos
1398 1128 1409 1144 ,
1435 1102 1487 1138 sed
1508 1103 1610 1142 etiam
1628 1103 1663 1138 in
1677 1103 1782 1147 plures
1806 1103 2096 1147 Eutychianorum

1214 1154 1367 1191 fastio‘nes
1383 1153 1519 1188 lacerata
1542 1178 1552 1192 .,
1588 1153 1658 1188 Hic
1680 1153 1813 1192 dolosus
1835 1155 2018 1189 Dioscorus
2042 1163 2092 1191 to-

1215 1213 1279 1237 tam
1302 1201 1441 1241 reddidit
1454 1203 1552 1237 unius
1571 1203 1699 1247 spiritus
1711 1202 1953 1246 Eutychianam
1966 1228 1974 1236 .
2001 1205 2092 1252 Qa-

1213 1264 1244 1287 re
1266 1252 1476 1290 tumultuaria
1486 1252 1554 1296 ejus
1570 1252 1774 1291 reordinatio,
1793 1254 1917 1290 nullius
1925 1254 1971 1288 est
1984 1257 2093 1289 aueto-

1214 1303 1335 1341 ritatis2
1361 1302 1405 1340 Et
1416 1303 1490 1342 sane
1501 1302 1774 1350 plurimosRegia
1800 1304 2031 1339 nominatione
2043 1305 2093 1338 in·

1213 1354 1318 1387 trusos
1342 1353 1521 1398 Episcopos
1543 1348 1852 1399 degradavit'variis
1865 1353 2091 1398 temporibus,

1211 1415 1248 1437 ac
1259 1402 1366 1447 postea
1380 1404 1574 1447 poenitentes
1584 1403 1740 1447 reparavit
1752 1401 1782 1437 A
1787 1403 1948 1448 postolica
1970 1403 2067 1439 Sedes
2078 1428 2091 1445 ,

1210 1453 1244 1487 <Sc
1270 1464 1380 1492 tamen
1406 1453 1535 1492 nullum
1558 1464 1715 1496 umquam
1738 1453 1857 1499 legitur
1874 1453 2089 1490 reordinaffe.

1209 1503 1344 1537 Interim
1368 1514 1489 1541 omnes,
1505 1503 1547 1538 ad
1569 1504 1696 1547 propria
1717 1504 1832 1547 sponte
1860 1503 2091 1550 deponendam

1207 1551 1403 1599 dignitatem
1413 1553 1525 1598 coegit
1537 1551 1592 1587 hic
1603 1552 1711 1588 noster
1726 1553 1907 1601 Gregorius
1917 1578 1929 1596 ‚
1942 1555 2092 1600 alioquin

2108 935 2178 975 Cap.
2184 945 2196 967 1
2203 939 2230 972 8.

1182 1602 1424 1710 [reparationis
1447 1604 1499 1650 spe
1521 1603 1697 1640 carituros.

1450 1881 1532 1926 ΙΙ.

332 2016 444 2065 Tem
479 2015 513 2065 fi
546 2017 645 2083 quis
679 2018 996 2081 Imperatorum
1031 2051 1044 2074 ‚
1079 2019 1249 2078 Regum
1285 2052 1298 2077 ‚
1334 2020 1510 2067 Ducum
1545 2056 1558 2080 ‚
1593 2023 1903 2073 Marchionum
1939 2062 1952 2086 ,
1998 2032 2094 2076 Co,

362 2088 521 2135 mitum
555 2122 568 2146 ,
604 2084 676 2135 vel
711 2084 903 2150 quilibet
939 2082 1205 2133 saecularium
1239 2087 1507 2135 Potestatum
1543 2106 1618 2139 aut
1653 2092 1927 2159 personarum
1964 2100 2092 2145 Inve-

262 2157 459 2205 stituram
494 2153 832 2223 Episcopatuum
867 2154 939 2203 vel
975 2155 1163 2221 alicujus
1197 2156 1511 2207 Ecclefiasticae
1547 2162 1791 2223 Dignitatis
1826 2163 1929 2213 dare
1978 2184 2093 2232 prae-

261 2224 482 2293 sumpserit
517 2261 531 2285 ,
565 2223 753 2289 ejusdem
788 2222 1009 2272 sententiae
1043 2226 1221 2274 vinculo
1252 2224 1293 2274 se
1328 2226 1573 2277 obstritstum
1609 2229 1688 2280 effe
1723 2232 1828 2282 sciat
1855 2270 1868 2281 .
1913 2235 2086 2304 Insuper

260 2298 395 2344 etiam
431 2294 511 2343 nisi
546 2292 797 2362 resipiscat,
832 2298 875 2342 δε
912 2294 1119 2343 Ecclefiae-
1151 2297 1369 2363 propriam
1404 2297 1649 2349 libertatem
1685 2300 1912 2363 dimittat,
1951 2309 2083 2356 Divi-

261 2383 326 2413 nae
371 2363 751 2414 animadversionis
799 2364 1011 2412 ultionem
1061 2367 1107 2413 in
1142 2366 1226 2414 hac
1279 2366 1474 2434 praesenti
1527 2373 1620 2420 vita
1656 2387 1746 2421 tam
1784 2376 1830 2422 in
1866 2392 2080 2443 corpore„

259 2436 334 2485 suo
366 2472 380 2497 ,
415 2433 551 2501 quam
587 2437 634 2484 in
667 2435 834 2484 caeteris
868 2433 993 2484 rebus
1028 2433 1112 2485 suis
1147 2434 1303 2486 sentiat
1338 2474 1354 2499 ‚
1386 2454 1435 2489 ut
1470 2442 1516 2490 in
1551 2440 1739 2493 adventu
1774 2447 1961 2495 Domini
1997 2446 2084 2515 spi-

259 2510 367 2556 ritus
402 2503 540 2554 salvus
575 2504 651 2554 fiat
672 2541 686 2553 .

457 2649 951 2694 Senot1on.

1204 2650 1246 2683 Et
1270 2649 1441 2687 Lobienfis
1463 2654 1498 2688 in
1511 2655 1730 2690 Cameracenfi
1752 2656 1893 2692 Dioecefi
1910 2655 2022 2692 Abbas
2034 2658 2079 2693 ab

1202 2701 1366 2745 Episcopo
1390 2703 1560 2739 Leodienfi
1574 2731 1581 2738 .
1609 2706 1653 2740 Et
1666 2705 1810 2741 eruditus
1830 2709 1934 2742 Lucas
1947 2708 2075 2746 Dache·

1200 2752 1263 2786 rius
1276 2763 1376 2794 nuper
1388 2753 1562 2796 publicavit
1573 2754 1678 2790 hocce
1689 2767 1746 2800 pro
1761 2758 1867 2793 Sansti
1880 2758 1975 2793 Blasii
1987 2758 2073 2802 apud

349 2795 527 2832 Ntistitum
549 2794 776 2830 Inv‘estituram
798 2794 966 2830 dimittere
978 2793 1136 2830 adeo'no-
1198 2800 1392 2837 Basileenses
1412 2803 1555 2840 Abbatia
1575 2805 1826 2842 instrumentum
1849 2823 1860 2842 ,·
1895 2813 2072 2842 Commu-r.

376 2847 436 2881 luit
449 2846 617 2881 Henricus
627 2855 757 2889 quartus
770 2845 968 2889 imperator,
992 2855 1028 2878 ut
1041 2848 1133 2888 quos-
1188 2850 1263 2892 fiam
1281 2877 1291 2892 ‚
1316 2863 1384 2894 quae
1402 2859 1521 2895 agitata
1541 2855 1577 2897 est
1594 2861 1671 2890 ime,-
1696 2856 1887 2902 Bafileensem
1913 2858 2070 2900 Ecclefiam

256 2898 305 2930 vis
326 2898 391 2930 fine
413 2898 480 2940 ipsa
503 2906 674 2940 promotos
695 2894 823 2937 ejiceret
836 2921 847 2936 ‚
873 2906 929 2929 aut
950 2894 1035 2929 certe
1052 2896 1132 2938 ipso-

256 2951 329 2980 ru‘m
341 2946 545 2989 pom-,mones
556 2946 724 2980 invaderet
735 2956 771 2978 ac
782 2943 973 2989 dilapidaret
988 2969 996 2976 .
1021 2945 1133 2994 Qam
1194 2953 1370 2985 cardinalis
1391 2977 1402 2992 ‚

253 2996 465 3030 insolentiam
477 2997 512 3030 δε
524 2997 579 3030 alii
593 2994 787 3030 exercebant
810 2995 994 3039 Principes.
1022 2994 1130 3030 Etiam

251 3045 429 3080 Brabantiae
451 3046 554 3086 Dux,
580 3046 621 3080 de
641 3057 708 3090 quo
729 3046 839 3090 gravia
861 3046 1005 3087 queritur
1028 3046 1062 3078 in
1083 3047 1130 3080 sui

250 3095 408 3130 Coenobii
452 3092 624 3130 Chronico
659 3095 858 3140 Rudolphus
884 3095 998 3130 Abbas
1022 3095 1129 3131 Sansti

249 3144 441 3180 Trudonis.
468 3144 564 3179 Hinc
575 3144 654 3189 ergo
675 3146 758 3188 ipsos
769 3146 1012 3191 degradationis
1032 3156 1127 3188 poena

250 3196 430 3231 fraenandos
442 3196 567 3228 censuit
581 3195 712 3236 praesens
722 3195 841 3229 Canon
854 3221 861 3227 .
888 3195 992 3229 Porro
1002 3194 1041 3228 de
1053 3195 1127 3230 Val-

1197 2904 1230 2936 (5
1241 2902 1398 2935 Monacbos
1419 2905 1520 2938 sanein·
1533 2905 1624 2948 Blasii
1634 2931 1646 2947 ‚
1671 2917 1723 2940 nos
1736 2910 1893 2952 GregorIus
1916 2909 2068 2946 Presbyter·

1431 2956 1465 2988 ts*
1491 2959 1615 2989 Pontius
1636 2958 1833 3000 cluniacenfis
1856 2960 1956 2992 Abba:
1974 2982 1986 2998 ‚
2005 2963 2068 2990 vice

1186 3001 1348 3045 fungentes
1373 3007 1493 3038 Domini
1516 3009 1610 3048 Papae
1637 3009 1753 3040 Calixti
1770 3007 1907 3051 secumh',
1930 3018 1986 3050 per
2007 3011 2066 3041 Dei

1185 3058 1320 3095 gratiam
1324 3052 1365 3092 fic
1375 3054 1531 3096 definimus
1551 3058 1659 3089 audlta
1680 3057 1829 3099 utriusque
1845 3063 1947 3100 partis
1958 3056 2045 3100 causa
2056 3081 2064 3088 .

1191 3101 1531 3147 staliiarcbieptscoffi,
1558 3108 1610 3139 vel
1621 3105 1758 3148 'Episiopi
1780 3112 1896 3151 Regni,
1924 3113 1976 3149 qui
1992 3106 2064 3150 sunt

1194 3153 1337 3184 Advocati·
1348 3158 1380 3184 in
1394 3154 1528 3187 abbatiis·
1546 3158 1667 3189 aliorum
1682 3155 1911 3198 Episcopatuum
1925 3160 1998 3198 jure
2008 3160 2066 3191 Ec-

1188 3201 1275 3242 clefiae
1293 3200 1358 3244 suae
1380 3228 1391 3243 ‚
1426 3217 1465 3237 ex
1486 3207 1649 3245 conceffione
1673 3206 1723 3237 vel
1743 3217 1779 3238 ex
1799 3207 1957 3241 tolerantia
1977 3209 2063 3240 sedis

231 3244 425 3281 'ciodorenfi
463 3243 653 3278 Leodienfis
687 3244 846 3279 Dioecefis
872 3246 1001 3280 Abbate
1020 3244 1127 3279 scribit
1189 3251 1371 3292 Apostoltcae‚
1396 3254 1492 3286 cledis
1505 3256 1666 3288 Abbatibus
1679 3257 1867 3295 conceffionem
1875 3267 1933 3299 per
1945 3256 2062 3300 uirgam

245 3296 388 3340 ejusdem
403 3294 600 3327 Monasierii
612 3292 805 3328 Chronicon
820 3309 830 3328 .-
859 3296 958 3328 Abbas
978 3294 1067 3334 noster
1079 3301 1125 3328 In·
1180 3301 1309 3341 fecerim
1321 3327 1331 3342 ‚
1359 3302 1526 3345 Epzfiopus
1548 3317 1661 3346 quoque
1681 3305 1849 3347 Bafileensis
1877 3308 2039 3340 Abbatibus
2052 3333 2063 3347 ,

104 3341 420 3385 Pol-575-vest1turam
441 3344 482 3376 ab
494 3342 637 3386 Episcopo
650 3344 776 3385 Metensi
782 3350 904 3386 accipie.
932 3344 988 3379 Ab
1008 3346 1123 3381 eodem
1186 3358 1236 3392 qut·
1261 3358 1291 3383 in
1305 3353 1434 3393 Ecclefia
1459 3355 1549 3385 Beati
1563 3354 1653 3395 Blasii·
1671 3358 1868 3396 praeponendt
1884 3357 1978 3401 sunt,
2001 3363 2062 3401 post

245 3394 343 3439 ipsam
367 3395 451 3429 olim
472 3395 597 3438 accepit
630 3392 743 3429 Abbas
765 3395 1118 3440 Trudonopolitanus.
1185 3401 1345 3435 clemonem
1358 3401 1636 3446 hoct‘psnmfact'at.
1665 3406 1757 3447 ,Quod
1770 3405 1800 3446 fi
1808 3409 1942 3441 Romana
1963 3411 2063 3444 Eccle-

1966 3455 2012 3494 sia
