<?xml version="1.0" encoding="UTF-8"?>
<!DOCTYPE html PUBLIC "-//W3C//DTD XHTML 1.0 Transitional//EN"
    "http://www.w3.org/TR/xhtml1/DTD/xhtml1-transitional.dtd">
<html xmlns="http://www.w3.org/1999/xhtml" xml:lang="en" lang="en">
 <head>
  <title>
</title>
<meta http-equiv="Content-Type" content="text/html;charset=utf-8" />
  <meta name='ocr-system' content='tesseract 3.04.00' />
  <meta name='ocr-capabilities' content='ocr_page ocr_carea ocr_par ocr_line ocrx_word'/>
</head>
<body>
  <div class='ocr_page' id='page_1' title='image "./operaomniastudio06lupuuoft/operaomniastudio06lupuuoft_0099.png"; bbox 0 0 2372 3756; ppageno 0'>
   <div class='ocr_carea' id='block_1_1' title="bbox 60 567 215 611">
    <p class='ocr_par' dir='ltr' id='par_1_1' title="bbox 60 567 215 611">
     <span class='ocr_line' id='line_1_1' title="bbox 60 567 215 611; baseline -0.032 -5"><span class='ocrx_word' id='word_1_1' title='bbox 60 577 121 611; x_wconf 78' lang='lat' dir='ltr'><strong>L3.</strong></span> <span class='ocrx_word' id='word_1_2' title='bbox 129 567 215 610; x_wconf 84' lang='lat' dir='ltr'><strong>Epist·</strong></span> 
     </span>
    </p>
   </div>
   <div class='ocr_carea' id='block_1_2' title="bbox 64 624 109 645">
    <p class='ocr_par' dir='ltr' id='par_1_2' title="bbox 64 624 109 645">
     <span class='ocr_line' id='line_1_2' title="bbox 64 624 109 645; baseline -0.044 0"><span class='ocrx_word' id='word_1_3' title='bbox 64 624 109 645; x_wconf 75' lang='lat'><strong>12·</strong></span> 
     </span>
    </p>
   </div>
   <div class='ocr_carea' id='block_1_3' title="bbox 598 129 1650 194">
    <p class='ocr_par' dir='ltr' id='par_1_3' title="bbox 598 129 1650 194">
     <span class='ocr_line' id='line_1_3' title="bbox 598 129 1650 194; baseline -0.006 -14"><span class='ocrx_word' id='word_1_4' title='bbox 598 147 872 194; x_wconf 62' lang='lat' dir='ltr'><strong>Qumrum</strong></span> <span class='ocrx_word' id='word_1_5' title='bbox 907 131 1215 177; x_wconf 78' lang='lat' dir='ltr'>ROMANUM</span> <span class='ocrx_word' id='word_1_6' title='bbox 1251 129 1565 173; x_wconf 74' lang='lat' dir='ltr'><strong>CoNcrtru</strong></span> <span class='ocrx_word' id='word_1_7' title='bbox 1589 146 1650 174; x_wconf 79' lang='grc' dir='ltr'><strong>Μ.-</strong></span> 
     </span>
    </p>
   </div>
   <div class='ocr_carea' id='block_1_4' title="bbox 422 250 915 326">
    <p class='ocr_par' dir='ltr' id='par_1_4' title="bbox 422 250 915 326">
     <span class='ocr_line' id='line_1_4' title="bbox 422 250 915 326; baseline -0.006 -16"><span class='ocrx_word' id='word_1_8' title='bbox 422 250 915 326; x_wconf 33' lang='grc' dir='ltr'><strong>δὀΗοιιοΝ.</strong></span> 
     </span>
    </p>
   </div>
   <div class='ocr_carea' id='block_1_5' title="bbox 244 345 1110 467">
    <p class='ocr_par' dir='ltr' id='par_1_5' title="bbox 244 345 1110 467">
     <span class='ocr_line' id='line_1_5' title="bbox 244 345 1108 415; baseline -0.015 -5"><span class='ocrx_word' id='word_1_9' title='bbox 244 391 247 395; x_wconf 61' lang='grc'><em>’</em></span> <span class='ocrx_word' id='word_1_10' title='bbox 313 371 426 415; x_wconf 80' lang='lat' dir='ltr'><strong>Cclefiae</strong></span> <span class='ocrx_word' id='word_1_11' title='bbox 444 345 674 410; x_wconf 57' lang='lat' dir='ltr'><strong>vet‘⁶1&gt;eca·mae,</strong></span> <span class='ocrx_word' id='word_1_12' title='bbox 698 369 808 414; x_wconf 88' lang='lat' dir='ltr'><strong>inquit</strong></span> <span class='ocrx_word' id='word_1_13' title='bbox 829 368 864 403; x_wconf 87' lang='lat' dir='ltr'><strong>in</strong></span> <span class='ocrx_word' id='word_1_14' title='bbox 893 364 1108 400; x_wconf 74' lang='lat' dir='ltr'>Nemausensi</span> 
     </span>
     <span class='ocr_line' id='line_1_6' title="bbox 339 414 1110 467; baseline -0.014 -10"><span class='ocrx_word' id='word_1_15' title='bbox 339 421 475 467; x_wconf 87' lang='lat' dir='ltr'><strong>synodo</strong></span> <span class='ocrx_word' id='word_1_16' title='bbox 488 421 648 456; x_wconf 85' lang='lat' dir='ltr'><strong>Urbanus</strong></span> <span class='ocrx_word' id='word_1_17' title='bbox 659 418 819 454; x_wconf 87' lang='lat' dir='ltr'><strong>secundus</strong></span> <span class='ocrx_word' id='word_1_18' title='bbox 829 440 841 457; x_wconf 91' lang='lat'>,</span> <span class='ocrx_word' id='word_1_19' title='bbox 854 418 972 460; x_wconf 65' lang='lat' dir='ltr'><strong>vulgari</strong></span> <span class='ocrx_word' id='word_1_20' title='bbox 985 414 1110 448; x_wconf 79' lang='lat' dir='ltr'><strong>vocabu-</strong></span> 
     </span>
    </p>
   </div>
   <div class='ocr_carea' id='block_1_6' title="bbox 163 464 1106 518">
    <p class='ocr_par' dir='ltr' id='par_1_6' title="bbox 163 464 1106 518">
     <span class='ocr_line' id='line_1_7' title="bbox 163 464 1106 518; baseline -0.017 -6"><span class='ocrx_word' id='word_1_21' title='bbox 163 474 171 484; x_wconf 88' lang='grc'><strong>”</strong></span> <span class='ocrx_word' id='word_1_22' title='bbox 233 475 355 518; x_wconf 74' lang='lat' dir='ltr'><strong>loapud</strong></span> <span class='ocrx_word' id='word_1_23' title='bbox 373 484 424 507; x_wconf 87' lang='lat' dir='ltr'><strong>nos</strong></span> <span class='ocrx_word' id='word_1_24' title='bbox 445 473 561 506; x_wconf 78' lang='lat' dir='ltr'><strong>Altaria</strong></span> <span class='ocrx_word' id='word_1_25' title='bbox 582 476 806 511; x_wconf 81' lang='lat' dir='ltr'><em>nuncupantur.</em></span> <span class='ocrx_word' id='word_1_26' title='bbox 833 466 937 514; x_wconf 87' lang='lat' dir='ltr'><strong>Qod</strong></span> <span class='ocrx_word' id='word_1_27' title='bbox 951 466 1057 508; x_wconf 89' lang='lat' dir='ltr'><strong>ipsum</strong></span> <span class='ocrx_word' id='word_1_28' title='bbox 1071 464 1106 496; x_wconf 91' lang='lat' dir='ltr'><strong>in</strong></span> 
     </span>
    </p>
   </div>
   <div class='ocr_carea' id='block_1_7' title="bbox 234 515 1120 1262">
    <p class='ocr_par' dir='ltr' id='par_1_7' title="bbox 234 515 1120 1262">
     <span class='ocr_line' id='line_1_8' title="bbox 234 515 1107 566; baseline -0.015 -6"><span class='ocrx_word' id='word_1_29' title='bbox 234 525 352 561; x_wconf 84' lang='lat' dir='ltr'><strong>litteris</strong></span> <span class='ocrx_word' id='word_1_30' title='bbox 364 523 405 558; x_wconf 91' lang='lat' dir='ltr'><strong>ad</strong></span> <span class='ocrx_word' id='word_1_31' title='bbox 428 522 596 566; x_wconf 87' lang='lat' dir='ltr'><strong>Ulgerum</strong></span> <span class='ocrx_word' id='word_1_32' title='bbox 619 517 892 562; x_wconf 84' lang='lat' dir='ltr'><strong>Andegavensem</strong></span> <span class='ocrx_word' id='word_1_33' title='bbox 907 515 1107 559; x_wconf 84' lang='lat' dir='ltr'>Episcopum</span> 
     </span>
     <span class='ocr_line' id='line_1_9' title="bbox 234 565 1110 614; baseline -0.014 -5"><span class='ocrx_word' id='word_1_34' title='bbox 234 573 347 614; x_wconf 81' lang='lat' dir='ltr'>scribit</span> <span class='ocrx_word' id='word_1_35' title='bbox 370 571 542 607; x_wconf 80' lang='lat' dir='ltr'><strong>Goffredus</strong></span> <span class='ocrx_word' id='word_1_36' title='bbox 565 568 679 604; x_wconf 83' lang='lat' dir='ltr'><strong>Abbas</strong></span> <span class='ocrx_word' id='word_1_37' title='bbox 717 565 974 601; x_wconf 83' lang='lat' dir='ltr'><strong>Vindocinensis</strong></span> <span class='ocrx_word' id='word_1_38' title='bbox 999 590 1006 597; x_wconf 93' lang='lat'>.</span> <span class='ocrx_word' id='word_1_39' title='bbox 1033 565 1110 598; x_wconf 87' lang='lat' dir='ltr'><strong>Eas-</strong></span> 
     </span>
     <span class='ocr_line' id='line_1_10' title="bbox 235 614 1110 663; baseline -0.016 -2"><span class='ocrx_word' id='word_1_40' title='bbox 235 626 314 661; x_wconf 87' lang='lat' dir='ltr'><strong>dem</strong></span> <span class='ocrx_word' id='word_1_41' title='bbox 323 623 359 657; x_wconf 86' lang='lat'>&amp;</span> <span class='ocrx_word' id='word_1_42' title='bbox 375 622 490 657; x_wconf 87' lang='lat' dir='ltr'><strong>Plebes</strong></span> <span class='ocrx_word' id='word_1_43' title='bbox 505 620 596 655; x_wconf 79' lang='lat' dir='ltr'><strong>fuiffe</strong></span> <span class='ocrx_word' id='word_1_44' title='bbox 605 617 781 663; x_wconf 84' lang='lat' dir='ltr'><strong>appellatas</strong></span> <span class='ocrx_word' id='word_1_45' title='bbox 794 617 978 652; x_wconf 82' lang='lat' dir='ltr'><strong>audivimus</strong></span> <span class='ocrx_word' id='word_1_46' title='bbox 990 614 1080 658; x_wconf 80' lang='lat' dir='ltr'><strong>supra</strong></span> <span class='ocrx_word' id='word_1_47' title='bbox 1091 614 1110 647; x_wconf 78' lang='grc' dir='ltr'>ὲ</span> 
     </span>
     <span class='ocr_line' id='line_1_11' title="bbox 236 664 1110 713; baseline -0.015 -3"><span class='ocrx_word' id='word_1_48' title='bbox 236 675 352 713; x_wconf 72' lang='grc' dir='ltr'><strong>δεωᾶο</strong></span> <span class='ocrx_word' id='word_1_49' title='bbox 372 673 469 708; x_wconf 88' lang='lat' dir='ltr'><strong>Petro</strong></span> <span class='ocrx_word' id='word_1_50' title='bbox 485 669 640 704; x_wconf 87' lang='lat' dir='ltr'><strong>Damiani</strong></span> <span class='ocrx_word' id='word_1_51' title='bbox 654 693 662 701; x_wconf 90' lang='lat'><strong>.</strong></span> <span class='ocrx_word' id='word_1_52' title='bbox 688 667 779 702; x_wconf 90' lang='lat' dir='ltr'><strong>Hiuc</strong></span> <span class='ocrx_word' id='word_1_53' title='bbox 791 668 825 701; x_wconf 77' lang='grc' dir='ltr'>ἀ</span> <span class='ocrx_word' id='word_1_54' title='bbox 838 667 976 709; x_wconf 87' lang='lat' dir='ltr'><strong>ipsarum</strong></span> <span class='ocrx_word' id='word_1_55' title='bbox 989 664 1110 698; x_wconf 67' lang='lat' dir='ltr'><strong>Reno-</strong></span> 
     </span>
     <span class='ocr_line' id='line_1_12' title="bbox 237 712 1110 762; baseline -0.018 0"><span class='ocrx_word' id='word_1_56' title='bbox 237 736 289 762; x_wconf 66' lang='grc' dir='ltr'><strong>τος</strong></span> <span class='ocrx_word' id='word_1_57' title='bbox 300 723 476 760; x_wconf 73' lang='lat' dir='ltr'>etiamnum</span> <span class='ocrx_word' id='word_1_58' title='bbox 488 717 588 753; x_wconf 69' lang='lat' dir='ltr'><strong>hodie</strong></span> <span class='ocrx_word' id='word_1_59' title='bbox 601 727 832 761; x_wconf 82' lang='lat' dir='ltr'><strong>nuncupantur</strong></span> <span class='ocrx_word' id='word_1_60' title='bbox 842 716 989 751; x_wconf 89' lang='lat' dir='ltr'><strong>Plebani.</strong></span> <span class='ocrx_word' id='word_1_61' title='bbox 1016 712 1110 747; x_wconf 86' lang='lat' dir='ltr'><strong>Plebs</strong></span> 
     </span>
     <span class='ocr_line' id='line_1_13' title="bbox 237 763 1113 815; baseline -0.015 -6"><span class='ocrx_word' id='word_1_62' title='bbox 237 774 338 815; x_wconf 85' lang='lat' dir='ltr'><strong>habet</strong></span> <span class='ocrx_word' id='word_1_63' title='bbox 362 769 537 806; x_wconf 74' lang='lat' dir='ltr'>Ecclesiam</span> <span class='ocrx_word' id='word_1_64' title='bbox 549 793 560 809; x_wconf 92' lang='lat'><strong>,</strong></span> <span class='ocrx_word' id='word_1_65' title='bbox 586 768 728 802; x_wconf 88' lang='lat' dir='ltr'><strong>Ecclesia</strong></span> <span class='ocrx_word' id='word_1_66' title='bbox 755 767 868 801; x_wconf 88' lang='lat' dir='ltr'><strong>Altare</strong></span> <span class='ocrx_word' id='word_1_67' title='bbox 883 791 894 807; x_wconf 87' lang='lat'>‚</span> <span class='ocrx_word' id='word_1_68' title='bbox 919 765 1035 803; x_wconf 83' lang='lat' dir='ltr'><strong>Altare</strong></span> <span class='ocrx_word' id='word_1_69' title='bbox 1045 763 1113 797; x_wconf 90' lang='lat' dir='ltr'><strong>De-</strong></span> 
     </span>
     <span class='ocr_line' id='line_1_14' title="bbox 239 814 1111 862; baseline -0.016 -2"><span class='ocrx_word' id='word_1_70' title='bbox 239 826 360 860; x_wconf 84' lang='lat' dir='ltr'><strong>cimam</strong></span> <span class='ocrx_word' id='word_1_71' title='bbox 380 846 388 853; x_wconf 94' lang='lat'><strong>.</strong></span> <span class='ocrx_word' id='word_1_72' title='bbox 417 818 461 855; x_wconf 82' lang='lat' dir='ltr'><strong>Et</strong></span> <span class='ocrx_word' id='word_1_73' title='bbox 481 818 615 862; x_wconf 87' lang='lat' dir='ltr'><strong>quidem</strong></span> <span class='ocrx_word' id='word_1_74' title='bbox 632 818 680 851; x_wconf 85' lang='lat' dir='ltr'><strong>uti</strong></span> <span class='ocrx_word' id='word_1_75' title='bbox 706 814 893 854; x_wconf 64' lang='lat' dir='ltr'><strong>*etiamnum</strong></span> <span class='ocrx_word' id='word_1_76' title='bbox 925 815 1111 848; x_wconf 69' lang='lat' dir='ltr'><strong>Graecorum</strong></span> 
     </span>
     <span class='ocr_line' id='line_1_15' title="bbox 239 862 1113 911; baseline -0.013 -4"><span class='ocrx_word' id='word_1_77' title='bbox 239 873 404 911; x_wconf 58' lang='lat' dir='ltr'><strong>Basilia,</strong></span> <span class='ocrx_word' id='word_1_78' title='bbox 430 869 475 904; x_wconf 80' lang='lat' dir='ltr'><strong>ita</strong></span> <span class='ocrx_word' id='word_1_79' title='bbox 493 868 575 903; x_wconf 86' lang='lat' dir='ltr'><strong>olim</strong></span> <span class='ocrx_word' id='word_1_80' title='bbox 597 869 630 903; x_wconf 73' lang='grc' dir='ltr'><strong>δε</strong></span> <span class='ocrx_word' id='word_1_81' title='bbox 649 867 846 906; x_wconf 87' lang='lat' dir='ltr'><strong>Latinorum</strong></span> <span class='ocrx_word' id='word_1_82' title='bbox 859 865 1008 900; x_wconf 81' lang='lat' dir='ltr'><strong>Ecclesiae</strong></span> <span class='ocrx_word' id='word_1_83' title='bbox 1017 862 1113 897; x_wconf 87' lang='lat' dir='ltr'><strong>habe-</strong></span> 
     </span>
     <span class='ocr_line' id='line_1_16' title="bbox 239 914 1114 962; baseline -0.014 -4"><span class='ocrx_word' id='word_1_84' title='bbox 239 924 339 962; x_wconf 88' lang='lat' dir='ltr'><strong>bant,</strong></span> <span class='ocrx_word' id='word_1_85' title='bbox 365 921 398 956; x_wconf 85' lang='lat'>&amp;</span> <span class='ocrx_word' id='word_1_86' title='bbox 409 918 525 953; x_wconf 88' lang='lat' dir='ltr'><strong>habere</strong></span> <span class='ocrx_word' id='word_1_87' title='bbox 534 916 694 952; x_wconf 84' lang='lat' dir='ltr'><strong>debebant</strong></span> <span class='ocrx_word' id='word_1_88' title='bbox 706 917 842 951; x_wconf 88' lang='lat' dir='ltr'><strong>unicum</strong></span> <span class='ocrx_word' id='word_1_89' title='bbox 854 916 968 950; x_wconf 84' lang='lat' dir='ltr'><strong>Altare</strong></span> <span class='ocrx_word' id='word_1_90' title='bbox 981 929 991 948; x_wconf 90' lang='lat'><em>:</em></span> <span class='ocrx_word' id='word_1_91' title='bbox 1010 914 1114 947; x_wconf 85' lang='lat' dir='ltr'>Causa</span> 
     </span>
     <span class='ocr_line' id='line_1_17' title="bbox 239 964 1116 1017; baseline -0.013 -9"><span class='ocrx_word' id='word_1_92' title='bbox 239 969 559 1017; x_wconf 85' lang='lat' dir='ltr'><strong>magniSactamenti</strong></span> <span class='ocrx_word' id='word_1_93' title='bbox 573 993 580 1000; x_wconf 96' lang='lat'>.</span> <span class='ocrx_word' id='word_1_94' title='bbox 608 967 700 1001; x_wconf 86' lang='lat' dir='ltr'><strong>Hinc</strong></span> <span class='ocrx_word' id='word_1_95' title='bbox 713 966 813 1012; x_wconf 87' lang='lat' dir='ltr'><strong>igitur</strong></span> <span class='ocrx_word' id='word_1_96' title='bbox 825 966 886 1000; x_wconf 83' lang='lat' dir='ltr'><strong>issa</strong></span> <span class='ocrx_word' id='word_1_97' title='bbox 902 975 1040 1010; x_wconf 85' lang='lat' dir='ltr'><strong>quatuor</strong></span> <span class='ocrx_word' id='word_1_98' title='bbox 1053 988 1064 1004; x_wconf 92' lang='lat'><strong>,</strong></span> <span class='ocrx_word' id='word_1_99' title='bbox 1078 964 1116 997; x_wconf 89' lang='lat' dir='ltr'><strong>li-</strong></span> 
     </span>
     <span class='ocr_line' id='line_1_18' title="bbox 238 1016 1116 1058; baseline -0.011 -1"><span class='ocrx_word' id='word_1_100' title='bbox 238 1034 294 1058; x_wconf 86' lang='lat' dir='ltr'><strong>cet</strong></span> <span class='ocrx_word' id='word_1_101' title='bbox 305 1019 485 1055; x_wconf 76' lang='lat' dir='ltr'><strong>admodum</strong></span> <span class='ocrx_word' id='word_1_102' title='bbox 496 1017 709 1058; x_wconf 65' lang='lat' dir='ltr'><strong>distinsta,0b</strong></span> <span class='ocrx_word' id='word_1_103' title='bbox 722 1016 884 1051; x_wconf 85' lang='lat' dir='ltr'><strong>laudatam</strong></span> <span class='ocrx_word' id='word_1_104' title='bbox 894 1016 1052 1050; x_wconf 87' lang='lat' dir='ltr'><strong>unionem</strong></span> <span class='ocrx_word' id='word_1_105' title='bbox 1063 1025 1116 1047; x_wconf 92' lang='lat' dir='ltr'><strong>an-</strong></span> 
     </span>
     <span class='ocr_line' id='line_1_19' title="bbox 242 1066 1119 1116; baseline -0.009 -11"><span class='ocrx_word' id='word_1_106' title='bbox 242 1072 377 1116; x_wconf 84' lang='lat' dir='ltr'><strong>tiquitas</strong></span> <span class='ocrx_word' id='word_1_107' title='bbox 388 1094 399 1110; x_wconf 93' lang='lat'><strong>,</strong></span> <span class='ocrx_word' id='word_1_108' title='bbox 409 1069 428 1104; x_wconf 70' lang='lat' dir='ltr'><strong>a</strong></span> <span class='ocrx_word' id='word_1_109' title='bbox 440 1067 608 1113; x_wconf 83' lang='lat' dir='ltr'><strong>principali</strong></span> <span class='ocrx_word' id='word_1_110' title='bbox 620 1068 790 1102; x_wconf 87' lang='lat' dir='ltr'><strong>desumens</strong></span> <span class='ocrx_word' id='word_1_111' title='bbox 799 1066 1119 1101; x_wconf 81' lang='lat' dir='ltr'><strong>denominationem,</strong></span> 
     </span>
     <span class='ocr_line' id='line_1_20' title="bbox 241 1113 1119 1160; baseline -0.015 -2"><span class='ocrx_word' id='word_1_112' title='bbox 241 1134 316 1158; x_wconf 82' lang='lat' dir='ltr'><strong>non</strong></span> <span class='ocrx_word' id='word_1_113' title='bbox 339 1117 424 1155; x_wconf 72' lang='lat' dir='ltr'><strong>male</strong></span> <span class='ocrx_word' id='word_1_114' title='bbox 442 1118 585 1153; x_wconf 82' lang='lat' dir='ltr'><strong>titulavit</strong></span> <span class='ocrx_word' id='word_1_115' title='bbox 610 1117 737 1152; x_wconf 89' lang='lat' dir='ltr'><strong>Altaria</strong></span> <span class='ocrx_word' id='word_1_116' title='bbox 749 1142 758 1150; x_wconf 91' lang='lat'><strong>.</strong></span> <span class='ocrx_word' id='word_1_117' title='bbox 784 1116 890 1150; x_wconf 75' lang='lat' dir='ltr'><strong>Porro</strong></span> <span class='ocrx_word' id='word_1_118' title='bbox 901 1115 990 1160; x_wconf 74' lang='lat' dir='ltr'><strong>qudd</strong></span> <span class='ocrx_word' id='word_1_119' title='bbox 1002 1114 1058 1147; x_wconf 80' lang='lat' dir='ltr'><strong>illa</strong></span> <span class='ocrx_word' id='word_1_120' title='bbox 1070 1113 1119 1146; x_wconf 83' lang='lat' dir='ltr'><strong>in-</strong></span> 
     </span>
     <span class='ocr_line' id='line_1_21' title="bbox 243 1161 1118 1211; baseline -0.011 -5"><span class='ocrx_word' id='word_1_121' title='bbox 243 1170 361 1206; x_wconf 83' lang='lat' dir='ltr'><strong>vadere</strong></span> <span class='ocrx_word' id='word_1_122' title='bbox 372 1195 384 1211; x_wconf 94' lang='lat'>,</span> <span class='ocrx_word' id='word_1_123' title='bbox 408 1180 447 1203; x_wconf 84' lang='lat' dir='ltr'><strong>ac</strong></span> <span class='ocrx_word' id='word_1_124' title='bbox 457 1167 617 1204; x_wconf 84' lang='lat' dir='ltr'><strong>militibus</strong></span> <span class='ocrx_word' id='word_1_125' title='bbox 628 1167 692 1201; x_wconf 87' lang='lat' dir='ltr'><strong>suis</strong></span> <span class='ocrx_word' id='word_1_126' title='bbox 703 1168 739 1201; x_wconf 88' lang='lat' dir='ltr'><strong>in</strong></span> <span class='ocrx_word' id='word_1_127' title='bbox 750 1164 909 1210; x_wconf 85' lang='lat' dir='ltr'><strong>stipendia</strong></span> <span class='ocrx_word' id='word_1_128' title='bbox 920 1175 1016 1208; x_wconf 86' lang='lat' dir='ltr'><strong>atque</strong></span> <span class='ocrx_word' id='word_1_129' title='bbox 1025 1161 1118 1196; x_wconf 85' lang='lat' dir='ltr'><strong>haere·</strong></span> 
     </span>
     <span class='ocr_line' id='line_1_22' title="bbox 244 1214 1120 1262; baseline -0.014 -5"><span class='ocrx_word' id='word_1_130' title='bbox 244 1220 397 1257; x_wconf 85' lang='lat' dir='ltr'><strong>ditariam</strong></span> <span class='ocrx_word' id='word_1_131' title='bbox 422 1218 641 1262; x_wconf 84' lang='lat' dir='ltr'><strong>poffeffionem</strong></span> <span class='ocrx_word' id='word_1_132' title='bbox 661 1216 849 1252; x_wconf 89' lang='lat' dir='ltr'><strong>distribuere</strong></span> <span class='ocrx_word' id='word_1_133' title='bbox 859 1214 1120 1259; x_wconf 86' lang='lat' dir='ltr'><strong>coeperitpraeser-</strong></span> 
     </span>
    </p>
   </div>
   <div class='ocr_carea' id='block_1_8' title="bbox 178 1265 1122 1309">
    <p class='ocr_par' dir='ltr' id='par_1_8' title="bbox 178 1265 1122 1309">
     <span class='ocr_line' id='line_1_23' title="bbox 178 1265 1122 1309; baseline -0.012 -3"><span class='ocrx_word' id='word_1_134' title='bbox 178 1285 180 1288; x_wconf 59' lang='lat'><strong><em>¹</em></strong></span> <span class='ocrx_word' id='word_1_135' title='bbox 243 1272 308 1306; x_wconf 86' lang='lat' dir='ltr'><strong>tim</strong></span> <span class='ocrx_word' id='word_1_136' title='bbox 330 1269 470 1305; x_wconf 79' lang='lat' dir='ltr'><strong>Carolus</strong></span> <span class='ocrx_word' id='word_1_137' title='bbox 487 1267 658 1302; x_wconf 84' lang='lat' dir='ltr'><strong>Martellus</strong></span> <span class='ocrx_word' id='word_1_138' title='bbox 669 1291 681 1308; x_wconf 93' lang='lat'>,</span> <span class='ocrx_word' id='word_1_139' title='bbox 705 1266 770 1309; x_wconf 81' lang='lat' dir='ltr'><strong>iam</strong></span> <span class='ocrx_word' id='word_1_140' title='bbox 784 1266 905 1301; x_wconf 67' lang='lat' dir='ltr'><strong>dictum</strong></span> <span class='ocrx_word' id='word_1_141' title='bbox 917 1265 963 1300; x_wconf 86' lang='lat' dir='ltr'><strong>est</strong></span> <span class='ocrx_word' id='word_1_142' title='bbox 974 1266 1122 1307; x_wconf 87' lang='lat' dir='ltr'><strong>frequen-</strong></span> 
     </span>
    </p>
   </div>
   <div class='ocr_carea' id='block_1_9' title="bbox 86 3376 221 3409">
    <p class='ocr_par' dir='ltr' id='par_1_9' title="bbox 86 3376 221 3409">
     <span class='ocr_line' id='line_1_24' title="bbox 86 3376 221 3409; baseline -0.022 -4"><span class='ocrx_word' id='word_1_143' title='bbox 86 3376 125 3405; x_wconf 74' lang='lat' dir='ltr'><strong>A.</strong></span> <span class='ocrx_word' id='word_1_144' title='bbox 141 3381 221 3409; x_wconf 77' lang='lat'>1049·</span> 
     </span>
    </p>
   </div>
   <div class='ocr_carea' id='block_1_10' title="bbox 237 1312 1133 3502">
    <p class='ocr_par' dir='ltr' id='par_1_10' title="bbox 237 1312 1133 2995">
     <span class='ocr_line' id='line_1_25' title="bbox 243 1312 1122 1364; baseline -0.013 -8"><span class='ocrx_word' id='word_1_145' title='bbox 243 1331 296 1356; x_wconf 84' lang='lat' dir='ltr'><strong>ter</strong></span> <span class='ocrx_word' id='word_1_146' title='bbox 307 1329 404 1364; x_wconf 88' lang='lat' dir='ltr'><strong>atque</strong></span> <span class='ocrx_word' id='word_1_147' title='bbox 414 1317 588 1353; x_wconf 87' lang='lat' dir='ltr'><strong>ostensum.</strong></span> <span class='ocrx_word' id='word_1_148' title='bbox 603 1316 707 1363; x_wconf 76' lang='lat' dir='ltr'><strong>Qod</strong></span> <span class='ocrx_word' id='word_1_149' title='bbox 718 1327 754 1351; x_wconf 88' lang='lat' dir='ltr'><strong>ea</strong></span> <span class='ocrx_word' id='word_1_150' title='bbox 765 1316 851 1350; x_wconf 89' lang='lat' dir='ltr'><strong>filius</strong></span> <span class='ocrx_word' id='word_1_151' title='bbox 863 1315 1021 1358; x_wconf 78' lang='lat' dir='ltr'><strong>pippinus</strong></span> <span class='ocrx_word' id='word_1_152' title='bbox 1033 1312 1122 1353; x_wconf 86' lang='lat' dir='ltr'><strong>Rex,-</strong></span> 
     </span>
     <span class='ocr_line' id='line_1_26' title="bbox 237 1363 1123 1412; baseline -0.009 -7"><span class='ocrx_word' id='word_1_153' title='bbox 237 1370 388 1406; x_wconf 57' lang='grc' dir='ltr'>(ζει-01ης</span> <span class='ocrx_word' id='word_1_154' title='bbox 397 1368 543 1412; x_wconf 89' lang='lat' dir='ltr'><strong>Magnus</strong></span> <span class='ocrx_word' id='word_1_155' title='bbox 554 1392 565 1408; x_wconf 89' lang='lat'>,</span> <span class='ocrx_word' id='word_1_156' title='bbox 577 1378 614 1401; x_wconf 87' lang='lat' dir='ltr'><strong>ac</strong></span> <span class='ocrx_word' id='word_1_157' title='bbox 626 1365 816 1401; x_wconf 84' lang='lat' dir='ltr'><strong>Ludovicus</strong></span> <span class='ocrx_word' id='word_1_158' title='bbox 825 1364 903 1399; x_wconf 88' lang='lat' dir='ltr'><strong>Pius</strong></span> <span class='ocrx_word' id='word_1_159' title='bbox 918 1363 1049 1399; x_wconf 81' lang='lat' dir='ltr'><strong>reddere</strong></span> <span class='ocrx_word' id='word_1_160' title='bbox 1060 1372 1123 1397; x_wconf 86' lang='lat' dir='ltr'><strong>coe-</strong></span> 
     </span>
     <span class='ocr_line' id='line_1_27' title="bbox 242 1412 1123 1465; baseline -0.01 -11"><span class='ocrx_word' id='word_1_161' title='bbox 242 1420 376 1465; x_wconf 64' lang='lat' dir='ltr'><strong>paint,</strong></span> <span class='ocrx_word' id='word_1_162' title='bbox 403 1417 482 1453; x_wconf 85' lang='lat' dir='ltr'><strong>item</strong></span> <span class='ocrx_word' id='word_1_163' title='bbox 505 1416 668 1451; x_wconf 88' lang='lat' dir='ltr'><strong>ostensum</strong></span> <span class='ocrx_word' id='word_1_164' title='bbox 689 1416 758 1456; x_wconf 91' lang='lat' dir='ltr'><strong>est,</strong></span> <span class='ocrx_word' id='word_1_165' title='bbox 781 1426 821 1449; x_wconf 85' lang='lat' dir='ltr'><strong>ac</strong></span> <span class='ocrx_word' id='word_1_166' title='bbox 846 1416 905 1448; x_wconf 87' lang='lat' dir='ltr'><strong>suo</strong></span> <span class='ocrx_word' id='word_1_167' title='bbox 914 1414 992 1449; x_wconf 90' lang='lat' dir='ltr'><strong>loco</strong></span> <span class='ocrx_word' id='word_1_168' title='bbox 1004 1412 1123 1456; x_wconf 79' lang='lat' dir='ltr'><strong>largius</strong></span> 
     </span>
     <span class='ocr_line' id='line_1_28' title="bbox 246 1461 1123 1508; baseline -0.011 -3"><span class='ocrx_word' id='word_1_169' title='bbox 246 1468 438 1505; x_wconf 82' lang='lat' dir='ltr'><strong>ostendetur</strong></span> <span class='ocrx_word' id='word_1_170' title='bbox 455 1491 464 1498; x_wconf 91' lang='lat'><strong>.</strong></span> <span class='ocrx_word' id='word_1_171' title='bbox 501 1465 730 1499; x_wconf 85' lang='lat' dir='ltr'><strong>Nihilominus</strong></span> <span class='ocrx_word' id='word_1_172' title='bbox 748 1465 882 1498; x_wconf 69' lang='lat' dir='ltr'><strong>Sanctus</strong></span> <span class='ocrx_word' id='word_1_173' title='bbox 903 1461 1100 1508; x_wconf 73' lang='lat' dir='ltr'><strong>Agobardus</strong></span> <span class='ocrx_word' id='word_1_174' title='bbox 1113 1485 1123 1501; x_wconf 93' lang='lat'>‚</span> 
     </span>
     <span class='ocr_line' id='line_1_29' title="bbox 245 1511 1123 1563; baseline -0.01 -10"><span class='ocrx_word' id='word_1_175' title='bbox 245 1518 309 1563; x_wconf 84' lang='lat' dir='ltr'><strong>qui</strong></span> <span class='ocrx_word' id='word_1_176' title='bbox 328 1515 582 1560; x_wconf 82' lang='lat' dir='ltr'><strong>Lugdunensem</strong></span> <span class='ocrx_word' id='word_1_177' title='bbox 604 1513 780 1549; x_wconf 76' lang='lat' dir='ltr'><strong>Ecclesiam</strong></span> <span class='ocrx_word' id='word_1_178' title='bbox 803 1513 889 1548; x_wconf 85' lang='lat' dir='ltr'><strong>rexit</strong></span> <span class='ocrx_word' id='word_1_179' title='bbox 908 1513 968 1547; x_wconf 89' lang='lat' dir='ltr'><strong>sub</strong></span> <span class='ocrx_word' id='word_1_180' title='bbox 990 1511 1123 1547; x_wconf 89' lang='lat' dir='ltr'><strong>laudato</strong></span> 
     </span>
     <span class='ocr_line' id='line_1_30' title="bbox 244 1563 1124 1607; baseline -0.01 -3"><span class='ocrx_word' id='word_1_181' title='bbox 244 1565 447 1607; x_wconf 80' lang='lat' dir='ltr'><strong>Ludovico,</strong></span> <span class='ocrx_word' id='word_1_182' title='bbox 474 1565 508 1599; x_wconf 87' lang='lat' dir='ltr'><strong>in</strong></span> <span class='ocrx_word' id='word_1_183' title='bbox 530 1564 615 1599; x_wconf 88' lang='lat' dir='ltr'><strong>libro</strong></span> <span class='ocrx_word' id='word_1_184' title='bbox 638 1564 680 1599; x_wconf 89' lang='lat' dir='ltr'><strong>de</strong></span> <span class='ocrx_word' id='word_1_185' title='bbox 700 1563 998 1598; x_wconf 84' lang='lat' dir='ltr'><strong>Ecclesiasticarum</strong></span> <span class='ocrx_word' id='word_1_186' title='bbox 1018 1572 1124 1596; x_wconf 86' lang='lat' dir='ltr'><strong>rerum</strong></span> 
     </span>
     <span class='ocr_line' id='line_1_31' title="bbox 245 1611 1124 1662; baseline -0.007 -10"><span class='ocrx_word' id='word_1_187' title='bbox 245 1615 488 1662; x_wconf 76' lang='lat' dir='ltr'><strong>dispensatione</strong></span> <span class='ocrx_word' id='word_1_188' title='bbox 509 1615 617 1649; x_wconf 89' lang='lat' dir='ltr'><strong>adbuc</strong></span> <span class='ocrx_word' id='word_1_189' title='bbox 640 1613 871 1657; x_wconf 81' lang='lat' dir='ltr'><strong>conqueritur:</strong></span> <span class='ocrx_word' id='word_1_190' title='bbox 898 1617 990 1647; x_wconf 84' lang='lat' dir='ltr'><strong>Nunc</strong></span> <span class='ocrx_word' id='word_1_191' title='bbox 1011 1624 1069 1646; x_wconf 86' lang='lat' dir='ltr'><strong>non</strong></span> <span class='ocrx_word' id='word_1_192' title='bbox 1078 1611 1124 1655; x_wconf 71' lang='grc' dir='ltr'><strong>[ὀ-</strong></span> 
     </span>
     <span class='ocr_line' id='line_1_32' title="bbox 242 1662 1125 1709; baseline -0.008 -8"><span class='ocrx_word' id='word_1_193' title='bbox 242 1668 309 1703; x_wconf 69' lang='lat' dir='ltr'><strong>‘Fum</strong></span> <span class='ocrx_word' id='word_1_194' title='bbox 324 1665 494 1709; x_wconf 74' lang='lat' dir='ltr'><strong>poffl’ffiones</strong></span> <span class='ocrx_word' id='word_1_195' title='bbox 515 1663 741 1706; x_wconf 66' lang='lat' dir='ltr'><strong>Ecclefiastieae,</strong></span> <span class='ocrx_word' id='word_1_196' title='bbox 767 1662 820 1705; x_wconf 81' lang='lat' dir='ltr'><strong>sed</strong></span> <span class='ocrx_word' id='word_1_197' title='bbox 836 1665 870 1698; x_wconf 73' lang='grc' dir='ltr'><strong>ό·</strong></span> <span class='ocrx_word' id='word_1_198' title='bbox 884 1662 956 1707; x_wconf 81' lang='lat' dir='ltr'><strong>ipsae</strong></span> <span class='ocrx_word' id='word_1_199' title='bbox 965 1668 1059 1698; x_wconf 76' lang='lat' dir='ltr'><strong>etiam</strong></span> <span class='ocrx_word' id='word_1_200' title='bbox 1069 1666 1125 1695; x_wconf 85' lang='lat' dir='ltr'><strong>Ec·</strong></span> 
     </span>
     <span class='ocr_line' id='line_1_33' title="bbox 248 1711 1125 1760; baseline -0.007 -8"><span class='ocrx_word' id='word_1_201' title='bbox 248 1716 340 1760; x_wconf 79' lang='lat' dir='ltr'><strong>clefiae</strong></span> <span class='ocrx_word' id='word_1_202' title='bbox 352 1727 416 1750; x_wconf 84' lang='lat' dir='ltr'><strong>cum</strong></span> <span class='ocrx_word' id='word_1_203' title='bbox 423 1714 624 1759; x_wconf 72' lang='lat' dir='ltr'><strong>poffeffiontbus</strong></span> <span class='ocrx_word' id='word_1_204' title='bbox 644 1715 865 1748; x_wconf 80' lang='lat' dir='ltr'><strong>venumdamur</strong></span> <span class='ocrx_word' id='word_1_205' title='bbox 877 1738 885 1747; x_wconf 86' lang='lat'><em>.</em></span> <span class='ocrx_word' id='word_1_206' title='bbox 912 1712 1081 1748; x_wconf 84' lang='lat' dir='ltr'><strong>Attentari</strong></span> <span class='ocrx_word' id='word_1_207' title='bbox 1091 1711 1125 1746; x_wconf 85' lang='lat' dir='ltr'><strong>id</strong></span> 
     </span>
     <span class='ocr_line' id='line_1_34' title="bbox 245 1762 1126 1810; baseline -0.007 -8"><span class='ocrx_word' id='word_1_208' title='bbox 245 1766 396 1810; x_wconf 75' lang='lat' dir='ltr'><strong>queritur</strong></span> <span class='ocrx_word' id='word_1_209' title='bbox 409 1777 479 1800; x_wconf 88' lang='lat' dir='ltr'><strong>non</strong></span> <span class='ocrx_word' id='word_1_210' title='bbox 500 1765 607 1800; x_wconf 73' lang='lat' dir='ltr'><strong>solnm</strong></span> <span class='ocrx_word' id='word_1_211' title='bbox 618 1764 660 1799; x_wconf 93' lang='lat' dir='ltr'><strong>ab</strong></span> <span class='ocrx_word' id='word_1_212' title='bbox 672 1764 885 1799; x_wconf 83' lang='lat' dir='ltr'><strong>Ecclesiarum</strong></span> <span class='ocrx_word' id='word_1_213' title='bbox 896 1762 1126 1798; x_wconf 67' lang='lat' dir='ltr'><strong>fundatoribus</strong></span> 
     </span>
     <span class='ocr_line' id='line_1_35' title="bbox 249 1813 1126 1859; baseline -0.007 -7"><span class='ocrx_word' id='word_1_214' title='bbox 249 1818 307 1852; x_wconf 82' lang='lat' dir='ltr'><strong>seu</strong></span> <span class='ocrx_word' id='word_1_215' title='bbox 325 1815 501 1857; x_wconf 77' lang='lat' dir='ltr'><strong>Patronis,</strong></span> <span class='ocrx_word' id='word_1_216' title='bbox 527 1815 582 1850; x_wconf 82' lang='lat' dir='ltr'><strong>sed</strong></span> <span class='ocrx_word' id='word_1_217' title='bbox 607 1814 737 1859; x_wconf 85' lang='lat' dir='ltr'><strong>insuper</strong></span> <span class='ocrx_word' id='word_1_218' title='bbox 759 1814 801 1850; x_wconf 89' lang='lat' dir='ltr'><strong>ab</strong></span> <span class='ocrx_word' id='word_1_219' title='bbox 812 1814 907 1854; x_wconf 80' lang='lat' dir='ltr'><strong>aliis,</strong></span> <span class='ocrx_word' id='word_1_220' title='bbox 933 1815 987 1859; x_wconf 89' lang='lat' dir='ltr'><strong>qui</strong></span> <span class='ocrx_word' id='word_1_221' title='bbox 1001 1813 1126 1848; x_wconf 87' lang='lat' dir='ltr'><strong>nullum</strong></span> 
     </span>
     <span class='ocr_line' id='line_1_36' title="bbox 244 1863 1127 1909; baseline -0.005 -8"><span class='ocrx_word' id='word_1_222' title='bbox 244 1864 396 1901; x_wconf 76' lang='lat' dir='ltr'><strong>habeant</strong></span> <span class='ocrx_word' id='word_1_223' title='bbox 417 1864 588 1909; x_wconf 78' lang='lat' dir='ltr'><strong>cujuslibet</strong></span> <span class='ocrx_word' id='word_1_224' title='bbox 610 1865 688 1908; x_wconf 82' lang='lat' dir='ltr'><strong>juris</strong></span> <span class='ocrx_word' id='word_1_225' title='bbox 710 1866 761 1901; x_wconf 90' lang='lat' dir='ltr'><strong>vel</strong></span> <span class='ocrx_word' id='word_1_226' title='bbox 784 1866 896 1902; x_wconf 88' lang='lat' dir='ltr'><strong>fucum</strong></span> <span class='ocrx_word' id='word_1_227' title='bbox 911 1890 919 1899; x_wconf 94' lang='lat'><strong><em>.</em></strong></span> <span class='ocrx_word' id='word_1_228' title='bbox 946 1864 1077 1909; x_wconf 78' lang='lat' dir='ltr'><strong>Utique</strong></span> <span class='ocrx_word' id='word_1_229' title='bbox 1086 1863 1127 1898; x_wconf 91' lang='lat' dir='ltr'><strong>ab</strong></span> 
     </span>
     <span class='ocr_line' id='line_1_37' title="bbox 248 1914 1128 1962; baseline -0.002 -12"><span class='ocrx_word' id='word_1_230' title='bbox 248 1914 431 1951; x_wconf 72' lang='lat' dir='ltr'><strong>haeredibus</strong></span> <span class='ocrx_word' id='word_1_231' title='bbox 452 1925 508 1951; x_wconf 91' lang='lat' dir='ltr'><strong>aut</strong></span> <span class='ocrx_word' id='word_1_232' title='bbox 529 1916 762 1952; x_wconf 81' lang='lat' dir='ltr'><strong>successoribus</strong></span> <span class='ocrx_word' id='word_1_233' title='bbox 788 1918 939 1959; x_wconf 86' lang='lat' dir='ltr'><strong>illorum,</strong></span> <span class='ocrx_word' id='word_1_234' title='bbox 964 1916 1022 1962; x_wconf 83' lang='lat' dir='ltr'><strong>qui</strong></span> <span class='ocrx_word' id='word_1_235' title='bbox 1045 1915 1128 1962; x_wconf 82' lang='lat' dir='ltr'><strong>ipsas</strong></span> 
     </span>
     <span class='ocr_line' id='line_1_38' title="bbox 249 1966 1128 2010; baseline 0.001 -8"><span class='ocrx_word' id='word_1_236' title='bbox 249 1975 441 2010; x_wconf 72' lang='lat' dir='ltr'><strong>acceperant</strong></span> <span class='ocrx_word' id='word_1_237' title='bbox 460 1967 480 2001; x_wconf 70' lang='lat' dir='ltr'><strong>a</strong></span> <span class='ocrx_word' id='word_1_238' title='bbox 503 1966 627 2002; x_wconf 87' lang='lat' dir='ltr'><strong>Carolo</strong></span> <span class='ocrx_word' id='word_1_239' title='bbox 651 1968 806 2003; x_wconf 89' lang='lat' dir='ltr'><strong>Martello</strong></span> <span class='ocrx_word' id='word_1_240' title='bbox 818 1995 825 2002; x_wconf 95' lang='lat'><strong>.</strong></span> <span class='ocrx_word' id='word_1_241' title='bbox 856 1970 936 2003; x_wconf 84' lang='lat' dir='ltr'><strong>Non</strong></span> <span class='ocrx_word' id='word_1_242' title='bbox 950 1968 1056 2003; x_wconf 78' lang='lat' dir='ltr'><strong>solum</strong></span> <span class='ocrx_word' id='word_1_243' title='bbox 1070 1967 1128 2003; x_wconf 83' lang='lat' dir='ltr'><strong>Pa-</strong></span> 
     </span>
     <span class='ocr_line' id='line_1_39' title="bbox 248 2015 1129 2060; baseline -0.001 -9"><span class='ocrx_word' id='word_1_244' title='bbox 248 2015 414 2052; x_wconf 84' lang='lat' dir='ltr'><strong>rochiales</strong></span> <span class='ocrx_word' id='word_1_245' title='bbox 447 2027 523 2052; x_wconf 87' lang='lat' dir='ltr'><strong>cum</strong></span> <span class='ocrx_word' id='word_1_246' title='bbox 558 2017 706 2052; x_wconf 66' lang='lat' dir='ltr'><strong>Decimio</strong></span> <span class='ocrx_word' id='word_1_247' title='bbox 730 2043 742 2060; x_wconf 93' lang='lat'>,</span> <span class='ocrx_word' id='word_1_248' title='bbox 767 2018 821 2054; x_wconf 85' lang='lat' dir='ltr'><strong>sed</strong></span> <span class='ocrx_word' id='word_1_249' title='bbox 852 2020 887 2054; x_wconf 77' lang='grc' dir='ltr'><strong>δε</strong></span> <span class='ocrx_word' id='word_1_250' title='bbox 919 2017 1129 2055; x_wconf 86' lang='lat' dir='ltr'><strong>Cathedrales</strong></span> 
     </span>
     <span class='ocr_line' id='line_1_40' title="bbox 251 2067 1128 2111; baseline 0.001 -11"><span class='ocrx_word' id='word_1_251' title='bbox 251 2076 331 2100; x_wconf 85' lang='lat' dir='ltr'><strong>cum</strong></span> <span class='ocrx_word' id='word_1_252' title='bbox 349 2067 470 2110; x_wconf 84' lang='lat' dir='ltr'><strong>opimis</strong></span> <span class='ocrx_word' id='word_1_253' title='bbox 489 2068 732 2111; x_wconf 74' lang='lat' dir='ltr'><strong>possessionibus</strong></span> <span class='ocrx_word' id='word_1_254' title='bbox 755 2070 915 2103; x_wconf 83' lang='lat' dir='ltr'><strong>Ecclesias</strong></span> <span class='ocrx_word' id='word_1_255' title='bbox 931 2094 942 2110; x_wconf 92' lang='lat'><strong>,</strong></span> <span class='ocrx_word' id='word_1_256' title='bbox 970 2080 1031 2103; x_wconf 90' lang='lat' dir='ltr'><strong>nec</strong></span> <span class='ocrx_word' id='word_1_257' title='bbox 1061 2079 1128 2102; x_wconf 90' lang='lat' dir='ltr'><strong>non</strong></span> 
     </span>
     <span class='ocr_line' id='line_1_41' title="bbox 253 2115 1132 2163; baseline 0 -13"><span class='ocrx_word' id='word_1_258' title='bbox 253 2115 502 2151; x_wconf 80' lang='lat' dir='ltr'><strong>&amp;Monasteria</strong></span> <span class='ocrx_word' id='word_1_259' title='bbox 525 2117 728 2159; x_wconf 86' lang='lat' dir='ltr'><strong>poffidebant</strong></span> <span class='ocrx_word' id='word_1_260' title='bbox 750 2127 916 2163; x_wconf 87' lang='lat' dir='ltr'><strong>tamquam</strong></span> <span class='ocrx_word' id='word_1_261' title='bbox 939 2116 1026 2152; x_wconf 87' lang='lat' dir='ltr'><strong>bona</strong></span> <span class='ocrx_word' id='word_1_262' title='bbox 1038 2117 1132 2161; x_wconf 82' lang='lat' dir='ltr'><strong>patri-</strong></span> 
     </span>
     <span class='ocr_line' id='line_1_42' title="bbox 253 2164 1131 2208; baseline 0.001 -8"><span class='ocrx_word' id='word_1_263' title='bbox 253 2164 415 2200; x_wconf 83' lang='lat' dir='ltr'><strong>monialia</strong></span> <span class='ocrx_word' id='word_1_264' title='bbox 435 2189 449 2208; x_wconf 92' lang='lat'><em>,</em></span> <span class='ocrx_word' id='word_1_265' title='bbox 473 2166 741 2201; x_wconf 66' lang='lat' dir='ltr'><strong>transfundebant</strong></span> <span class='ocrx_word' id='word_1_266' title='bbox 771 2168 806 2201; x_wconf 89' lang='lat' dir='ltr'><strong>in</strong></span> <span class='ocrx_word' id='word_1_267' title='bbox 840 2166 979 2201; x_wconf 81' lang='lat' dir='ltr'><strong>baeredes</strong></span> <span class='ocrx_word' id='word_1_268' title='bbox 1005 2192 1017 2208; x_wconf 89' lang='lat'>,</span> <span class='ocrx_word' id='word_1_269' title='bbox 1040 2177 1131 2201; x_wconf 87' lang='lat' dir='ltr'><strong>com-</strong></span> 
     </span>
     <span class='ocr_line' id='line_1_43' title="bbox 253 2214 1131 2258; baseline 0.003 -10"><span class='ocrx_word' id='word_1_270' title='bbox 253 2214 429 2248; x_wconf 85' lang='lat' dir='ltr'><strong>mutabant</strong></span> <span class='ocrx_word' id='word_1_271' title='bbox 450 2220 549 2258; x_wconf 87' lang='lat' dir='ltr'><strong>atque</strong></span> <span class='ocrx_word' id='word_1_272' title='bbox 567 2215 751 2250; x_wconf 87' lang='lat' dir='ltr'><strong>vendebant</strong></span> <span class='ocrx_word' id='word_1_273' title='bbox 771 2242 779 2248; x_wconf 97' lang='lat'>.</span> <span class='ocrx_word' id='word_1_274' title='bbox 806 2215 849 2250; x_wconf 89' lang='lat' dir='ltr'><strong>A-</strong></span> <span class='ocrx_word' id='word_1_275' title='bbox 863 2218 979 2250; x_wconf 67' lang='lat' dir='ltr'><strong>sanctis</strong></span> <span class='ocrx_word' id='word_1_276' title='bbox 997 2216 1131 2251; x_wconf 87' lang='lat' dir='ltr'><strong>tandem</strong></span> 
     </span>
     <span class='ocr_line' id='line_1_44' title="bbox 253 2262 1132 2309; baseline 0.002 -11"><span class='ocrx_word' id='word_1_277' title='bbox 253 2273 293 2298; x_wconf 80' lang='lat' dir='ltr'><strong>ac</strong></span> <span class='ocrx_word' id='word_1_278' title='bbox 304 2263 414 2297; x_wconf 85' lang='lat' dir='ltr'><strong>zelosis</strong></span> <span class='ocrx_word' id='word_1_279' title='bbox 425 2262 595 2307; x_wconf 86' lang='lat' dir='ltr'><strong>Episcopis</strong></span> <span class='ocrx_word' id='word_1_280' title='bbox 605 2263 722 2307; x_wconf 88' lang='lat' dir='ltr'><strong>partim</strong></span> <span class='ocrx_word' id='word_1_281' title='bbox 732 2274 789 2308; x_wconf 89' lang='lat' dir='ltr'><strong>per</strong></span> <span class='ocrx_word' id='word_1_282' title='bbox 798 2275 905 2309; x_wconf 85' lang='lat' dir='ltr'><strong>preces</strong></span> <span class='ocrx_word' id='word_1_283' title='bbox 916 2290 927 2305; x_wconf 95' lang='lat'>‚</span> <span class='ocrx_word' id='word_1_284' title='bbox 954 2266 1068 2309; x_wconf 86' lang='lat' dir='ltr'><strong>partim</strong></span> <span class='ocrx_word' id='word_1_285' title='bbox 1079 2277 1132 2309; x_wconf 87' lang='lat' dir='ltr'><strong>per</strong></span> 
     </span>
     <span class='ocr_line' id='line_1_45' title="bbox 252 2313 1130 2357; baseline 0.002 -10"><span class='ocrx_word' id='word_1_286' title='bbox 252 2313 413 2348; x_wconf 86' lang='lat' dir='ltr'><strong>Canones</strong></span> <span class='ocrx_word' id='word_1_287' title='bbox 431 2337 443 2353; x_wconf 91' lang='lat'>,</span> <span class='ocrx_word' id='word_1_288' title='bbox 471 2313 588 2356; x_wconf 87' lang='lat' dir='ltr'><strong>partim</strong></span> <span class='ocrx_word' id='word_1_289' title='bbox 608 2324 663 2357; x_wconf 88' lang='lat' dir='ltr'><strong>per</strong></span> <span class='ocrx_word' id='word_1_290' title='bbox 685 2313 771 2347; x_wconf 85' lang='lat' dir='ltr'><strong>varia</strong></span> <span class='ocrx_word' id='word_1_291' title='bbox 793 2326 869 2349; x_wconf 88' lang='lat' dir='ltr'><strong>curn</strong></span> <span class='ocrx_word' id='word_1_292' title='bbox 898 2315 1058 2349; x_wconf 91' lang='lat' dir='ltr'><strong>Ludovici</strong></span> <span class='ocrx_word' id='word_1_293' title='bbox 1078 2315 1130 2349; x_wconf 90' lang='lat' dir='ltr'><strong>Pii</strong></span> 
     </span>
     <span class='ocr_line' id='line_1_46' title="bbox 253 2361 1133 2406; baseline 0.003 -10"><span class='ocrx_word' id='word_1_294' title='bbox 253 2361 484 2397; x_wconf 73' lang='lat' dir='ltr'><strong>successoribus</strong></span> <span class='ocrx_word' id='word_1_295' title='bbox 504 2365 591 2406; x_wconf 68' lang='lat' dir='ltr'><strong>praa</strong></span> <span class='ocrx_word' id='word_1_296' title='bbox 615 2364 650 2398; x_wconf 77' lang='grc' dir='ltr'><strong>δε</strong></span> <span class='ocrx_word' id='word_1_297' title='bbox 676 2364 874 2398; x_wconf 83' lang='lat' dir='ltr'><strong>concordata</strong></span> <span class='ocrx_word' id='word_1_298' title='bbox 896 2366 1021 2399; x_wconf 86' lang='lat' dir='ltr'><strong>malum</strong></span> <span class='ocrx_word' id='word_1_299' title='bbox 1050 2365 1133 2405; x_wconf 87' lang='lat' dir='ltr'><strong>fnit,</strong></span> 
     </span>
     <span class='ocr_line' id='line_1_47' title="bbox 253 2412 1132 2459; baseline 0.003 -13"><span class='ocrx_word' id='word_1_300' title='bbox 253 2412 334 2446; x_wconf 80' lang='lat' dir='ltr'><strong>licet</strong></span> <span class='ocrx_word' id='word_1_301' title='bbox 359 2422 428 2446; x_wconf 86' lang='lat' dir='ltr'><strong>non</strong></span> <span class='ocrx_word' id='word_1_302' title='bbox 458 2413 587 2456; x_wconf 84' lang='lat' dir='ltr'><strong>penitus</strong></span> <span class='ocrx_word' id='word_1_303' title='bbox 619 2412 764 2448; x_wconf 90' lang='lat' dir='ltr'><strong>evulsum</strong></span> <span class='ocrx_word' id='word_1_304' title='bbox 788 2439 799 2455; x_wconf 96' lang='lat'>,</span> <span class='ocrx_word' id='word_1_305' title='bbox 825 2423 934 2449; x_wconf 90' lang='lat' dir='ltr'><strong>tamen</strong></span> <span class='ocrx_word' id='word_1_306' title='bbox 962 2415 1132 2459; x_wconf 86' lang='lat' dir='ltr'><strong>insigniter</strong></span> 
     </span>
     <span class='ocr_line' id='line_1_48' title="bbox 256 2461 1131 2510; baseline 0.003 -13"><span class='ocrx_word' id='word_1_307' title='bbox 256 2461 444 2506; x_wconf 85' lang='lat' dir='ltr'><strong>mitigatum</strong></span> <span class='ocrx_word' id='word_1_308' title='bbox 466 2484 475 2495; x_wconf 84' lang='lat'><strong><em>.</em></strong></span> <span class='ocrx_word' id='word_1_309' title='bbox 504 2461 550 2496; x_wconf 84' lang='lat' dir='ltr'><strong>Et</strong></span> <span class='ocrx_word' id='word_1_310' title='bbox 580 2462 829 2498; x_wconf 86' lang='lat' dir='ltr'><strong>Monachorum</strong></span> <span class='ocrx_word' id='word_1_311' title='bbox 849 2464 885 2498; x_wconf 81' lang='grc' dir='ltr'><strong>δε</strong></span> <span class='ocrx_word' id='word_1_312' title='bbox 914 2464 1131 2510; x_wconf 86' lang='lat' dir='ltr'><strong>Regularium</strong></span> 
     </span>
     <span class='ocr_line' id='line_1_49' title="bbox 255 2510 1130 2558; baseline 0.003 -13"><span class='ocrx_word' id='word_1_313' title='bbox 255 2511 294 2545; x_wconf 81' lang='lat' dir='ltr'><strong>in</strong></span> <span class='ocrx_word' id='word_1_314' title='bbox 315 2510 503 2546; x_wconf 86' lang='lat' dir='ltr'><strong>Cathedrali</strong></span> <span class='ocrx_word' id='word_1_315' title='bbox 524 2521 580 2547; x_wconf 87' lang='lat' dir='ltr'><strong>aut</strong></span> <span class='ocrx_word' id='word_1_316' title='bbox 599 2512 789 2558; x_wconf 88' lang='lat' dir='ltr'><strong>Collegiato</strong></span> <span class='ocrx_word' id='word_1_317' title='bbox 812 2513 965 2548; x_wconf 87' lang='lat' dir='ltr'><strong>Claustro</strong></span> <span class='ocrx_word' id='word_1_318' title='bbox 989 2515 1130 2549; x_wconf 88' lang='lat' dir='ltr'><strong>Clerico·</strong></span> 
     </span>
     <span class='ocr_line' id='line_1_50' title="bbox 256 2560 1132 2608; baseline 0.002 -12"><span class='ocrx_word' id='word_1_319' title='bbox 256 2572 331 2596; x_wconf 88' lang='lat' dir='ltr'><strong>rum</strong></span> <span class='ocrx_word' id='word_1_320' title='bbox 348 2560 519 2604; x_wconf 81' lang='lat' dir='ltr'><strong>disciplina</strong></span> <span class='ocrx_word' id='word_1_321' title='bbox 541 2570 619 2596; x_wconf 84' lang='lat' dir='ltr'><strong>tunc</strong></span> <span class='ocrx_word' id='word_1_322' title='bbox 629 2561 849 2597; x_wconf 71' lang='lat' dir='ltr'><strong>florentissime</strong></span> <span class='ocrx_word' id='word_1_323' title='bbox 863 2563 1009 2608; x_wconf 88' lang='lat' dir='ltr'><strong>vigebat.</strong></span> <span class='ocrx_word' id='word_1_324' title='bbox 1038 2565 1132 2599; x_wconf 87' lang='lat' dir='ltr'><strong>Hinc</strong></span> 
     </span>
     <span class='ocr_line' id='line_1_51' title="bbox 257 2610 1132 2658; baseline 0.006 -15"><span class='ocrx_word' id='word_1_325' title='bbox 257 2610 364 2655; x_wconf 81' lang='lat' dir='ltr'><strong>plures</strong></span> <span class='ocrx_word' id='word_1_326' title='bbox 386 2610 480 2644; x_wconf 88' lang='lat' dir='ltr'><strong>Laici</strong></span> <span class='ocrx_word' id='word_1_327' title='bbox 493 2634 505 2651; x_wconf 90' lang='lat'>‚</span> <span class='ocrx_word' id='word_1_328' title='bbox 531 2611 610 2645; x_wconf 88' lang='lat' dir='ltr'><strong>dum</strong></span> <span class='ocrx_word' id='word_1_329' title='bbox 629 2611 799 2646; x_wconf 86' lang='lat' dir='ltr'><strong>Saeculares</strong></span> <span class='ocrx_word' id='word_1_330' title='bbox 810 2613 864 2646; x_wconf 89' lang='lat' dir='ltr'><strong>seu</strong></span> <span class='ocrx_word' id='word_1_331' title='bbox 875 2613 1048 2658; x_wconf 78' lang='lat' dir='ltr'><strong>singulares</strong></span> <span class='ocrx_word' id='word_1_332' title='bbox 1061 2614 1132 2648; x_wconf 89' lang='lat' dir='ltr'><strong>Cle·</strong></span> 
     </span>
     <span class='ocr_line' id='line_1_52' title="bbox 258 2660 1133 2702; baseline 0.003 -8"><span class='ocrx_word' id='word_1_333' title='bbox 258 2662 345 2695; x_wconf 84' lang='lat' dir='ltr'><strong>ricos</strong></span> <span class='ocrx_word' id='word_1_334' title='bbox 356 2661 561 2702; x_wconf 83' lang='lat' dir='ltr'><strong>aversantur,</strong></span> <span class='ocrx_word' id='word_1_335' title='bbox 586 2660 736 2695; x_wconf 86' lang='lat' dir='ltr'><strong>detentas</strong></span> <span class='ocrx_word' id='word_1_336' title='bbox 753 2661 916 2696; x_wconf 79' lang='lat' dir='ltr'><strong>Altarium</strong></span> <span class='ocrx_word' id='word_1_337' title='bbox 933 2663 1087 2697; x_wconf 84' lang='lat' dir='ltr'><strong>Decimas</strong></span> <span class='ocrx_word' id='word_1_338' title='bbox 1098 2664 1133 2697; x_wconf 90' lang='lat' dir='ltr'><strong>il-</strong></span> 
     </span>
     <span class='ocr_line' id='line_1_53' title="bbox 257 2709 1133 2752; baseline 0.006 -9"><span class='ocrx_word' id='word_1_339' title='bbox 257 2709 300 2743; x_wconf 81' lang='lat' dir='ltr'><strong>lis</strong></span> <span class='ocrx_word' id='word_1_340' title='bbox 310 2710 475 2744; x_wconf 85' lang='lat' dir='ltr'><strong>donarunt</strong></span> <span class='ocrx_word' id='word_1_341' title='bbox 490 2733 502 2750; x_wconf 94' lang='lat'>,</span> <span class='ocrx_word' id='word_1_342' title='bbox 526 2721 569 2745; x_wconf 76' lang='lat' dir='ltr'><strong>ex</strong></span> <span class='ocrx_word' id='word_1_343' title='bbox 591 2711 661 2752; x_wconf 88' lang='lat' dir='ltr'><strong>ipsis</strong></span> <span class='ocrx_word' id='word_1_344' title='bbox 678 2710 857 2746; x_wconf 85' lang='lat' dir='ltr'><strong>fundarunt</strong></span> <span class='ocrx_word' id='word_1_345' title='bbox 867 2722 954 2746; x_wconf 83' lang='lat' dir='ltr'><strong>nova</strong></span> <span class='ocrx_word' id='word_1_346' title='bbox 967 2713 1133 2749; x_wconf 86' lang='lat' dir='ltr'><strong>Monaste-</strong></span> 
     </span>
     <span class='ocr_line' id='line_1_54' title="bbox 257 2759 1132 2807; baseline 0.005 -13"><span class='ocrx_word' id='word_1_347' title='bbox 257 2760 307 2794; x_wconf 85' lang='lat' dir='ltr'><strong>ria</strong></span> <span class='ocrx_word' id='word_1_348' title='bbox 327 2771 367 2795; x_wconf 87' lang='lat' dir='ltr'><strong>ac</strong></span> <span class='ocrx_word' id='word_1_349' title='bbox 387 2759 567 2804; x_wconf 83' lang='lat' dir='ltr'><strong>Regularia</strong></span> <span class='ocrx_word' id='word_1_350' title='bbox 587 2760 766 2805; x_wconf 65' lang='lat' dir='ltr'><strong>Collegit,</strong></span> <span class='ocrx_word' id='word_1_351' title='bbox 792 2770 887 2805; x_wconf 84' lang='lat' dir='ltr'><strong>atque</strong></span> <span class='ocrx_word' id='word_1_352' title='bbox 907 2763 950 2796; x_wconf 90' lang='lat' dir='ltr'><strong>ita</strong></span> <span class='ocrx_word' id='word_1_353' title='bbox 962 2772 1132 2807; x_wconf 83' lang='lat' dir='ltr'><strong>utramque</strong></span> 
     </span>
     <span class='ocr_line' id='line_1_55' title="bbox 255 2809 1132 2856; baseline 0.003 -13"><span class='ocrx_word' id='word_1_354' title='bbox 255 2809 353 2844; x_wconf 82' lang='lat' dir='ltr'><strong>istam</strong></span> <span class='ocrx_word' id='word_1_355' title='bbox 367 2810 594 2853; x_wconf 72' lang='lat' dir='ltr'><strong>professionem</strong></span> <span class='ocrx_word' id='word_1_356' title='bbox 606 2810 844 2854; x_wconf 74' lang='lat' dir='ltr'><strong>opulentissime</strong></span> <span class='ocrx_word' id='word_1_357' title='bbox 853 2812 999 2846; x_wconf 90' lang='lat' dir='ltr'><strong>ditarunt</strong></span> <span class='ocrx_word' id='word_1_358' title='bbox 1010 2837 1018 2845; x_wconf 92' lang='lat'><strong>.</strong></span> <span class='ocrx_word' id='word_1_359' title='bbox 1046 2813 1132 2856; x_wconf 83' lang='lat' dir='ltr'><strong>Ipsas</strong></span> 
     </span>
     <span class='ocr_line' id='line_1_56' title="bbox 257 2858 1131 2904; baseline 0.003 -10"><span class='ocrx_word' id='word_1_360' title='bbox 257 2858 502 2894; x_wconf 77' lang='lat' dir='ltr'><strong>dederuntcum</strong></span> <span class='ocrx_word' id='word_1_361' title='bbox 524 2871 624 2895; x_wconf 87' lang='lat' dir='ltr'><strong>onere</strong></span> <span class='ocrx_word' id='word_1_362' title='bbox 634 2859 815 2904; x_wconf 73' lang='lat' dir='ltr'><strong>reparandae</strong></span> <span class='ocrx_word' id='word_1_363' title='bbox 833 2861 1027 2896; x_wconf 85' lang='lat' dir='ltr'><strong>&amp;ornandae</strong></span> <span class='ocrx_word' id='word_1_364' title='bbox 1038 2862 1131 2897; x_wconf 87' lang='lat' dir='ltr'><strong>fabri-</strong></span> 
     </span>
     <span class='ocr_line' id='line_1_57' title="bbox 259 2909 1131 2955; baseline 0.005 -12"><span class='ocrx_word' id='word_1_365' title='bbox 259 2919 306 2943; x_wconf 83' lang='lat' dir='ltr'><strong>cae</strong></span> <span class='ocrx_word' id='word_1_366' title='bbox 315 2932 326 2949; x_wconf 87' lang='lat'>‚</span> <span class='ocrx_word' id='word_1_367' title='bbox 337 2909 372 2944; x_wconf 85' lang='lat'>&amp;</span> <span class='ocrx_word' id='word_1_368' title='bbox 384 2909 572 2945; x_wconf 88' lang='lat' dir='ltr'><strong>sufficientis</strong></span> <span class='ocrx_word' id='word_1_369' title='bbox 581 2910 621 2945; x_wconf 88' lang='lat' dir='ltr'><strong>ad</strong></span> <span class='ocrx_word' id='word_1_370' title='bbox 632 2910 745 2955; x_wconf 84' lang='lat' dir='ltr'><strong>populi</strong></span> <span class='ocrx_word' id='word_1_371' title='bbox 758 2910 972 2947; x_wconf 85' lang='lat' dir='ltr'><strong>ministerium</strong></span> <span class='ocrx_word' id='word_1_372' title='bbox 982 2911 1070 2947; x_wconf 85' lang='lat' dir='ltr'><strong>Cleri</strong></span> <span class='ocrx_word' id='word_1_373' title='bbox 1083 2914 1131 2947; x_wconf 90' lang='lat' dir='ltr'><strong>su·</strong></span> 
     </span>
     <span class='ocr_line' id='line_1_58' title="bbox 258 2959 445 2995; baseline -0.005 0"><span class='ocrx_word' id='word_1_374' title='bbox 258 2959 423 2995; x_wconf 66' lang='lat' dir='ltr'><strong>{tentandi</strong></span> <span class='ocrx_word' id='word_1_375' title='bbox 437 2984 445 2993; x_wconf 84' lang='lat'><em>.</em></span> 
     </span>
    </p>

    <p class='ocr_par' dir='ltr' id='par_1_11' title="bbox 257 3006 1131 3458">
     <span class='ocr_line' id='line_1_59' title="bbox 308 3006 1130 3056; baseline 0.006 -14"><span class='ocrx_word' id='word_1_376' title='bbox 308 3006 389 3056; x_wconf 65' lang='lat' dir='ltr'><strong>Post</strong></span> <span class='ocrx_word' id='word_1_377' title='bbox 408 3008 598 3046; x_wconf 68' lang='lat' dir='ltr'><strong>exstinstam</strong></span> <span class='ocrx_word' id='word_1_378' title='bbox 622 3009 736 3047; x_wconf 87' lang='lat' dir='ltr'><strong>Caroli</strong></span> <span class='ocrx_word' id='word_1_379' title='bbox 758 3010 878 3056; x_wconf 83' lang='lat' dir='ltr'><strong>Magni</strong></span> <span class='ocrx_word' id='word_1_380' title='bbox 900 3011 1045 3047; x_wconf 83' lang='lat' dir='ltr'><strong>sobolem</strong></span> <span class='ocrx_word' id='word_1_381' title='bbox 1058 3037 1070 3055; x_wconf 91' lang='lat'>‚</span> <span class='ocrx_word' id='word_1_382' title='bbox 1094 3013 1130 3047; x_wconf 89' lang='lat'>&amp;</span> 
     </span>
     <span class='ocr_line' id='line_1_60' title="bbox 257 3058 1131 3102; baseline 0.008 -12"><span class='ocrx_word' id='word_1_383' title='bbox 257 3058 384 3102; x_wconf 64' lang='lat' dir='ltr'><strong>&#39;patrna</strong></span> <span class='ocrx_word' id='word_1_384' title='bbox 406 3058 442 3092; x_wconf 90' lang='lat' dir='ltr'><strong>in</strong></span> <span class='ocrx_word' id='word_1_385' title='bbox 465 3059 656 3096; x_wconf 87' lang='lat' dir='ltr'><strong>Formosum</strong></span> <span class='ocrx_word' id='word_1_386' title='bbox 677 3061 875 3096; x_wconf 84' lang='lat' dir='ltr'><strong>Pontificem</strong></span> <span class='ocrx_word' id='word_1_387' title='bbox 896 3061 1042 3097; x_wconf 85' lang='lat' dir='ltr'><strong>scandala</strong></span> <span class='ocrx_word' id='word_1_388' title='bbox 1059 3073 1131 3097; x_wconf 86' lang='lat' dir='ltr'><strong>ma-</strong></span> 
     </span>
     <span class='ocr_line' id='line_1_61' title="bbox 259 3105 1130 3154; baseline 0.007 -13"><span class='ocrx_word' id='word_1_389' title='bbox 259 3108 332 3142; x_wconf 83' lang='lat' dir='ltr'><strong>lum</strong></span> <span class='ocrx_word' id='word_1_390' title='bbox 351 3105 435 3141; x_wconf 67' lang='lat' dir='ltr'><strong>adeo</strong></span> <span class='ocrx_word' id='word_1_391' title='bbox 455 3109 621 3145; x_wconf 79' lang='lat' dir='ltr'><strong>resurrexit</strong></span> <span class='ocrx_word' id='word_1_392' title='bbox 632 3135 644 3152; x_wconf 90' lang='lat'>‚</span> <span class='ocrx_word' id='word_1_393' title='bbox 671 3121 707 3145; x_wconf 92' lang='lat' dir='ltr'><strong>ut</strong></span> <span class='ocrx_word' id='word_1_394' title='bbox 719 3111 813 3146; x_wconf 88' lang='lat' dir='ltr'><strong>Laici</strong></span> <span class='ocrx_word' id='word_1_395' title='bbox 823 3111 857 3144; x_wconf 89' lang='lat' dir='ltr'><strong>in</strong></span> <span class='ocrx_word' id='word_1_396' title='bbox 872 3112 944 3154; x_wconf 88' lang='lat' dir='ltr'><strong>ipsis</strong></span> <span class='ocrx_word' id='word_1_397' title='bbox 954 3111 1051 3147; x_wconf 87' lang='lat' dir='ltr'><strong>etiam</strong></span> <span class='ocrx_word' id='word_1_398' title='bbox 1062 3111 1130 3146; x_wconf 91' lang='lat' dir='ltr'><strong>Ro·</strong></span> 
     </span>
     <span class='ocr_line' id='line_1_62' title="bbox 260 3156 1127 3196; baseline 0.008 -6"><span class='ocrx_word' id='word_1_399' title='bbox 260 3157 367 3191; x_wconf 84' lang='lat' dir='ltr'><strong>manis</strong></span> <span class='ocrx_word' id='word_1_400' title='bbox 388 3156 528 3192; x_wconf 87' lang='lat' dir='ltr'><strong>Basilicis</strong></span> <span class='ocrx_word' id='word_1_401' title='bbox 547 3158 681 3195; x_wconf 84' lang='lat' dir='ltr'><strong>devotas</strong></span> <span class='ocrx_word' id='word_1_402' title='bbox 711 3159 957 3196; x_wconf 83' lang='lat' dir='ltr'><strong>adventantium</strong></span> <span class='ocrx_word' id='word_1_403' title='bbox 981 3160 1127 3196; x_wconf 81' lang='lat' dir='ltr'><strong>fidelium</strong></span> 
     </span>
     <span class='ocr_line' id='line_1_63' title="bbox 261 3206 1128 3253; baseline 0.007 -13"><span class='ocrx_word' id='word_1_404' title='bbox 261 3206 448 3241; x_wconf 77' lang='lat' dir='ltr'><strong>oblationes</strong></span> <span class='ocrx_word' id='word_1_405' title='bbox 458 3207 658 3251; x_wconf 84' lang='lat' dir='ltr'><strong>invaderent,</strong></span> <span class='ocrx_word' id='word_1_406' title='bbox 666 3209 702 3243; x_wconf 73' lang='grc' dir='ltr'><strong>ὅ(</strong></span> <span class='ocrx_word' id='word_1_407' title='bbox 715 3210 800 3253; x_wconf 88' lang='lat' dir='ltr'><strong>ipsos</strong></span> <span class='ocrx_word' id='word_1_408' title='bbox 809 3211 1019 3245; x_wconf 83' lang='lat' dir='ltr'><strong>adventantes</strong></span> <span class='ocrx_word' id='word_1_409' title='bbox 1029 3212 1063 3246; x_wconf 88' lang='lat' dir='ltr'><strong>in</strong></span> <span class='ocrx_word' id='word_1_410' title='bbox 1075 3213 1128 3246; x_wconf 87' lang='lat' dir='ltr'><strong>via</strong></span> 
     </span>
     <span class='ocr_line' id='line_1_64' title="bbox 259 3255 1128 3306; baseline 0.008 -17"><span class='ocrx_word' id='word_1_411' title='bbox 259 3255 495 3299; x_wconf 74' lang='lat' dir='ltr'><strong>praedarentur.</strong></span> <span class='ocrx_word' id='word_1_412' title='bbox 522 3257 729 3294; x_wconf 86' lang='lat' dir='ltr'><strong>Medicinam</strong></span> <span class='ocrx_word' id='word_1_413' title='bbox 741 3260 895 3295; x_wconf 87' lang='lat' dir='ltr'><strong>adhibere</strong></span> <span class='ocrx_word' id='word_1_414' title='bbox 905 3260 1020 3295; x_wconf 75' lang='lat' dir='ltr'><strong>iterum</strong></span> <span class='ocrx_word' id='word_1_415' title='bbox 1029 3262 1128 3306; x_wconf 84' lang='lat' dir='ltr'><strong>coepit</strong></span> 
     </span>
     <span class='ocr_line' id='line_1_65' title="bbox 258 3306 1128 3355; baseline 0.006 -15"><span class='ocrx_word' id='word_1_416' title='bbox 258 3306 442 3351; x_wconf 82' lang='lat' dir='ltr'><strong>Gregorius</strong></span> <span class='ocrx_word' id='word_1_417' title='bbox 462 3307 589 3349; x_wconf 85' lang='lat' dir='ltr'><strong>sextus,</strong></span> <span class='ocrx_word' id='word_1_418' title='bbox 615 3307 732 3343; x_wconf 71' lang='lat' dir='ltr'><strong>Victor</strong></span> <span class='ocrx_word' id='word_1_419' title='bbox 756 3310 935 3351; x_wconf 86' lang='lat' dir='ltr'><strong>secundus,</strong></span> <span class='ocrx_word' id='word_1_420' title='bbox 962 3322 1000 3345; x_wconf 88' lang='lat' dir='ltr'><strong>ac</strong></span> <span class='ocrx_word' id='word_1_421' title='bbox 1011 3313 1128 3355; x_wconf 74' lang='lat' dir='ltr'><strong>praeser-</strong></span> 
     </span>
     <span class='ocr_line' id='line_1_66' title="bbox 259 3355 1127 3400; baseline 0.008 -11"><span class='ocrx_word' id='word_1_422' title='bbox 259 3355 322 3390; x_wconf 83' lang='lat' dir='ltr'><strong>tim</strong></span> <span class='ocrx_word' id='word_1_423' title='bbox 333 3357 466 3391; x_wconf 68' lang='lat' dir='ltr'><strong>sanstus</strong></span> <span class='ocrx_word' id='word_1_424' title='bbox 478 3357 549 3392; x_wconf 91' lang='lat' dir='ltr'><strong>Leo</strong></span> <span class='ocrx_word' id='word_1_425' title='bbox 561 3368 671 3393; x_wconf 82' lang='lat' dir='ltr'><strong>nonus</strong></span> <span class='ocrx_word' id='word_1_426' title='bbox 680 3383 692 3400; x_wconf 91' lang='lat'>,</span> <span class='ocrx_word' id='word_1_427' title='bbox 719 3358 866 3395; x_wconf 86' lang='lat' dir='ltr'><strong>laudatus</strong></span> <span class='ocrx_word' id='word_1_428' title='bbox 884 3359 925 3395; x_wconf 87' lang='lat' dir='ltr'><strong>ab</strong></span> <span class='ocrx_word' id='word_1_429' title='bbox 937 3360 1127 3396; x_wconf 79' lang='lat' dir='ltr'><strong>Hermanno</strong></span> 
     </span>
     <span class='ocr_line' id='line_1_67' title="bbox 260 3405 1128 3458; baseline 0.007 -17"><span class='ocrx_word' id='word_1_430' title='bbox 260 3405 453 3442; x_wconf 66' lang='lat' dir='ltr'><strong>Contra-sto.</strong></span> <span class='ocrx_word' id='word_1_431' title='bbox 479 3408 524 3442; x_wconf 88' lang='lat' dir='ltr'><strong>Et</strong></span> <span class='ocrx_word' id='word_1_432' title='bbox 534 3416 614 3442; x_wconf 84' lang='lat' dir='ltr'><strong>tunc</strong></span> <span class='ocrx_word' id='word_1_433' title='bbox 624 3408 742 3443; x_wconf 88' lang='lat' dir='ltr'><strong>iterum</strong></span> <span class='ocrx_word' id='word_1_434' title='bbox 753 3411 851 3454; x_wconf 87' lang='lat' dir='ltr'><strong>varia,</strong></span> <span class='ocrx_word' id='word_1_435' title='bbox 861 3410 896 3446; x_wconf 94' lang='lat' dir='ltr'><strong>in</strong></span> <span class='ocrx_word' id='word_1_436' title='bbox 908 3410 1029 3455; x_wconf 87' lang='lat' dir='ltr'><strong>quibus</strong></span> <span class='ocrx_word' id='word_1_437' title='bbox 1040 3412 1128 3458; x_wconf 87' lang='lat' dir='ltr'><strong>vige·</strong></span> 
     </span>
    </p>

    <p class='ocr_par' dir='ltr' id='par_1_12' title="bbox 315 3455 761 3502">
     <span class='ocr_line' id='line_1_68' title="bbox 315 3455 761 3502; baseline 0 -11"><span class='ocrx_word' id='word_1_438' title='bbox 315 3475 320 3479; x_wconf 88' lang='lat'><em>·</em></span> <span class='ocrx_word' id='word_1_439' title='bbox 356 3455 557 3501; x_wconf 73' lang='lat' dir='ltr'><strong>Christ-Lupi</strong></span> <span class='ocrx_word' id='word_1_440' title='bbox 567 3462 665 3502; x_wconf 83' lang='lat' dir='ltr'><strong>Opera</strong></span> <span class='ocrx_word' id='word_1_441' title='bbox 678 3461 761 3494; x_wconf 83' lang='lat' dir='ltr'><em>T.V1.</em></span> 
     </span>
    </p>
   </div>
   <div class='ocr_carea' id='block_1_11' title="bbox 1906 131 1969 183">
    <p class='ocr_par' dir='ltr' id='par_1_13' title="bbox 1906 131 1969 183">
     <span class='ocr_line' id='line_1_69' title="bbox 1906 131 1969 183; baseline 0 0"><span class='ocrx_word' id='word_1_442' title='bbox 1906 131 1969 183; x_wconf 83' lang='lat'><strong>89</strong></span> 
     </span>
    </p>
   </div>
   <div class='ocr_carea' id='block_1_12' title="bbox 1170 211 2142 3152">
    <p class='ocr_par' dir='ltr' id='par_1_14' title="bbox 1170 211 2142 3152">
     <span class='ocr_line' id='line_1_70' title="bbox 1174 211 2038 258; baseline -0.001 -10"><span class='ocrx_word' id='word_1_443' title='bbox 1174 212 1229 248; x_wconf 85' lang='lat' dir='ltr'><strong>bat</strong></span> <span class='ocrx_word' id='word_1_444' title='bbox 1250 212 1424 257; x_wconf 76' lang='lat' dir='ltr'><strong>Regularis</strong></span> <span class='ocrx_word' id='word_1_445' title='bbox 1453 211 1549 247; x_wconf 91' lang='lat' dir='ltr'><strong>Ordo</strong></span> <span class='ocrx_word' id='word_1_446' title='bbox 1568 237 1578 253; x_wconf 89' lang='lat'>‚</span> <span class='ocrx_word' id='word_1_447' title='bbox 1606 214 1807 250; x_wconf 85' lang='lat' dir='ltr'><strong>Monasteria</strong></span> <span class='ocrx_word' id='word_1_448' title='bbox 1837 225 1904 250; x_wconf 86' lang='lat' dir='ltr'><strong>non</strong></span> <span class='ocrx_word' id='word_1_449' title='bbox 1925 212 2038 258; x_wconf 74' lang='lat' dir='ltr'><strong>parum</strong></span> 
     </span>
     <span class='ocr_line' id='line_1_71' title="bbox 1176 261 2041 307; baseline 0.001 -11"><span class='ocrx_word' id='word_1_450' title='bbox 1176 261 1393 306; x_wconf 72' lang='lat' dir='ltr'><strong>profecerunt.</strong></span> <span class='ocrx_word' id='word_1_451' title='bbox 1422 261 1566 296; x_wconf 88' lang='lat' dir='ltr'><strong>Plurima</strong></span> <span class='ocrx_word' id='word_1_452' title='bbox 1589 273 1668 296; x_wconf 85' lang='lat' dir='ltr'><strong>tunc</strong></span> <span class='ocrx_word' id='word_1_453' title='bbox 1687 265 1779 298; x_wconf 77' lang='lat' dir='ltr'><strong>fuisse</strong></span> <span class='ocrx_word' id='word_1_454' title='bbox 1802 265 1842 299; x_wconf 91' lang='lat' dir='ltr'><strong>de</strong></span> <span class='ocrx_word' id='word_1_455' title='bbox 1860 276 1948 307; x_wconf 86' lang='lat' dir='ltr'><strong>novo</strong></span> <span class='ocrx_word' id='word_1_456' title='bbox 1967 264 2041 298; x_wconf 86' lang='lat' dir='ltr'><strong>fun-</strong></span> 
     </span>
     <span class='ocr_line' id='line_1_72' title="bbox 1174 310 2042 360; baseline -0.001 -13"><span class='ocrx_word' id='word_1_457' title='bbox 1174 313 1249 347; x_wconf 85' lang='lat' dir='ltr'><strong>data</strong></span> <span class='ocrx_word' id='word_1_458' title='bbox 1259 312 1363 360; x_wconf 82' lang='lat' dir='ltr'><strong>scribit</strong></span> <span class='ocrx_word' id='word_1_459' title='bbox 1375 311 1496 347; x_wconf 85' lang='lat' dir='ltr'><strong>Glaber</strong></span> <span class='ocrx_word' id='word_1_460' title='bbox 1509 310 1707 354; x_wconf 78' lang='lat' dir='ltr'><strong>Rudolphus</strong></span> <span class='ocrx_word' id='word_1_461' title='bbox 1717 337 1724 344; x_wconf 94' lang='lat'><strong>.</strong></span> <span class='ocrx_word' id='word_1_462' title='bbox 1752 313 1799 346; x_wconf 89' lang='lat' dir='ltr'><strong>At</strong></span> <span class='ocrx_word' id='word_1_463' title='bbox 1811 326 1885 348; x_wconf 86' lang='lat' dir='ltr'><strong>ecce</strong></span> <span class='ocrx_word' id='word_1_464' title='bbox 1898 314 1975 348; x_wconf 90' lang='lat' dir='ltr'><strong>hinc</strong></span> <span class='ocrx_word' id='word_1_465' title='bbox 1988 325 2042 347; x_wconf 89' lang='lat' dir='ltr'><strong>na-</strong></span> 
     </span>
     <span class='ocr_line' id='line_1_73' title="bbox 1173 361 2042 406; baseline 0.001 -9"><span class='ocrx_word' id='word_1_466' title='bbox 1173 374 1242 398; x_wconf 81' lang='lat' dir='ltr'><strong>tum</strong></span> <span class='ocrx_word' id='word_1_467' title='bbox 1265 362 1317 398; x_wconf 70' lang='lat' dir='ltr'><strong>est</strong></span> <span class='ocrx_word' id='word_1_468' title='bbox 1334 362 1456 396; x_wconf 87' lang='lat' dir='ltr'><strong>malum</strong></span> <span class='ocrx_word' id='word_1_469' title='bbox 1476 362 1585 400; x_wconf 88' lang='lat' dir='ltr'><strong>aliud,</strong></span> <span class='ocrx_word' id='word_1_470' title='bbox 1611 362 1651 395; x_wconf 90' lang='lat' dir='ltr'><strong>de</strong></span> <span class='ocrx_word' id='word_1_471' title='bbox 1673 373 1739 406; x_wconf 89' lang='lat' dir='ltr'><strong>quo</strong></span> <span class='ocrx_word' id='word_1_472' title='bbox 1759 361 1800 395; x_wconf 92' lang='lat' dir='ltr'><strong>ad</strong></span> <span class='ocrx_word' id='word_1_473' title='bbox 1812 363 1986 398; x_wconf 86' lang='lat' dir='ltr'><strong>Urbanum</strong></span> <span class='ocrx_word' id='word_1_474' title='bbox 2000 364 2042 397; x_wconf 87' lang='lat' dir='ltr'><strong>se-</strong></span> 
     </span>
     <span class='ocr_line' id='line_1_74' title="bbox 1171 410 2044 456; baseline 0 -9"><span class='ocrx_word' id='word_1_475' title='bbox 1171 412 1315 447; x_wconf 85' lang='lat' dir='ltr'><strong>cundum</strong></span> <span class='ocrx_word' id='word_1_476' title='bbox 1337 412 1535 446; x_wconf 83' lang='lat' dir='ltr'><strong>Pontificem</strong></span> <span class='ocrx_word' id='word_1_477' title='bbox 1557 411 1667 446; x_wconf 85' lang='lat' dir='ltr'><strong>retulit</strong></span> <span class='ocrx_word' id='word_1_478' title='bbox 1689 410 1842 444; x_wconf 83' lang='lat' dir='ltr'><strong>statimin</strong></span> <span class='ocrx_word' id='word_1_479' title='bbox 1856 414 1903 446; x_wconf 88' lang='lat' dir='ltr'><strong>sui</strong></span> <span class='ocrx_word' id='word_1_480' title='bbox 1916 414 2044 456; x_wconf 89' lang='lat' dir='ltr'><strong>Episco-</strong></span> 
     </span>
     <span class='ocr_line' id='line_1_75' title="bbox 1173 461 2042 506; baseline -0.001 -10"><span class='ocrx_word' id='word_1_481' title='bbox 1173 473 1263 506; x_wconf 87' lang='lat' dir='ltr'><strong>patus</strong></span> <span class='ocrx_word' id='word_1_482' title='bbox 1283 461 1419 496; x_wconf 80' lang='lat' dir='ltr'><strong>exordio</strong></span> <span class='ocrx_word' id='word_1_483' title='bbox 1440 462 1573 496; x_wconf 73' lang='lat' dir='ltr'><strong>sanstus</strong></span> <span class='ocrx_word' id='word_1_484' title='bbox 1601 462 1660 496; x_wconf 88' lang='lat' dir='ltr'><strong>lvo</strong></span> <span class='ocrx_word' id='word_1_485' title='bbox 1687 462 1915 496; x_wconf 64' lang='lat' dir='ltr'><strong>carnutensis:</strong></span> <span class='ocrx_word' id='word_1_486' title='bbox 1945 464 2042 495; x_wconf 83' lang='lat' dir='ltr'><strong>Multa</strong></span> 
     </span>
     <span class='ocr_line' id='line_1_76' title="bbox 1171 511 2042 553; baseline -0.005 -7"><span class='ocrx_word' id='word_1_487' title='bbox 1171 514 1343 546; x_wconf 77' lang='lat' dir='ltr'><strong>inordinata</strong></span> <span class='ocrx_word' id='word_1_488' title='bbox 1360 511 1428 553; x_wconf 82' lang='lat' dir='ltr'><strong>fieri</strong></span> <span class='ocrx_word' id='word_1_489' title='bbox 1451 514 1538 546; x_wconf 78' lang='lat' dir='ltr'><strong>video</strong></span> <span class='ocrx_word' id='word_1_490' title='bbox 1561 517 1593 544; x_wconf 89' lang='lat' dir='ltr'><strong>in</strong></span> <span class='ocrx_word' id='word_1_491' title='bbox 1614 513 1697 545; x_wconf 87' lang='lat' dir='ltr'><strong>domo</strong></span> <span class='ocrx_word' id='word_1_492' title='bbox 1721 514 1800 551; x_wconf 70' lang='lat' dir='ltr'><strong>DeI,</strong></span> <span class='ocrx_word' id='word_1_493' title='bbox 1827 522 1894 553; x_wconf 81' lang='lat' dir='ltr'><strong>quae</strong></span> <span class='ocrx_word' id='word_1_494' title='bbox 1919 522 1964 544; x_wconf 85' lang='lat' dir='ltr'><strong>me</strong></span> <span class='ocrx_word' id='word_1_495' title='bbox 1985 520 2042 543; x_wconf 84' lang='lat' dir='ltr'><strong>tor-</strong></span> 
     </span>
     <span class='ocr_line' id='line_1_77' title="bbox 1172 559 2042 605; baseline -0.005 -9"><span class='ocrx_word' id='word_1_496' title='bbox 1172 571 1303 605; x_wconf 77' lang='lat' dir='ltr'><strong>queant,</strong></span> <span class='ocrx_word' id='word_1_497' title='bbox 1328 564 1460 595; x_wconf 67' lang='lat' dir='ltr'><strong>maxime³</strong></span> <span class='ocrx_word' id='word_1_498' title='bbox 1480 563 1559 604; x_wconf 81' lang='lat' dir='ltr'><strong>quod</strong></span> <span class='ocrx_word' id='word_1_499' title='bbox 1577 563 1661 604; x_wconf 81' lang='lat' dir='ltr'><strong>apud</strong></span> <span class='ocrx_word' id='word_1_500' title='bbox 1682 574 1733 595; x_wconf 87' lang='lat' dir='ltr'><strong>nos</strong></span> <span class='ocrx_word' id='word_1_501' title='bbox 1746 567 1795 604; x_wconf 83' lang='lat' dir='ltr'><strong>qui</strong></span> <span class='ocrx_word' id='word_1_502' title='bbox 1807 562 1902 594; x_wconf 83' lang='lat' dir='ltr'><strong>Altari</strong></span> <span class='ocrx_word' id='word_1_503' title='bbox 1919 559 2042 602; x_wconf 66' lang='lat' dir='ltr'><strong>nonstr-</strong></span> 
     </span>
     <span class='ocr_line' id='line_1_78' title="bbox 1173 609 2042 653; baseline -0.003 -7"><span class='ocrx_word' id='word_1_504' title='bbox 1173 619 1285 653; x_wconf 84' lang='lat' dir='ltr'><strong>viunt,</strong></span> <span class='ocrx_word' id='word_1_505' title='bbox 1310 614 1346 646; x_wconf 83' lang='lat' dir='ltr'><strong>de</strong></span> <span class='ocrx_word' id='word_1_506' title='bbox 1369 612 1467 645; x_wconf 78' lang='lat' dir='ltr'><strong>Altari</strong></span> <span class='ocrx_word' id='word_1_507' title='bbox 1492 617 1627 646; x_wconf 80' lang='lat' dir='ltr'><strong>vivant.</strong></span> <span class='ocrx_word' id='word_1_508' title='bbox 1654 609 1810 646; x_wconf 84' lang='lat' dir='ltr'><strong>Decimas</strong></span> <span class='ocrx_word' id='word_1_509' title='bbox 1830 611 1968 645; x_wconf 86' lang='lat' dir='ltr'><strong>affirmat</strong></span> <span class='ocrx_word' id='word_1_510' title='bbox 1980 611 2042 643; x_wconf 84' lang='lat' dir='ltr'><strong>effe</strong></span> 
     </span>
     <span class='ocr_line' id='line_1_79' title="bbox 1175 659 2044 706; baseline -0.003 -9"><span class='ocrx_word' id='word_1_511' title='bbox 1175 665 1335 706; x_wconf 86' lang='lat' dir='ltr'><strong>propriam</strong></span> <span class='ocrx_word' id='word_1_512' title='bbox 1355 662 1454 696; x_wconf 90' lang='lat' dir='ltr'><strong>solius</strong></span> <span class='ocrx_word' id='word_1_513' title='bbox 1474 661 1632 704; x_wconf 71' lang='lat' dir='ltr'><strong>privative</strong></span> <span class='ocrx_word' id='word_1_514' title='bbox 1653 661 1776 696; x_wconf 85' lang='lat' dir='ltr'><strong>Altaris</strong></span> <span class='ocrx_word' id='word_1_515' title='bbox 1793 661 1904 696; x_wconf 88' lang='lat' dir='ltr'><strong>dotem</strong></span> <span class='ocrx_word' id='word_1_516' title='bbox 1917 685 1927 701; x_wconf 96' lang='lat'>,</span> <span class='ocrx_word' id='word_1_517' title='bbox 1953 659 2044 694; x_wconf 86' lang='lat' dir='ltr'><strong>ideo-</strong></span> 
     </span>
     <span class='ocr_line' id='line_1_80' title="bbox 1175 709 2044 756; baseline -0.003 -9"><span class='ocrx_word' id='word_1_518' title='bbox 1175 724 1237 756; x_wconf 90' lang='lat' dir='ltr'><strong>que</strong></span> <span class='ocrx_word' id='word_1_519' title='bbox 1260 712 1301 746; x_wconf 88' lang='lat' dir='ltr'><strong>de</strong></span> <span class='ocrx_word' id='word_1_520' title='bbox 1313 712 1383 756; x_wconf 84' lang='lat' dir='ltr'><strong>ipsis</strong></span> <span class='ocrx_word' id='word_1_521' title='bbox 1401 723 1469 746; x_wconf 88' lang='lat' dir='ltr'><strong>non</strong></span> <span class='ocrx_word' id='word_1_522' title='bbox 1483 710 1671 746; x_wconf 87' lang='lat' dir='ltr'><strong>Monachos</strong></span> <span class='ocrx_word' id='word_1_523' title='bbox 1682 736 1693 752; x_wconf 94' lang='lat'>‚</span> <span class='ocrx_word' id='word_1_524' title='bbox 1719 712 1770 746; x_wconf 91' lang='lat' dir='ltr'><strong>sed</strong></span> <span class='ocrx_word' id='word_1_525' title='bbox 1785 711 1871 753; x_wconf 83' lang='lat' dir='ltr'><strong>solos</strong></span> <span class='ocrx_word' id='word_1_526' title='bbox 1881 722 1955 745; x_wconf 90' lang='lat' dir='ltr'><strong>cum</strong></span> <span class='ocrx_word' id='word_1_527' title='bbox 1969 709 2044 753; x_wconf 84' lang='lat' dir='ltr'><strong>Epi-</strong></span> 
     </span>
     <span class='ocr_line' id='line_1_81' title="bbox 1176 759 2045 807; baseline -0.002 -11"><span class='ocrx_word' id='word_1_528' title='bbox 1176 764 1275 807; x_wconf 88' lang='lat' dir='ltr'><strong>scopo</strong></span> <span class='ocrx_word' id='word_1_529' title='bbox 1297 760 1502 797; x_wconf 81' lang='lat' dir='ltr'><strong>Parochiales</strong></span> <span class='ocrx_word' id='word_1_530' title='bbox 1524 762 1578 795; x_wconf 89' lang='lat' dir='ltr'><strong>seu</strong></span> <span class='ocrx_word' id='word_1_531' title='bbox 1600 761 1762 795; x_wconf 86' lang='lat' dir='ltr'><strong>Plebanos</strong></span> <span class='ocrx_word' id='word_1_532' title='bbox 1784 762 1930 794; x_wconf 83' lang='lat' dir='ltr'><strong>Clericos</strong></span> <span class='ocrx_word' id='word_1_533' title='bbox 1950 759 2045 794; x_wconf 82' lang='lat' dir='ltr'><strong>debe·</strong></span> 
     </span>
     <span class='ocr_line' id='line_1_82' title="bbox 1175 810 2047 857; baseline -0.003 -11"><span class='ocrx_word' id='word_1_534' title='bbox 1175 824 1210 846; x_wconf 91' lang='lat' dir='ltr'><strong>re</strong></span> <span class='ocrx_word' id='word_1_535' title='bbox 1235 814 1364 847; x_wconf 88' lang='lat' dir='ltr'><strong>vivere:</strong></span> <span class='ocrx_word' id='word_1_536' title='bbox 1392 812 1444 846; x_wconf 84' lang='lat' dir='ltr'><strong>Ex</strong></span> <span class='ocrx_word' id='word_1_537' title='bbox 1463 812 1538 855; x_wconf 89' lang='lat' dir='ltr'><strong>ipfis</strong></span> <span class='ocrx_word' id='word_1_538' title='bbox 1559 822 1627 845; x_wconf 89' lang='lat' dir='ltr'><strong>non</strong></span> <span class='ocrx_word' id='word_1_539' title='bbox 1653 811 1740 855; x_wconf 74' lang='lat' dir='ltr'><strong>posse</strong></span> <span class='ocrx_word' id='word_1_540' title='bbox 1762 810 1839 845; x_wconf 87' lang='lat' dir='ltr'><strong>istos</strong></span> <span class='ocrx_word' id='word_1_541' title='bbox 1865 810 2047 857; x_wconf 75' lang='lat' dir='ltr'><strong>incrassari,</strong></span> 
     </span>
     <span class='ocr_line' id='line_1_83' title="bbox 1175 859 2046 903; baseline -0.005 -7"><span class='ocrx_word' id='word_1_542' title='bbox 1175 863 1210 896; x_wconf 77' lang='grc' dir='ltr'><strong>ὅτ.</strong></span> <span class='ocrx_word' id='word_1_543' title='bbox 1237 860 1298 896; x_wconf 89' lang='lat' dir='ltr'><strong>hos</strong></span> <span class='ocrx_word' id='word_1_544' title='bbox 1320 862 1450 896; x_wconf 86' lang='lat' dir='ltr'><strong>esurire.</strong></span> <span class='ocrx_word' id='word_1_545' title='bbox 1478 861 1588 896; x_wconf 86' lang='lat' dir='ltr'><strong>Etiam</strong></span> <span class='ocrx_word' id='word_1_546' title='bbox 1609 863 1642 894; x_wconf 91' lang='lat' dir='ltr'><strong>in</strong></span> <span class='ocrx_word' id='word_1_547' title='bbox 1667 862 1721 895; x_wconf 89' lang='lat' dir='ltr'><strong>sua</strong></span> <span class='ocrx_word' id='word_1_548' title='bbox 1743 860 1783 895; x_wconf 88' lang='lat' dir='ltr'><strong>ad</strong></span> <span class='ocrx_word' id='word_1_549' title='bbox 1804 861 1911 903; x_wconf 89' lang='lat' dir='ltr'><strong>quinti</strong></span> <span class='ocrx_word' id='word_1_550' title='bbox 1924 859 2046 893; x_wconf 89' lang='lat' dir='ltr'><strong>decimi</strong></span> 
     </span>
     <span class='ocr_line' id='line_1_84' title="bbox 1177 907 2051 954; baseline -0.003 -9"><span class='ocrx_word' id='word_1_551' title='bbox 1177 910 1281 946; x_wconf 78' lang='lat' dir='ltr'><strong>saeculi</strong></span> <span class='ocrx_word' id='word_1_552' title='bbox 1303 912 1449 947; x_wconf 87' lang='lat' dir='ltr'><strong>medium</strong></span> <span class='ocrx_word' id='word_1_553' title='bbox 1472 911 1631 946; x_wconf 86' lang='lat' dir='ltr'><strong>celebrata</strong></span> <span class='ocrx_word' id='word_1_554' title='bbox 1652 911 1788 954; x_wconf 88' lang='lat' dir='ltr'><strong>Synodo</strong></span> <span class='ocrx_word' id='word_1_555' title='bbox 1800 907 1996 944; x_wconf 85' lang='lat' dir='ltr'><strong>Tristandus</strong></span> <span class='ocrx_word' id='word_1_556' title='bbox 2011 909 2051 942; x_wconf 88' lang='lat' dir='ltr'><strong>de</strong></span> 
     </span>
     <span class='ocr_line' id='line_1_85' title="bbox 1179 958 2053 1005; baseline -0.005 -9"><span class='ocrx_word' id='word_1_557' title='bbox 1179 962 1303 996; x_wconf 81' lang='lat' dir='ltr'><strong>Salazar</strong></span> <span class='ocrx_word' id='word_1_558' title='bbox 1324 985 1336 1002; x_wconf 89' lang='lat'><strong><em>,</em></strong></span> <span class='ocrx_word' id='word_1_559' title='bbox 1362 961 1634 1005; x_wconf 83' lang='lat' dir='ltr'><strong>Archiepiscopus</strong></span> <span class='ocrx_word' id='word_1_560' title='bbox 1664 961 1856 996; x_wconf 83' lang='lat' dir='ltr'><strong>Senonensis</strong></span> <span class='ocrx_word' id='word_1_561' title='bbox 1883 985 1894 1001; x_wconf 89' lang='lat'>,</span> <span class='ocrx_word' id='word_1_562' title='bbox 1919 972 1937 994; x_wconf 87' lang='lat' dir='ltr'><strong>a</strong></span> <span class='ocrx_word' id='word_1_563' title='bbox 1958 958 2053 1003; x_wconf 81' lang='lat' dir='ltr'><strong>poffi·</strong></span> 
     </span>
     <span class='ocr_line' id='line_1_86' title="bbox 1180 1009 2052 1054; baseline -0.005 -9"><span class='ocrx_word' id='word_1_564' title='bbox 1180 1010 1332 1045; x_wconf 86' lang='lat' dir='ltr'><strong>dentibus</strong></span> <span class='ocrx_word' id='word_1_565' title='bbox 1343 1011 1465 1046; x_wconf 87' lang='lat' dir='ltr'><strong>Altaria</strong></span> <span class='ocrx_word' id='word_1_566' title='bbox 1487 1011 1698 1045; x_wconf 82' lang='lat' dir='ltr'><strong>Monasteriis</strong></span> <span class='ocrx_word' id='word_1_567' title='bbox 1716 1021 1814 1054; x_wconf 88' lang='lat' dir='ltr'><strong>atque</strong></span> <span class='ocrx_word' id='word_1_568' title='bbox 1825 1010 1989 1054; x_wconf 86' lang='lat' dir='ltr'><strong>Capitulis</strong></span> <span class='ocrx_word' id='word_1_569' title='bbox 2011 1009 2052 1042; x_wconf 91' lang='lat' dir='ltr'><strong>la-</strong></span> 
     </span>
     <span class='ocr_line' id='line_1_87' title="bbox 1180 1059 2053 1104; baseline -0.003 -9"><span class='ocrx_word' id='word_1_570' title='bbox 1180 1070 1343 1096; x_wconf 86' lang='lat' dir='ltr'><strong>mentatur</strong></span> <span class='ocrx_word' id='word_1_571' title='bbox 1353 1059 1507 1095; x_wconf 86' lang='lat' dir='ltr'><strong>Parochis</strong></span> <span class='ocrx_word' id='word_1_572' title='bbox 1519 1073 1587 1095; x_wconf 89' lang='lat' dir='ltr'><strong>non</strong></span> <span class='ocrx_word' id='word_1_573' title='bbox 1601 1061 1732 1104; x_wconf 72' lang='lat' dir='ltr'><strong>praestari</strong></span> <span class='ocrx_word' id='word_1_574' title='bbox 1746 1061 1954 1096; x_wconf 85' lang='lat' dir='ltr'><strong>Canonicam</strong></span> <span class='ocrx_word' id='word_1_575' title='bbox 1966 1069 2053 1093; x_wconf 84' lang='lat' dir='ltr'><strong>com-</strong></span> 
     </span>
     <span class='ocr_line' id='line_1_88' title="bbox 1181 1109 2055 1155; baseline -0.007 -8"><span class='ocrx_word' id='word_1_576' title='bbox 1181 1111 1321 1155; x_wconf 79' lang='lat' dir='ltr'><strong>petentis</strong></span> <span class='ocrx_word' id='word_1_577' title='bbox 1332 1110 1574 1146; x_wconf 86' lang='lat' dir='ltr'><strong>sustentationis</strong></span> <span class='ocrx_word' id='word_1_578' title='bbox 1598 1111 1808 1152; x_wconf 85' lang='lat' dir='ltr'><strong>portionem,</strong></span> <span class='ocrx_word' id='word_1_579' title='bbox 1833 1121 1930 1154; x_wconf 89' lang='lat' dir='ltr'><strong>atque</strong></span> <span class='ocrx_word' id='word_1_580' title='bbox 1941 1109 2055 1151; x_wconf 78' lang='lat' dir='ltr'><strong>adjun-</strong></span> 
     </span>
     <span class='ocr_line' id='line_1_89' title="bbox 1181 1159 2142 1206; baseline 0 -11"><span class='ocrx_word' id='word_1_581' title='bbox 1181 1162 1248 1206; x_wconf 91' lang='lat' dir='ltr'><strong>git:</strong></span> <span class='ocrx_word' id='word_1_582' title='bbox 1276 1163 1400 1202; x_wconf 82' lang='lat' dir='ltr'><strong>Propter</strong></span> <span class='ocrx_word' id='word_1_583' title='bbox 1420 1160 1558 1203; x_wconf 85' lang='lat' dir='ltr'><strong>hocfiunt</strong></span> <span class='ocrx_word' id='word_1_584' title='bbox 1573 1161 1676 1202; x_wconf 84' lang='lat' dir='ltr'><strong>plures</strong></span> <span class='ocrx_word' id='word_1_585' title='bbox 1690 1172 1728 1194; x_wconf 88' lang='lat' dir='ltr'><strong>ex</strong></span> <span class='ocrx_word' id='word_1_586' title='bbox 1739 1159 1842 1203; x_wconf 81' lang='lat' dir='ltr'><strong>iisdem</strong></span> <span class='ocrx_word' id='word_1_587' title='bbox 1853 1159 1986 1202; x_wconf 81' lang='lat' dir='ltr'><strong>Ecclefiis</strong></span> <span class='ocrx_word' id='word_1_588' title='bbox 1998 1171 2054 1192; x_wconf 85' lang='lat' dir='ltr'><strong>va·</strong></span> <span class='ocrx_word' id='word_1_589' title='bbox 2072 1168 2104 1199; x_wconf 80' lang='lat' dir='ltr'><strong>c.</strong></span> <span class='ocrx_word' id='word_1_590' title='bbox 2117 1177 2142 1201; x_wconf 72' lang='lat'><strong>4·</strong></span> 
     </span>
     <span class='ocr_line' id='line_1_90' title="bbox 1182 1209 2055 1254; baseline -0.002 -10"><span class='ocrx_word' id='word_1_591' title='bbox 1182 1220 1302 1250; x_wconf 82' lang='lat' dir='ltr'><strong>cantes,</strong></span> <span class='ocrx_word' id='word_1_592' title='bbox 1327 1209 1536 1250; x_wconf 68' lang='lat' dir='ltr'><strong>&amp;pastoribus</strong></span> <span class='ocrx_word' id='word_1_593' title='bbox 1548 1210 1704 1250; x_wconf 81' lang='lat' dir='ltr'><strong>viduatae,</strong></span> <span class='ocrx_word' id='word_1_594' title='bbox 1729 1215 1761 1243; x_wconf 82' lang='lat' dir='ltr'><strong>in</strong></span> <span class='ocrx_word' id='word_1_595' title='bbox 1776 1222 1915 1254; x_wconf 83' lang='lat' dir='ltr'><strong>magnum</strong></span> <span class='ocrx_word' id='word_1_596' title='bbox 1939 1216 2055 1243; x_wconf 82' lang='lat' dir='ltr'><strong>anima-</strong></span> 
     </span>
     <span class='ocr_line' id='line_1_91' title="bbox 1183 1260 2058 1304; baseline -0.003 -9"><span class='ocrx_word' id='word_1_597' title='bbox 1183 1274 1249 1295; x_wconf 88' lang='lat' dir='ltr'><strong>rum</strong></span> <span class='ocrx_word' id='word_1_598' title='bbox 1255 1260 1434 1303; x_wconf 83' lang='lat' dir='ltr'><strong>periculum.</strong></span> <span class='ocrx_word' id='word_1_599' title='bbox 1465 1261 1508 1296; x_wconf 90' lang='lat' dir='ltr'><strong>Et</strong></span> <span class='ocrx_word' id='word_1_600' title='bbox 1520 1261 1605 1295; x_wconf 88' lang='lat' dir='ltr'><strong>inter</strong></span> <span class='ocrx_word' id='word_1_601' title='bbox 1617 1260 1731 1294; x_wconf 81' lang='lat' dir='ltr'><strong>abusus</strong></span> <span class='ocrx_word' id='word_1_602' title='bbox 1743 1285 1754 1300; x_wconf 91' lang='lat'>,</span> <span class='ocrx_word' id='word_1_603' title='bbox 1778 1272 1861 1304; x_wconf 89' lang='lat' dir='ltr'><strong>quos</strong></span> <span class='ocrx_word' id='word_1_604' title='bbox 1879 1262 2058 1294; x_wconf 84' lang='lat' dir='ltr'><strong>reforman-</strong></span> 
     </span>
     <span class='ocr_line' id='line_1_92' title="bbox 1183 1309 2057 1350; baseline -0.005 -4"><span class='ocrx_word' id='word_1_605' title='bbox 1183 1311 1244 1346; x_wconf 87' lang='lat' dir='ltr'><strong>dos</strong></span> <span class='ocrx_word' id='word_1_606' title='bbox 1270 1310 1419 1350; x_wconf 81' lang='lat' dir='ltr'><strong>Adriano</strong></span> <span class='ocrx_word' id='word_1_607' title='bbox 1441 1312 1534 1345; x_wconf 81' lang='lat' dir='ltr'><strong>sexto</strong></span> <span class='ocrx_word' id='word_1_608' title='bbox 1557 1310 1713 1345; x_wconf 85' lang='lat' dir='ltr'><strong>Pontifici</strong></span> <span class='ocrx_word' id='word_1_609' title='bbox 1738 1311 1848 1344; x_wconf 88' lang='lat' dir='ltr'><strong>retulit</strong></span> <span class='ocrx_word' id='word_1_610' title='bbox 1866 1309 2057 1344; x_wconf 87' lang='lat' dir='ltr'><strong>Norimber-</strong></span> 
     </span>
     <span class='ocr_line' id='line_1_93' title="bbox 1185 1359 2059 1406; baseline -0.006 -9"><span class='ocrx_word' id='word_1_611' title='bbox 1185 1361 1290 1406; x_wconf 75' lang='lat' dir='ltr'><strong>gensis</strong></span> <span class='ocrx_word' id='word_1_612' title='bbox 1310 1361 1551 1396; x_wconf 87' lang='lat' dir='ltr'><strong>Germanorum</strong></span> <span class='ocrx_word' id='word_1_613' title='bbox 1571 1360 1727 1395; x_wconf 88' lang='lat' dir='ltr'><strong>Procerus</strong></span> <span class='ocrx_word' id='word_1_614' title='bbox 1752 1361 1946 1395; x_wconf 88' lang='lat' dir='ltr'><strong>Conventus</strong></span> <span class='ocrx_word' id='word_1_615' title='bbox 1958 1383 1969 1399; x_wconf 92' lang='lat'>,</span> <span class='ocrx_word' id='word_1_616' title='bbox 1995 1359 2059 1393; x_wconf 90' lang='lat' dir='ltr'><strong>fuit</strong></span> 
     </span>
     <span class='ocr_line' id='line_1_94' title="bbox 1185 1409 2057 1452; baseline -0.003 -8"><span class='ocrx_word' id='word_1_617' title='bbox 1185 1413 1218 1446; x_wconf 76' lang='grc' dir='ltr'><strong>δε</strong></span> <span class='ocrx_word' id='word_1_618' title='bbox 1231 1411 1304 1445; x_wconf 86' lang='lat' dir='ltr'><strong>hic:</strong></span> <span class='ocrx_word' id='word_1_619' title='bbox 1334 1411 1473 1452; x_wconf 63' lang='lat' dir='ltr'><strong>Plerqque</strong></span> <span class='ocrx_word' id='word_1_620' title='bbox 1493 1410 1680 1447; x_wconf 81' lang='lat' dir='ltr'><strong>Parocbiales</strong></span> <span class='ocrx_word' id='word_1_621' title='bbox 1703 1410 1837 1452; x_wconf 82' lang='lat' dir='ltr'><strong>Ecclefiae</strong></span> <span class='ocrx_word' id='word_1_622' title='bbox 1849 1409 2057 1449; x_wconf 82' lang='lat' dir='ltr'><strong>Monasteriis‚</strong></span> 
     </span>
     <span class='ocr_line' id='line_1_95' title="bbox 1189 1458 2059 1503; baseline -0.006 -8"><span class='ocrx_word' id='word_1_623' title='bbox 1189 1463 1333 1495; x_wconf 79' lang='lat' dir='ltr'><strong>Praelatis</strong></span> <span class='ocrx_word' id='word_1_624' title='bbox 1345 1485 1356 1501; x_wconf 91' lang='lat'>‚</span> <span class='ocrx_word' id='word_1_625' title='bbox 1382 1459 1505 1503; x_wconf 83' lang='lat' dir='ltr'><strong>aliisque</strong></span> <span class='ocrx_word' id='word_1_626' title='bbox 1526 1465 1708 1495; x_wconf 83' lang='lat' dir='ltr'><strong>Curatarum</strong></span> <span class='ocrx_word' id='word_1_627' title='bbox 1729 1459 1920 1501; x_wconf 80' lang='lat' dir='ltr'><strong>Ecclefiarum</strong></span> <span class='ocrx_word' id='word_1_628' title='bbox 1932 1458 2059 1492; x_wconf 67' lang='lat' dir='ltr'><strong>Rec‘a’ori-</strong></span> 
     </span>
     <span class='ocr_line' id='line_1_96' title="bbox 1189 1509 2060 1554; baseline -0.005 -9"><span class='ocrx_word' id='word_1_629' title='bbox 1189 1512 1244 1545; x_wconf 84' lang='lat' dir='ltr'><strong>bus</strong></span> <span class='ocrx_word' id='word_1_630' title='bbox 1257 1536 1268 1552; x_wconf 89' lang='lat'>‚</span> <span class='ocrx_word' id='word_1_631' title='bbox 1295 1516 1532 1552; x_wconf 78' lang='lat' dir='ltr'><strong>incorporationis</strong></span> <span class='ocrx_word' id='word_1_632' title='bbox 1549 1536 1561 1552; x_wconf 92' lang='lat'>,</span> <span class='ocrx_word' id='word_1_633' title='bbox 1586 1520 1620 1544; x_wconf 87' lang='lat' dir='ltr'><strong>ut</strong></span> <span class='ocrx_word' id='word_1_634' title='bbox 1643 1519 1751 1545; x_wconf 80' lang='lat' dir='ltr'><strong>vocant</strong></span> <span class='ocrx_word' id='word_1_635' title='bbox 1764 1534 1774 1551; x_wconf 89' lang='lat'>‚</span> <span class='ocrx_word' id='word_1_636' title='bbox 1795 1509 1847 1554; x_wconf 64' lang='lat' dir='ltr'><strong>siu</strong></span> <span class='ocrx_word' id='word_1_637' title='bbox 1857 1512 1913 1544; x_wconf 81' lang='lat' dir='ltr'><strong>alio</strong></span> <span class='ocrx_word' id='word_1_638' title='bbox 1923 1514 2060 1552; x_wconf 80' lang='lat' dir='ltr'><strong>quopiam</strong></span> 
     </span>
     <span class='ocr_line' id='line_1_97' title="bbox 1181 1559 2060 1605; baseline -0.007 -9"><span class='ocrx_word' id='word_1_639' title='bbox 1181 1564 1253 1603; x_wconf 83' lang='lat' dir='ltr'><strong>jure</strong></span> <span class='ocrx_word' id='word_1_640' title='bbox 1259 1559 1393 1605; x_wconf 81' lang='lat' dir='ltr'><strong>subditae</strong></span> <span class='ocrx_word' id='word_1_641' title='bbox 1400 1559 1472 1604; x_wconf 84' lang='lat' dir='ltr'><strong>sunt</strong></span> <span class='ocrx_word' id='word_1_642' title='bbox 1481 1585 1491 1602; x_wconf 91' lang='lat'>,</span> <span class='ocrx_word' id='word_1_643' title='bbox 1520 1572 1596 1603; x_wconf 81' lang='lat' dir='ltr'><strong>quas</strong></span> <span class='ocrx_word' id='word_1_644' title='bbox 1620 1560 1672 1601; x_wconf 78' lang='lat' dir='ltr'><strong>etsi</strong></span> <span class='ocrx_word' id='word_1_645' title='bbox 1677 1559 1731 1602; x_wconf 83' lang='lat' dir='ltr'><strong>ipfi</strong></span> <span class='ocrx_word' id='word_1_646' title='bbox 1728 1563 1827 1602; x_wconf 82' lang='lat' dir='ltr'><strong>juxta</strong></span> <span class='ocrx_word' id='word_1_647' title='bbox 1836 1563 1989 1593; x_wconf 83' lang='lat' dir='ltr'><strong>Canonum</strong></span> <span class='ocrx_word' id='word_1_648' title='bbox 1999 1569 2060 1592; x_wconf 83' lang='lat' dir='ltr'><strong>con-</strong></span> 
     </span>
     <span class='ocr_line' id='line_1_98' title="bbox 1170 1610 2062 1657; baseline -0.002 -13"><span class='ocrx_word' id='word_1_649' title='bbox 1170 1610 1347 1656; x_wconf 72' lang='lat' dir='ltr'><strong>}stitutiones</strong></span> <span class='ocrx_word' id='word_1_650' title='bbox 1363 1621 1418 1655; x_wconf 87' lang='lat' dir='ltr'><strong>per</strong></span> <span class='ocrx_word' id='word_1_651' title='bbox 1435 1610 1468 1657; x_wconf 85' lang='lat' dir='ltr'><strong>se</strong></span> <span class='ocrx_word' id='word_1_652' title='bbox 1488 1611 1649 1653; x_wconf 74' lang='lat' dir='ltr'><strong>providere</strong></span> <span class='ocrx_word' id='word_1_653' title='bbox 1659 1618 1838 1650; x_wconf 81' lang='lat' dir='ltr'><strong>teneamur,</strong></span> <span class='ocrx_word' id='word_1_654' title='bbox 1862 1610 1914 1644; x_wconf 79' lang='lat' dir='ltr'><strong>ubi</strong></span> <span class='ocrx_word' id='word_1_655' title='bbox 1927 1612 1995 1642; x_wconf 83' lang='lat' dir='ltr'><strong>aliis</strong></span> <span class='ocrx_word' id='word_1_656' title='bbox 2007 1610 2062 1642; x_wconf 78' lang='lat' dir='ltr'><strong>elo-</strong></span> 
     </span>
     <span class='ocr_line' id='line_1_99' title="bbox 1189 1659 2062 1707; baseline -0.003 -12"><span class='ocrx_word' id='word_1_657' title='bbox 1189 1673 1259 1696; x_wconf 82' lang='lat' dir='ltr'><strong>cant</strong></span> <span class='ocrx_word' id='word_1_658' title='bbox 1277 1664 1509 1707; x_wconf 71' lang='lat' dir='ltr'><strong>gubernandas,</strong></span> <span class='ocrx_word' id='word_1_659' title='bbox 1536 1659 1736 1703; x_wconf 79' lang='lat' dir='ltr'><strong>beneficiorum</strong></span> <span class='ocrx_word' id='word_1_660' title='bbox 1758 1661 1856 1693; x_wconf 78' lang='lat' dir='ltr'><strong>dotem</strong></span> <span class='ocrx_word' id='word_1_661' title='bbox 1874 1661 1908 1692; x_wconf 73' lang='lat'><strong>(9⁶</strong></span> <span class='ocrx_word' id='word_1_662' title='bbox 1922 1663 2062 1692; x_wconf 78' lang='lat' dir='ltr'><strong>Decimus</strong></span> 
     </span>
     <span class='ocr_line' id='line_1_100' title="bbox 1184 1711 2062 1758; baseline -0.007 -12"><span class='ocrx_word' id='word_1_663' title='bbox 1184 1711 1411 1756; x_wconf 78' lang='lat' dir='ltr'><strong>plerumquefibi</strong></span> <span class='ocrx_word' id='word_1_664' title='bbox 1422 1713 1490 1757; x_wconf 84' lang='lat' dir='ltr'><strong>ipfis</strong></span> <span class='ocrx_word' id='word_1_665' title='bbox 1503 1712 1659 1758; x_wconf 78' lang='lat' dir='ltr'><strong>reservant</strong></span> <span class='ocrx_word' id='word_1_666' title='bbox 1667 1734 1677 1751; x_wconf 92' lang='lat'>‚</span> <span class='ocrx_word' id='word_1_667' title='bbox 1703 1713 1895 1753; x_wconf 60' lang='lat' dir='ltr'><strong>&amp;praeterea</strong></span> <span class='ocrx_word' id='word_1_668' title='bbox 1905 1718 1968 1741; x_wconf 82' lang='lat' dir='ltr'><strong>tam</strong></span> <span class='ocrx_word' id='word_1_669' title='bbox 1980 1720 2062 1741; x_wconf 88' lang='lat' dir='ltr'><strong>enor-</strong></span> 
     </span>
     <span class='ocr_line' id='line_1_101' title="bbox 1188 1761 2064 1807; baseline -0.007 -10"><span class='ocrx_word' id='word_1_670' title='bbox 1188 1763 1287 1797; x_wconf 83' lang='lat' dir='ltr'><strong>mibus</strong></span> <span class='ocrx_word' id='word_1_671' title='bbox 1308 1762 1511 1807; x_wconf 80' lang='lat' dir='ltr'><strong>absentiarum</strong></span> <span class='ocrx_word' id='word_1_672' title='bbox 1531 1761 1715 1807; x_wconf 72' lang='lat' dir='ltr'><strong>pensionibus</strong></span> <span class='ocrx_word' id='word_1_673' title='bbox 1738 1767 1872 1806; x_wconf 82' lang='lat' dir='ltr'><strong>gravant</strong></span> <span class='ocrx_word' id='word_1_674' title='bbox 1894 1767 1981 1801; x_wconf 84' lang='lat' dir='ltr'><strong>atque</strong></span> <span class='ocrx_word' id='word_1_675' title='bbox 2003 1769 2064 1791; x_wconf 86' lang='lat' dir='ltr'><strong>one-</strong></span> 
     </span>
     <span class='ocr_line' id='line_1_102' title="bbox 1189 1813 2065 1855; baseline -0.009 -7"><span class='ocrx_word' id='word_1_676' title='bbox 1189 1824 1281 1855; x_wconf 82' lang='lat' dir='ltr'><strong>rant,</strong></span> <span class='ocrx_word' id='word_1_677' title='bbox 1308 1822 1341 1848; x_wconf 84' lang='lat' dir='ltr'><strong>ut</strong></span> <span class='ocrx_word' id='word_1_678' title='bbox 1350 1813 1729 1855; x_wconf 69' lang='lat' dir='ltr'><strong>conduffltmstzl’arochi,</strong></span> <span class='ocrx_word' id='word_1_679' title='bbox 1756 1822 1911 1854; x_wconf 86' lang='lat' dir='ltr'><strong>eorumque</strong></span> <span class='ocrx_word' id='word_1_680' title='bbox 1931 1813 2065 1849; x_wconf 68' lang='lat' dir='ltr'><strong>Vicani,</strong></span> 
     </span>
     <span class='ocr_line' id='line_1_103' title="bbox 1190 1859 2065 1906; baseline -0.007 -8"><span class='ocrx_word' id='word_1_681' title='bbox 1190 1865 1398 1899; x_wconf 74' lang='lat' dir='ltr'><strong>Vico-plebani</strong></span> <span class='ocrx_word' id='word_1_682' title='bbox 1418 1891 1429 1906; x_wconf 95' lang='lat'>‚</span> <span class='ocrx_word' id='word_1_683' title='bbox 1455 1867 1601 1900; x_wconf 72' lang='lat' dir='ltr'><strong>sacellani</strong></span> <span class='ocrx_word' id='word_1_684' title='bbox 1627 1890 1639 1906; x_wconf 92' lang='lat'>‚</span> <span class='ocrx_word' id='word_1_685' title='bbox 1666 1865 1858 1904; x_wconf 79' lang='lat' dir='ltr'><strong>coadjutores</strong></span> <span class='ocrx_word' id='word_1_686' title='bbox 1885 1886 1896 1903; x_wconf 86' lang='lat'><strong>,</strong></span> <span class='ocrx_word' id='word_1_687' title='bbox 1920 1859 2065 1902; x_wconf 55' lang='lat' dir='ltr'><strong>teter-ique</strong></span> 
     </span>
     <span class='ocr_line' id='line_1_104' title="bbox 1190 1914 2069 1957; baseline -0.01 -7"><span class='ocrx_word' id='word_1_688' title='bbox 1190 1915 1399 1950; x_wconf 59' lang='lat' dir='ltr'><strong>conductarum</strong></span> <span class='ocrx_word' id='word_1_689' title='bbox 1413 1914 1604 1957; x_wconf 80' lang='lat' dir='ltr'><strong>Ecclefiarum</strong></span> <span class='ocrx_word' id='word_1_690' title='bbox 1615 1914 1874 1956; x_wconf 64' lang='lat' dir='ltr'><strong>Administratores</strong></span> <span class='ocrx_word' id='word_1_691' title='bbox 1886 1935 1896 1951; x_wconf 88' lang='lat'>‚</span> <span class='ocrx_word' id='word_1_692' title='bbox 1907 1917 2069 1952; x_wconf 53' lang='lat' dir='ltr'><strong>competenr</strong></span> 
     </span>
     <span class='ocr_line' id='line_1_105' title="bbox 1191 1959 2067 2008; baseline -0.006 -6"><span class='ocrx_word' id='word_1_693' title='bbox 1191 1976 1252 2002; x_wconf 88' lang='lat' dir='ltr'><strong>tem</strong></span> <span class='ocrx_word' id='word_1_694' title='bbox 1274 1965 1493 2007; x_wconf 81' lang='lat' dir='ltr'><strong>ustentationem</strong></span> <span class='ocrx_word' id='word_1_695' title='bbox 1503 1993 1513 2008; x_wconf 89' lang='lat'>‚</span> <span class='ocrx_word' id='word_1_696' title='bbox 1540 1968 1729 2008; x_wconf 80' lang='lat' dir='ltr'><strong>decentiaque</strong></span> <span class='ocrx_word' id='word_1_697' title='bbox 1741 1969 1885 1999; x_wconf 77' lang='lat' dir='ltr'><strong>alimenta</strong></span> <span class='ocrx_word' id='word_1_698' title='bbox 1897 1962 1966 1995; x_wconf 80' lang='lat' dir='ltr'><strong>inde</strong></span> <span class='ocrx_word' id='word_1_699' title='bbox 1978 1959 2067 1997; x_wconf 75' lang='lat' dir='ltr'><strong>habe-</strong></span> 
     </span>
     <span class='ocr_line' id='line_1_106' title="bbox 1192 2010 2066 2061; baseline -0.009 -9"><span class='ocrx_word' id='word_1_700' title='bbox 1192 2030 1224 2052; x_wconf 89' lang='lat' dir='ltr'><strong>re</strong></span> <span class='ocrx_word' id='word_1_701' title='bbox 1245 2028 1392 2060; x_wconf 77' lang='lat' dir='ltr'><strong>nequeant</strong></span> <span class='ocrx_word' id='word_1_702' title='bbox 1416 2043 1424 2050; x_wconf 89' lang='lat'><strong>.</strong></span> <span class='ocrx_word' id='word_1_703' title='bbox 1451 2020 1519 2061; x_wconf 74' lang='lat' dir='ltr'><strong>,Quo</strong></span> <span class='ocrx_word' id='word_1_704' title='bbox 1538 2017 1575 2060; x_wconf 83' lang='lat' dir='ltr'><strong>fit</strong></span> <span class='ocrx_word' id='word_1_705' title='bbox 1598 2042 1610 2058; x_wconf 90' lang='lat'>‚</span> <span class='ocrx_word' id='word_1_706' title='bbox 1636 2028 1707 2050; x_wconf 84' lang='lat' dir='ltr'><strong>nam</strong></span> <span class='ocrx_word' id='word_1_707' title='bbox 1729 2018 1808 2051; x_wconf 68' lang='lat' dir='ltr'><strong>unde</strong></span> <span class='ocrx_word' id='word_1_708' title='bbox 1829 2013 1999 2049; x_wconf 56' lang='lat' dir='ltr'><strong>conductitii</strong></span> <span class='ocrx_word' id='word_1_709' title='bbox 2020 2010 2066 2054; x_wconf 80' lang='lat' dir='ltr'><strong>isti</strong></span> 
     </span>
     <span class='ocr_line' id='line_1_107' title="bbox 1194 2067 2065 2108; baseline -0.005 -8"><span class='ocrx_word' id='word_1_710' title='bbox 1194 2067 1325 2107; x_wconf 69' lang='lat' dir='ltr'><strong>Pastor-es</strong></span> <span class='ocrx_word' id='word_1_711' title='bbox 1349 2069 1383 2101; x_wconf 70' lang='grc' dir='ltr'><strong>ό·</strong></span> <span class='ocrx_word' id='word_1_712' title='bbox 1403 2071 1579 2101; x_wconf 81' lang='lat' dir='ltr'><strong>Mercenarit&#39;</strong></span> <span class='ocrx_word' id='word_1_713' title='bbox 1601 2073 1714 2101; x_wconf 82' lang='lat' dir='ltr'><strong>vivant</strong></span> <span class='ocrx_word' id='word_1_714' title='bbox 1737 2092 1748 2108; x_wconf 88' lang='lat'>‚</span> <span class='ocrx_word' id='word_1_715' title='bbox 1779 2067 1910 2100; x_wconf 80' lang='lat' dir='ltr'><strong>babeant</strong></span> <span class='ocrx_word' id='word_1_716' title='bbox 1931 2072 2065 2108; x_wconf 85' lang='lat' dir='ltr'><strong>oportet,</strong></span> 
     </span>
     <span class='ocr_line' id='line_1_108' title="bbox 1193 2114 2066 2157; baseline -0.002 -8"><span class='ocrx_word' id='word_1_717' title='bbox 1193 2125 1226 2150; x_wconf 83' lang='lat' dir='ltr'><strong>ut</strong></span> <span class='ocrx_word' id='word_1_718' title='bbox 1245 2118 1355 2150; x_wconf 78' lang='lat' dir='ltr'><strong>illicitis</strong></span> <span class='ocrx_word' id='word_1_719' title='bbox 1375 2117 1577 2150; x_wconf 74' lang='lat' dir='ltr'><strong>exac‘Iionibus</strong></span> <span class='ocrx_word' id='word_1_720' title='bbox 1597 2119 1707 2150; x_wconf 77' lang='lat' dir='ltr'><strong>locatas</strong></span> <span class='ocrx_word' id='word_1_721' title='bbox 1727 2115 1779 2156; x_wconf 75' lang='lat' dir='ltr'><strong>libi</strong></span> <span class='ocrx_word' id='word_1_722' title='bbox 1809 2119 1942 2149; x_wconf 70' lang='lat' dir='ltr'><strong>oviculas</strong></span> <span class='ocrx_word' id='word_1_723' title='bbox 1962 2114 2066 2157; x_wconf 64' lang='lat' dir='ltr'><strong>misere*</strong></span> 
     </span>
     <span class='ocr_line' id='line_1_109' title="bbox 1195 2163 2066 2208; baseline -0.003 -9"><span class='ocrx_word' id='word_1_724' title='bbox 1195 2168 1405 2208; x_wconf 82' lang='lat' dir='ltr'><strong>depraedentur</strong></span> <span class='ocrx_word' id='word_1_725' title='bbox 1430 2191 1442 2207; x_wconf 86' lang='lat'>‚</span> <span class='ocrx_word' id='word_1_726' title='bbox 1468 2167 1614 2200; x_wconf 81' lang='lat' dir='ltr'><strong>dilanient</strong></span> <span class='ocrx_word' id='word_1_727' title='bbox 1634 2190 1645 2206; x_wconf 88' lang='lat'><strong>,</strong></span> <span class='ocrx_word' id='word_1_728' title='bbox 1681 2176 1847 2207; x_wconf 84' lang='lat' dir='ltr'><strong>omnemque</strong></span> <span class='ocrx_word' id='word_1_729' title='bbox 1875 2163 2066 2207; x_wconf 77' lang='lat' dir='ltr'><strong>substantiam</strong></span> 
     </span>
     <span class='ocr_line' id='line_1_110' title="bbox 1195 2213 2068 2262; baseline 0 -14"><span class='ocrx_word' id='word_1_730' title='bbox 1195 2216 1312 2249; x_wconf 75' lang='lat' dir='ltr'><strong>tamum</strong></span> <span class='ocrx_word' id='word_1_731' title='bbox 1331 2228 1390 2250; x_wconf 85' lang='lat' dir='ltr'><strong>non</strong></span> <span class='ocrx_word' id='word_1_732' title='bbox 1408 2214 1584 2260; x_wconf 83' lang='lat' dir='ltr'><strong>absumant.</strong></span> <span class='ocrx_word' id='word_1_733' title='bbox 1611 2215 1801 2262; x_wconf 82' lang='lat' dir='ltr'><strong>Qeruntur</strong></span> <span class='ocrx_word' id='word_1_734' title='bbox 1812 2214 1853 2248; x_wconf 91' lang='lat' dir='ltr'><strong>ab</strong></span> <span class='ocrx_word' id='word_1_735' title='bbox 1865 2213 1936 2257; x_wconf 84' lang='lat' dir='ltr'><strong>ipfis</strong></span> <span class='ocrx_word' id='word_1_736' title='bbox 1951 2224 2068 2248; x_wconf 78' lang='lat' dir='ltr'><strong>merce-</strong></span> 
     </span>
     <span class='ocr_line' id='line_1_111' title="bbox 1196 2264 2069 2307; baseline -0.003 -8"><span class='ocrx_word' id='word_1_737' title='bbox 1196 2267 1294 2301; x_wconf 86' lang='lat' dir='ltr'><strong>nariis</strong></span> <span class='ocrx_word' id='word_1_738' title='bbox 1305 2265 1432 2299; x_wconf 88' lang='lat' dir='ltr'><strong>nullum</strong></span> <span class='ocrx_word' id='word_1_739' title='bbox 1443 2264 1656 2300; x_wconf 83' lang='lat' dir='ltr'><strong>administrari</strong></span> <span class='ocrx_word' id='word_1_740' title='bbox 1667 2267 1912 2300; x_wconf 88' lang='lat' dir='ltr'><strong>Sacramentum</strong></span> <span class='ocrx_word' id='word_1_741' title='bbox 1923 2264 1988 2297; x_wconf 83' lang='lat' dir='ltr'><strong>fine</strong></span> <span class='ocrx_word' id='word_1_742' title='bbox 1997 2273 2069 2307; x_wconf 87' lang='lat' dir='ltr'><strong>gra-</strong></span> 
     </span>
     <span class='ocr_line' id='line_1_112' title="bbox 1196 2313 2067 2364; baseline -0.002 -15"><span class='ocrx_word' id='word_1_743' title='bbox 1196 2318 1278 2349; x_wconf 88' lang='lat' dir='ltr'><strong>viae</strong></span> <span class='ocrx_word' id='word_1_744' title='bbox 1289 2316 1374 2350; x_wconf 87' lang='lat' dir='ltr'><strong>foeda</strong></span> <span class='ocrx_word' id='word_1_745' title='bbox 1395 2317 1567 2351; x_wconf 73' lang='lat' dir='ltr'><strong>exaffione</strong></span> <span class='ocrx_word' id='word_1_746' title='bbox 1579 2341 1586 2348; x_wconf 92' lang='lat'><em>.</em></span> <span class='ocrx_word' id='word_1_747' title='bbox 1615 2315 1718 2364; x_wconf 82' lang='lat' dir='ltr'><strong>Qod</strong></span> <span class='ocrx_word' id='word_1_748' title='bbox 1732 2315 1838 2359; x_wconf 87' lang='lat' dir='ltr'><strong>ipsum</strong></span> <span class='ocrx_word' id='word_1_749' title='bbox 1850 2314 1883 2348; x_wconf 88' lang='lat' dir='ltr'><strong>in</strong></span> <span class='ocrx_word' id='word_1_750' title='bbox 1896 2313 2067 2347; x_wconf 88' lang='lat' dir='ltr'><strong>Germani-</strong></span> 
     </span>
     <span class='ocr_line' id='line_1_113' title="bbox 1196 2363 2066 2411; baseline -0.003 -11"><span class='ocrx_word' id='word_1_751' title='bbox 1196 2377 1308 2400; x_wconf 88' lang='lat' dir='ltr'><strong>corum</strong></span> <span class='ocrx_word' id='word_1_752' title='bbox 1339 2367 1565 2411; x_wconf 87' lang='lat' dir='ltr'><strong>gravaminum</strong></span> <span class='ocrx_word' id='word_1_753' title='bbox 1587 2367 1667 2399; x_wconf 67' lang='lat' dir='ltr'><strong>fasta</strong></span> <span class='ocrx_word' id='word_1_754' title='bbox 1690 2365 1730 2399; x_wconf 89' lang='lat' dir='ltr'><strong>ad</strong></span> <span class='ocrx_word' id='word_1_755' title='bbox 1753 2365 1876 2409; x_wconf 86' lang='lat' dir='ltr'><strong>Julium</strong></span> <span class='ocrx_word' id='word_1_756' title='bbox 1887 2363 2066 2398; x_wconf 87' lang='lat' dir='ltr'><strong>secundum</strong></span> 
     </span>
     <span class='ocr_line' id='line_1_114' title="bbox 1197 2413 2068 2460; baseline -0.003 -11"><span class='ocrx_word' id='word_1_757' title='bbox 1197 2416 1352 2450; x_wconf 85' lang='lat' dir='ltr'><strong>relatione</strong></span> <span class='ocrx_word' id='word_1_758' title='bbox 1386 2416 1516 2460; x_wconf 79' lang='lat' dir='ltr'><strong>questus</strong></span> <span class='ocrx_word' id='word_1_759' title='bbox 1553 2416 1616 2450; x_wconf 80' lang='lat' dir='ltr'><strong>fuit</strong></span> <span class='ocrx_word' id='word_1_760' title='bbox 1653 2417 1832 2459; x_wconf 84' lang='lat' dir='ltr'><strong>Imperator</strong></span> <span class='ocrx_word' id='word_1_761' title='bbox 1866 2413 2068 2448; x_wconf 83' lang='lat' dir='ltr'><strong>Maximilia-</strong></span> 
     </span>
     <span class='ocr_line' id='line_1_115' title="bbox 1197 2464 2067 2509; baseline -0.003 -10"><span class='ocrx_word' id='word_1_762' title='bbox 1197 2477 1257 2499; x_wconf 87' lang='lat' dir='ltr'><strong>nus</strong></span> <span class='ocrx_word' id='word_1_763' title='bbox 1275 2491 1282 2498; x_wconf 92' lang='lat'><em>.</em></span> <span class='ocrx_word' id='word_1_764' title='bbox 1312 2465 1356 2499; x_wconf 88' lang='lat' dir='ltr'><strong>Et</strong></span> <span class='ocrx_word' id='word_1_765' title='bbox 1374 2466 1393 2500; x_wconf 69' lang='lat' dir='ltr'><strong>a</strong></span> <span class='ocrx_word' id='word_1_766' title='bbox 1414 2466 1616 2500; x_wconf 87' lang='lat' dir='ltr'><strong>Tridentino</strong></span> <span class='ocrx_word' id='word_1_767' title='bbox 1638 2465 1796 2500; x_wconf 86' lang='lat' dir='ltr'><strong>Concilio</strong></span> <span class='ocrx_word' id='word_1_768' title='bbox 1816 2464 1935 2509; x_wconf 89' lang='lat' dir='ltr'><strong>corrigi</strong></span> <span class='ocrx_word' id='word_1_769' title='bbox 1961 2464 2067 2507; x_wconf 86' lang='lat' dir='ltr'><strong>postu-</strong></span> 
     </span>
     <span class='ocr_line' id='line_1_116' title="bbox 1198 2515 2066 2559; baseline -0.003 -10"><span class='ocrx_word' id='word_1_770' title='bbox 1198 2516 1277 2550; x_wconf 86' lang='lat' dir='ltr'><strong>lavit</strong></span> <span class='ocrx_word' id='word_1_771' title='bbox 1302 2517 1501 2550; x_wconf 89' lang='lat' dir='ltr'><strong>Francorum</strong></span> <span class='ocrx_word' id='word_1_772' title='bbox 1528 2527 1658 2559; x_wconf 88' lang='lat' dir='ltr'><strong>quoque</strong></span> <span class='ocrx_word' id='word_1_773' title='bbox 1683 2517 1758 2550; x_wconf 83' lang='lat' dir='ltr'><strong>Rex</strong></span> <span class='ocrx_word' id='word_1_774' title='bbox 1781 2515 1921 2549; x_wconf 84' lang='lat' dir='ltr'><strong>Carolus</strong></span> <span class='ocrx_word' id='word_1_775' title='bbox 1940 2523 2066 2547; x_wconf 71' lang='lat' dir='ltr'><strong>nonus,</strong></span> 
     </span>
     <span class='ocr_line' id='line_1_117' title="bbox 1198 2562 2068 2608; baseline -0.003 -9"><span class='ocrx_word' id='word_1_776' title='bbox 1198 2565 1362 2599; x_wconf 85' lang='lat' dir='ltr'><strong>Altarium</strong></span> <span class='ocrx_word' id='word_1_777' title='bbox 1373 2566 1529 2600; x_wconf 87' lang='lat' dir='ltr'><strong>Decimas</strong></span> <span class='ocrx_word' id='word_1_778' title='bbox 1537 2566 1728 2608; x_wconf 73' lang='lat' dir='ltr'><strong>possidentia</strong></span> <span class='ocrx_word' id='word_1_779' title='bbox 1737 2564 1981 2599; x_wconf 86' lang='lat' dir='ltr'><strong>Monachorum</strong></span> <span class='ocrx_word' id='word_1_780' title='bbox 1992 2562 2068 2597; x_wconf 87' lang='lat' dir='ltr'><strong>Coe-</strong></span> 
     </span>
     <span class='ocr_line' id='line_1_118' title="bbox 1198 2613 2067 2660; baseline -0.001 -13"><span class='ocrx_word' id='word_1_781' title='bbox 1198 2615 1297 2648; x_wconf 87' lang='lat' dir='ltr'><strong>nobia</strong></span> <span class='ocrx_word' id='word_1_782' title='bbox 1317 2625 1373 2648; x_wconf 85' lang='lat' dir='ltr'><strong>aut</strong></span> <span class='ocrx_word' id='word_1_783' title='bbox 1395 2615 1600 2650; x_wconf 79' lang='lat' dir='ltr'><strong>elericorum</strong></span> <span class='ocrx_word' id='word_1_784' title='bbox 1624 2615 1775 2660; x_wconf 84' lang='lat' dir='ltr'><strong>Collegia</strong></span> <span class='ocrx_word' id='word_1_785' title='bbox 1798 2613 2015 2649; x_wconf 78' lang='lat' dir='ltr'><strong>asseverabant</strong></span> <span class='ocrx_word' id='word_1_786' title='bbox 2035 2613 2067 2646; x_wconf 88' lang='lat' dir='ltr'><strong>se</strong></span> 
     </span>
     <span class='ocr_line' id='line_1_119' title="bbox 1199 2662 2066 2707; baseline -0.005 -8"><span class='ocrx_word' id='word_1_787' title='bbox 1199 2664 1267 2699; x_wconf 81' lang='lat' dir='ltr'><strong>istic</strong></span> <span class='ocrx_word' id='word_1_788' title='bbox 1279 2666 1339 2697; x_wconf 82' lang='lat' dir='ltr'><strong>effe</strong></span> <span class='ocrx_word' id='word_1_789' title='bbox 1350 2664 1541 2707; x_wconf 90' lang='lat' dir='ltr'><strong>principales</strong></span> <span class='ocrx_word' id='word_1_790' title='bbox 1567 2665 1712 2699; x_wconf 84' lang='lat' dir='ltr'><strong>Pastores</strong></span> <span class='ocrx_word' id='word_1_791' title='bbox 1724 2690 1734 2705; x_wconf 95' lang='lat'>,</span> <span class='ocrx_word' id='word_1_792' title='bbox 1762 2665 1900 2707; x_wconf 88' lang='lat' dir='ltr'><strong>ideoque</strong></span> <span class='ocrx_word' id='word_1_793' title='bbox 1913 2662 1978 2697; x_wconf 88' lang='lat' dir='ltr'><strong>illis</strong></span> <span class='ocrx_word' id='word_1_794' title='bbox 1988 2673 2066 2696; x_wconf 86' lang='lat' dir='ltr'><strong>con·</strong></span> 
     </span>
     <span class='ocr_line' id='line_1_120' title="bbox 1197 2713 2065 2758; baseline -0.002 -12"><span class='ocrx_word' id='word_1_795' title='bbox 1197 2714 1366 2747; x_wconf 62' lang='lat' dir='ltr'><strong>ductitium</strong></span> <span class='ocrx_word' id='word_1_796' title='bbox 1387 2713 1422 2746; x_wconf 77' lang='grc' dir='ltr'><strong>δε</strong></span> <span class='ocrx_word' id='word_1_797' title='bbox 1444 2716 1627 2748; x_wconf 85' lang='lat' dir='ltr'><strong>manualem</strong></span> <span class='ocrx_word' id='word_1_798' title='bbox 1646 2714 1859 2758; x_wconf 88' lang='lat' dir='ltr'><strong>imponebant</strong></span> <span class='ocrx_word' id='word_1_799' title='bbox 1870 2713 2065 2752; x_wconf 87' lang='lat' dir='ltr'><strong>Vicarium,</strong></span> 
     </span>
     <span class='ocr_line' id='line_1_121' title="bbox 1197 2760 2065 2808; baseline -0.006 -10"><span class='ocrx_word' id='word_1_800' title='bbox 1197 2765 1231 2798; x_wconf 74' lang='grc' dir='ltr'><strong>δε</strong></span> <span class='ocrx_word' id='word_1_801' title='bbox 1253 2774 1322 2797; x_wconf 89' lang='lat' dir='ltr'><strong>non</strong></span> <span class='ocrx_word' id='word_1_802' title='bbox 1343 2763 1417 2797; x_wconf 84' lang='lat' dir='ltr'><strong>data</strong></span> <span class='ocrx_word' id='word_1_803' title='bbox 1439 2765 1637 2807; x_wconf 88' lang='lat' dir='ltr'><strong>competenti</strong></span> <span class='ocrx_word' id='word_1_804' title='bbox 1662 2764 1892 2799; x_wconf 77' lang='lat' dir='ltr'><strong>sustentatione</strong></span> <span class='ocrx_word' id='word_1_805' title='bbox 1902 2760 2065 2808; x_wconf 88' lang='lat' dir='ltr'><strong>cogebant</strong></span> 
     </span>
     <span class='ocr_line' id='line_1_122' title="bbox 1196 2812 2066 2857; baseline -0.002 -11"><span class='ocrx_word' id='word_1_806' title='bbox 1196 2813 1236 2848; x_wconf 90' lang='lat' dir='ltr'><strong>ad</strong></span> <span class='ocrx_word' id='word_1_807' title='bbox 1256 2813 1365 2848; x_wconf 77' lang='lat' dir='ltr'><strong>omnis</strong></span> <span class='ocrx_word' id='word_1_808' title='bbox 1384 2814 1511 2857; x_wconf 85' lang='lat' dir='ltr'><strong>generis</strong></span> <span class='ocrx_word' id='word_1_809' title='bbox 1530 2813 1730 2848; x_wconf 79' lang='lat' dir='ltr'><strong>simoniam.</strong></span> <span class='ocrx_word' id='word_1_810' title='bbox 1758 2813 1811 2849; x_wconf 83' lang='lat' dir='ltr'><strong>Sic</strong></span> <span class='ocrx_word' id='word_1_811' title='bbox 1831 2812 1952 2847; x_wconf 87' lang='lat' dir='ltr'><strong>Altaris</strong></span> <span class='ocrx_word' id='word_1_812' title='bbox 1963 2812 2066 2847; x_wconf 80' lang='lat' dir='ltr'><strong>Mini-</strong></span> 
     </span>
     <span class='ocr_line' id='line_1_123' title="bbox 1198 2859 2118 2908; baseline -0.001 -12"><span class='ocrx_word' id='word_1_813' title='bbox 1198 2865 1258 2897; x_wconf 83' lang='lat' dir='ltr'><strong>ster</strong></span> <span class='ocrx_word' id='word_1_814' title='bbox 1280 2861 1407 2896; x_wconf 73' lang='lat' dir='ltr'><strong>sordide</strong></span> <span class='ocrx_word' id='word_1_815' title='bbox 1429 2863 1610 2904; x_wconf 88' lang='lat' dir='ltr'><strong>esuriebat,</strong></span> <span class='ocrx_word' id='word_1_816' title='bbox 1634 2864 1785 2899; x_wconf 90' lang='lat' dir='ltr'><strong>&amp;nescio</strong></span> <span class='ocrx_word' id='word_1_817' title='bbox 1796 2863 1868 2908; x_wconf 78' lang='lat' dir='ltr'><strong>quis</strong></span> <span class='ocrx_word' id='word_1_818' title='bbox 1878 2863 1944 2906; x_wconf 78' lang='lat' dir='ltr'><strong>ejus</strong></span> <span class='ocrx_word' id='word_1_819' title='bbox 1955 2861 2065 2896; x_wconf 89' lang='lat' dir='ltr'><strong>deten-</strong></span> <span class='ocrx_word' id='word_1_820' title='bbox 2115 2859 2118 2863; x_wconf 81' lang='grc'>’</span> 
     </span>
     <span class='ocr_line' id='line_1_124' title="bbox 1197 2910 2063 2958; baseline -0.005 -11"><span class='ocrx_word' id='word_1_821' title='bbox 1197 2925 1247 2947; x_wconf 89' lang='lat' dir='ltr'><strong>tor</strong></span> <span class='ocrx_word' id='word_1_822' title='bbox 1266 2913 1363 2956; x_wconf 89' lang='lat' dir='ltr'><strong>usque</strong></span> <span class='ocrx_word' id='word_1_823' title='bbox 1385 2910 1425 2946; x_wconf 84' lang='lat' dir='ltr'><strong>ad</strong></span> <span class='ocrx_word' id='word_1_824' title='bbox 1446 2913 1561 2948; x_wconf 86' lang='lat' dir='ltr'><strong>animae</strong></span> <span class='ocrx_word' id='word_1_825' title='bbox 1582 2914 1615 2947; x_wconf 88' lang='lat'>&amp;</span> <span class='ocrx_word' id='word_1_826' title='bbox 1638 2914 1781 2958; x_wconf 89' lang='lat' dir='ltr'><strong>corporis</strong></span> <span class='ocrx_word' id='word_1_827' title='bbox 1806 2913 1994 2949; x_wconf 85' lang='lat' dir='ltr'><strong>ebrietatem</strong></span> <span class='ocrx_word' id='word_1_828' title='bbox 2020 2922 2063 2945; x_wconf 82' lang='lat' dir='ltr'><strong>ex</strong></span> 
     </span>
     <span class='ocr_line' id='line_1_125' title="bbox 1196 2960 2063 3011; baseline -0.005 -14"><span class='ocrx_word' id='word_1_829' title='bbox 1196 2964 1263 3006; x_wconf 89' lang='lat' dir='ltr'><strong>ipso</strong></span> <span class='ocrx_word' id='word_1_830' title='bbox 1276 2962 1496 2997; x_wconf 86' lang='lat' dir='ltr'><strong>luxuriabatur</strong></span> <span class='ocrx_word' id='word_1_831' title='bbox 1509 2989 1517 2996; x_wconf 87' lang='lat'>.</span> <span class='ocrx_word' id='word_1_832' title='bbox 1543 2965 1651 3011; x_wconf 82' lang='lat' dir='ltr'><strong>Qem</strong></span> <span class='ocrx_word' id='word_1_833' title='bbox 1664 2965 1808 2998; x_wconf 88' lang='lat' dir='ltr'><strong>suoloco</strong></span> <span class='ocrx_word' id='word_1_834' title='bbox 1828 2960 2063 3007; x_wconf 84' lang='lat' dir='ltr'><strong>exponendum</strong></span> 
     </span>
     <span class='ocr_line' id='line_1_126' title="bbox 1195 3009 2064 3059; baseline -0.001 -12"><span class='ocrx_word' id='word_1_835' title='bbox 1195 3013 1329 3047; x_wconf 80' lang='lat' dir='ltr'><strong>‘abusum</strong></span> <span class='ocrx_word' id='word_1_836' title='bbox 1353 3011 1446 3047; x_wconf 81' lang='lat' dir='ltr'><strong>fuiffe</strong></span> <span class='ocrx_word' id='word_1_837' title='bbox 1467 3015 1567 3048; x_wconf 88' lang='lat' dir='ltr'><strong>etiam</strong></span> <span class='ocrx_word' id='word_1_838' title='bbox 1589 3013 1690 3048; x_wconf 86' lang='lat' dir='ltr'><strong>nostri</strong></span> <span class='ocrx_word' id='word_1_839' title='bbox 1709 3013 1859 3059; x_wconf 90' lang='lat' dir='ltr'><strong>Gregorii</strong></span> <span class='ocrx_word' id='word_1_840' title='bbox 1873 3011 1988 3046; x_wconf 84' lang='lat' dir='ltr'><strong>saeculo</strong></span> <span class='ocrx_word' id='word_1_841' title='bbox 1998 3009 2064 3052; x_wconf 86' lang='lat' dir='ltr'><strong>pes-</strong></span> 
     </span>
     <span class='ocr_line' id='line_1_127' title="bbox 1195 3058 2065 3108; baseline -0.005 -11"><span class='ocrx_word' id='word_1_842' title='bbox 1195 3061 1273 3097; x_wconf 81' lang='lat' dir='ltr'><strong>sime</strong></span> <span class='ocrx_word' id='word_1_843' title='bbox 1293 3063 1466 3106; x_wconf 77' lang='lat' dir='ltr'><strong>grassatum</strong></span> <span class='ocrx_word' id='word_1_844' title='bbox 1492 3062 1669 3098; x_wconf 86' lang='lat' dir='ltr'><strong>ostendunt</strong></span> <span class='ocrx_word' id='word_1_845' title='bbox 1680 3064 1810 3108; x_wconf 86' lang='lat' dir='ltr'><strong>plurimi</strong></span> <span class='ocrx_word' id='word_1_846' title='bbox 1820 3072 1897 3096; x_wconf 85' lang='lat' dir='ltr'><strong>tunc</strong></span> <span class='ocrx_word' id='word_1_847' title='bbox 1909 3059 1988 3094; x_wconf 88' lang='lat' dir='ltr'><strong>editi</strong></span> <span class='ocrx_word' id='word_1_848' title='bbox 2002 3058 2065 3094; x_wconf 90' lang='lat' dir='ltr'><strong>Ca·</strong></span> 
     </span>
     <span class='ocr_line' id='line_1_128' title="bbox 1196 3112 1937 3152; baseline -0.001 -6"><span class='ocrx_word' id='word_1_849' title='bbox 1196 3123 1297 3148; x_wconf 85' lang='lat' dir='ltr'><strong>nones</strong></span> <span class='ocrx_word' id='word_1_850' title='bbox 1309 3136 1319 3152; x_wconf 93' lang='lat'>‚</span> <span class='ocrx_word' id='word_1_851' title='bbox 1345 3121 1490 3147; x_wconf 88' lang='lat' dir='ltr'><strong>vetantes</strong></span> <span class='ocrx_word' id='word_1_852' title='bbox 1501 3112 1628 3147; x_wconf 85' lang='lat' dir='ltr'><strong>Altaria</strong></span> <span class='ocrx_word' id='word_1_853' title='bbox 1641 3113 1710 3148; x_wconf 89' lang='lat' dir='ltr'><strong>dari</strong></span> <span class='ocrx_word' id='word_1_854' title='bbox 1734 3112 1774 3148; x_wconf 85' lang='lat' dir='ltr'><strong>ad</strong></span> <span class='ocrx_word' id='word_1_855' title='bbox 1792 3112 1937 3146; x_wconf 86' lang='lat' dir='ltr'><strong>firmam.</strong></span> 
     </span>
    </p>
   </div>
   <div class='ocr_carea' id='block_1_13' title="bbox 2084 2050 2179 2080">
    <p class='ocr_par' dir='ltr' id='par_1_15' title="bbox 2084 2050 2179 2080">
     <span class='ocr_line' id='line_1_129' title="bbox 2084 2050 2179 2080; baseline -0.032 0"><span class='ocrx_word' id='word_1_856' title='bbox 2084 2050 2179 2080; x_wconf 68' lang='lat'>086.</span> 
     </span>
    </p>
   </div>
   <div class='ocr_carea' id='block_1_14' title="bbox 1192 3158 2103 3510">
    <p class='ocr_par' dir='ltr' id='par_1_16' title="bbox 1192 3158 2103 3456">
     <span class='ocr_line' id='line_1_130' title="bbox 1244 3158 2063 3205; baseline -0.002 -10"><span class='ocrx_word' id='word_1_857' title='bbox 1244 3162 1288 3195; x_wconf 88' lang='lat' dir='ltr'><strong>Et</strong></span> <span class='ocrx_word' id='word_1_858' title='bbox 1310 3160 1350 3195; x_wconf 79' lang='lat' dir='ltr'><strong>ad</strong></span> <span class='ocrx_word' id='word_1_859' title='bbox 1371 3162 1438 3205; x_wconf 79' lang='lat' dir='ltr'><strong>ejus</strong></span> <span class='ocrx_word' id='word_1_860' title='bbox 1466 3163 1719 3198; x_wconf 84' lang='lat' dir='ltr'><strong>exscindendam</strong></span> <span class='ocrx_word' id='word_1_861' title='bbox 1743 3161 1884 3197; x_wconf 88' lang='lat' dir='ltr'><strong>radicem</strong></span> <span class='ocrx_word' id='word_1_862' title='bbox 1914 3158 2063 3195; x_wconf 85' lang='lat' dir='ltr'><strong>laudatus</strong></span> 
     </span>
     <span class='ocr_line' id='line_1_131' title="bbox 1194 3210 2064 3257; baseline -0.003 -11"><span class='ocrx_word' id='word_1_863' title='bbox 1194 3213 1373 3256; x_wconf 86' lang='lat' dir='ltr'><strong>Gregorius</strong></span> <span class='ocrx_word' id='word_1_864' title='bbox 1391 3211 1495 3247; x_wconf 90' lang='lat' dir='ltr'><strong>edidit</strong></span> <span class='ocrx_word' id='word_1_865' title='bbox 1518 3214 1699 3257; x_wconf 68' lang='lat' dir='ltr'><strong>praesentem</strong></span> <span class='ocrx_word' id='word_1_866' title='bbox 1711 3211 1903 3247; x_wconf 85' lang='lat' dir='ltr'><strong>Canonem.</strong></span> <span class='ocrx_word' id='word_1_867' title='bbox 1931 3210 2064 3253; x_wconf 87' lang='lat' dir='ltr'><strong>Nequa-</strong></span> 
     </span>
     <span class='ocr_line' id='line_1_132' title="bbox 1192 3260 2064 3305; baseline -0.003 -10"><span class='ocrx_word' id='word_1_868' title='bbox 1192 3272 1289 3305; x_wconf 84' lang='lat' dir='ltr'><strong>quam</strong></span> <span class='ocrx_word' id='word_1_869' title='bbox 1308 3261 1458 3296; x_wconf 78' lang='lat' dir='ltr'><strong>asseverat</strong></span> <span class='ocrx_word' id='word_1_870' title='bbox 1479 3272 1535 3297; x_wconf 88' lang='lat' dir='ltr'><strong>aut</strong></span> <span class='ocrx_word' id='word_1_871' title='bbox 1557 3264 1659 3297; x_wconf 88' lang='lat' dir='ltr'><strong>sancit</strong></span> <span class='ocrx_word' id='word_1_872' title='bbox 1681 3260 1929 3297; x_wconf 89' lang='lat' dir='ltr'><strong>Monachorum</strong></span> <span class='ocrx_word' id='word_1_873' title='bbox 1941 3260 2064 3294; x_wconf 85' lang='lat' dir='ltr'><strong>Coeno-</strong></span> 
     </span>
     <span class='ocr_line' id='line_1_133' title="bbox 1193 3310 2061 3356; baseline -0.006 -10"><span class='ocrx_word' id='word_1_874' title='bbox 1193 3312 1245 3346; x_wconf 88' lang='lat' dir='ltr'><strong>bia</strong></span> <span class='ocrx_word' id='word_1_875' title='bbox 1266 3312 1329 3346; x_wconf 80' lang='lat' dir='ltr'><strong>effe</strong></span> <span class='ocrx_word' id='word_1_876' title='bbox 1349 3310 1558 3346; x_wconf 87' lang='lat' dir='ltr'><strong>Decimarum</strong></span> <span class='ocrx_word' id='word_1_877' title='bbox 1584 3313 1749 3356; x_wconf 88' lang='lat' dir='ltr'><strong>incapacia</strong></span> <span class='ocrx_word' id='word_1_878' title='bbox 1771 3337 1783 3353; x_wconf 92' lang='lat'>,</span> <span class='ocrx_word' id='word_1_879' title='bbox 1810 3311 1865 3346; x_wconf 91' lang='lat' dir='ltr'><strong>sed</strong></span> <span class='ocrx_word' id='word_1_880' title='bbox 1890 3311 2061 3346; x_wconf 80' lang='lat' dir='ltr'><strong>dumtaxat</strong></span> 
     </span>
     <span class='ocr_line' id='line_1_134' title="bbox 1193 3360 2063 3405; baseline -0.003 -10"><span class='ocrx_word' id='word_1_881' title='bbox 1193 3361 1287 3396; x_wconf 84' lang='lat' dir='ltr'><strong>hasce</strong></span> <span class='ocrx_word' id='word_1_882' title='bbox 1297 3360 1337 3396; x_wconf 91' lang='lat' dir='ltr'><strong>ab</strong></span> <span class='ocrx_word' id='word_1_883' title='bbox 1349 3361 1414 3395; x_wconf 87' lang='lat' dir='ltr'><strong>illis</strong></span> <span class='ocrx_word' id='word_1_884' title='bbox 1424 3360 1502 3395; x_wconf 85' lang='lat' dir='ltr'><strong>citra</strong></span> <span class='ocrx_word' id='word_1_885' title='bbox 1514 3362 1705 3405; x_wconf 86' lang='lat' dir='ltr'><strong>Episcopale</strong></span> <span class='ocrx_word' id='word_1_886' title='bbox 1713 3361 1868 3404; x_wconf 84' lang='lat' dir='ltr'><strong>judicium</strong></span> <span class='ocrx_word' id='word_1_887' title='bbox 1876 3371 1975 3405; x_wconf 87' lang='lat' dir='ltr'><strong>atque</strong></span> <span class='ocrx_word' id='word_1_888' title='bbox 1984 3371 2063 3393; x_wconf 89' lang='lat' dir='ltr'><strong>con-</strong></span> 
     </span>
     <span class='ocr_line' id='line_1_135' title="bbox 1192 3409 2103 3456; baseline -0.005 -10"><span class='ocrx_word' id='word_1_889' title='bbox 1192 3412 1316 3452; x_wconf 84' lang='lat' dir='ltr'><strong>sensum</strong></span> <span class='ocrx_word' id='word_1_890' title='bbox 1326 3421 1395 3447; x_wconf 85' lang='lat' dir='ltr'><strong>non</strong></span> <span class='ocrx_word' id='word_1_891' title='bbox 1408 3412 1495 3456; x_wconf 82' lang='lat' dir='ltr'><strong>posse</strong></span> <span class='ocrx_word' id='word_1_892' title='bbox 1506 3412 1629 3455; x_wconf 88' lang='lat' dir='ltr'><strong>accipi,</strong></span> <span class='ocrx_word' id='word_1_893' title='bbox 1656 3423 1716 3446; x_wconf 87' lang='lat' dir='ltr'><strong>nee</strong></span> <span class='ocrx_word' id='word_1_894' title='bbox 1728 3411 1883 3447; x_wconf 87' lang='lat' dir='ltr'><strong>detineri.</strong></span> <span class='ocrx_word' id='word_1_895' title='bbox 1910 3412 1972 3445; x_wconf 83' lang='lat' dir='ltr'><strong>Ista</strong></span> <span class='ocrx_word' id='word_1_896' title='bbox 1992 3409 2065 3442; x_wconf 82' lang='lat' dir='ltr'><strong>Coe-</strong></span> <span class='ocrx_word' id='word_1_897' title='bbox 2101 3434 2103 3436; x_wconf 84' lang='lat'>.</span> 
     </span>
    </p>

    <p class='ocr_par' dir='ltr' id='par_1_17' title="bbox 1593 3460 2017 3510">
     <span class='ocr_line' id='line_1_136' title="bbox 1593 3460 2017 3510; baseline -0.002 -16"><span class='ocrx_word' id='word_1_898' title='bbox 1593 3462 1630 3494; x_wconf 90' lang='grc' dir='ltr'>Η</span> <span class='ocrx_word' id='word_1_899' title='bbox 1682 3473 1701 3510; x_wconf 85' lang='lat'>3</span> <span class='ocrx_word' id='word_1_900' title='bbox 1903 3460 2017 3495; x_wconf 85' lang='lat' dir='ltr'><strong>nobio-</strong></span> 
     </span>
    </p>
   </div>
  </div>
 </body>
</html>
