2352 3756
640 68 928 120 ocravum
965 72 1277 117 ROMANUM
1314 75 1703 122 (ἶοΝεῙιΙυΜέ

1914 99 2007 138 329

250 170 326 202 mini
338 189 349 205 ,
371 162 429 208 sed
433 161 504 205 ficut
525 159 657 202 bonifilii
664 170 730 192 eam
741 156 887 200 nobiscum
899 161 931 190 in
941 163 1110 189 maternam
1118 181 1129 197 ‚
1176 166 1177 169 ’
1192 154 1379 199 usurparem.
1405 159 1485 199 ,Quis
1498 163 1586 201 igitur
1594 163 1663 203 finis
1675 173 1726 197 nos
1735 168 1880 206 exceperit
1893 189 1903 205 ,
1929 170 2041 201 videtis
2052 172 2063 201 ,-

250 215 365 255 haesi,
393 218 536 247 Romana
548 208 682 251 Ecclesiae
702 208 867 243 libertatem
887 207 1042 241 vindicare
1049 204 1131 249 sata-

245 271 319 311 gite,
335 290 342 296 .
369 264 550 298 Guibertus
574 261 703 295 videtur
729 259 795 293 sese
821 257 909 302 apud
938 257 1131 291 Ravennam

250 327 319 350 non
332 313 498 349 credidisse
512 337 523 354 ‚
549 311 689 354 ideoque
701 308 888 344 Henricum
898 307 991 341 fuisse
1005 308 1132 353 secutus

250 366 287 400 in
312 365 526 399 Germaniam
550 387 557 394 .
585 362 679 394 Hinc
701 360 830 403 aliquos
858 358 1039 401 Episcopus
1060 381 1071 398 ,
1097 357 1130 390 &

251 427 328 450 cum
339 414 531 457 quibusdam
545 411 707 445 Diaconis
728 411 831 443 etiam
845 408 937 441 suum
961 406 1131 441 Archidia-

251 477 375 500 conum
389 463 569 508 Gregorius
581 460 768 495 solemniter
778 458 900 502 legavit
912 457 953 491 ad
965 458 1057 491 istam
1069 457 1131 491 Ec-

251 515 378 550 clefiam
399 537 410 553 ,
436 507 538 556 ipsam
565 509 688 546 studuit
707 508 860 543 inducere
880 507 922 541 ad
945 506 1129 543 faciendam

251 564 330 599 novi
345 563 499 607 Episcopi
510 562 703 596 elestionem
715 583 726 599 ,
752 568 850 600 atque
869 558 915 591 ita
929 556 1128 591 Guibertum

250 613 381 658 penitus
391 612 577 647 extrudere.
609 611 652 643 Et
663 608 789 643 addidit
814 619 871 651 pro
882 608 999 641 causa:
1027 605 1128 652 Qo‘d

251 662 431 698 Guibertus
442 663 519 697 estet
533 662 579 695 ita
591 658 753 703 depositus
769 683 780 699 ‚
798 658 881 692 utin
893 666 1047 690 aeternum
1060 667 1128 711 non

250 715 356 756 posset
369 713 453 748 inter
464 711 652 746 Sacerdotes
662 708 839 744 numerari:
872 707 957 753 Qae
971 706 1128 740 sententia

248 764 393 798 omnino
402 756 565 797 emanavit
579 760 621 795 ab
635 758 696 793 hac
715 755 1007 803 praesentiSynodo
1021 781 1028 787 .

302 812 428 847 Verum
440 813 544 845 divisa
564 811 603 852 ‚in
616 819 720 852 partes
737 816 805 841 erat
825 806 1054 840 Ravennatum
1071 805 1133 840 Ec-

251 861 344 896 clesia
366 885 376 901 ,
402 861 544 903 ideoque
567 859 682 892 electio
709 867 777 891 non
806 854 914 898 potuit
941 856 1105 889 succedere
1124 882 1131 890 .

252 911 410 946 Proxima
428 908 583 954 Gregorii
604 906 740 951 epistola
757 906 873 948 scripta
897 904 942 938 est
953 905 994 939 ad
1016 917 1130 940 omnes

252 961 457 996 Ravennatis
466 955 633 994 Parochiae
643 982 654 998 ,
682 955 847 1000 Regionis
860 954 1130 1001 Pentapolitanae,

250 1012 279 1045 F
283 1013 409 1045 irmanae
419 1007 577 1046 Marchiae
587 1032 598 1048 ,
623 1007 657 1042 &
668 1004 986 1047 Ducatusspoletini
998 1006 1130 1050 Episco-

250 1072 331 1104 pos,
358 1060 503 1095 Abbates
529 1083 540 1098 ,
566 1057 716 1091 Comites
737 1067 774 1089 ac
797 1054 926 1088 Milites
948 1079 959 1095 ,
985 1055 1129 1099 ipsorum

251 1122 310 1154 pro
321 1111 439 1145 Samsto
451 1109 549 1143 Petro
562 1106 728 1150 Apostolo
741 1116 778 1139 ac
792 1105 889 1148 ipsius
903 1105 1056 1139 Romana
1069 1106 1130 1140 Ec·

248 1161 343 1195 clesia
355 1159 462 1193 zelum
473 1159 508 1195 δε
522 1156 736 1192 devotionem
751 1154 921 1198 praedicat,
949 1163 1047 1198 atque
1064 1166 1128 1198 per-

250 1211 321 1254 git:
349 1209 403 1252 13st
421 1218 522 1243 autem
542 1213 575 1241 in
591 1217 647 1249 quo
665 1206 849 1246 devotionem
868 1202 997 1243 vestram
1018 1207 1129 1251 egregie?

245 1259 367 1302 potestis
388 1259 533 1299 ostendere
553 1282 565 1298 ‚
587 1255 617 1298 fi
635 1258 761 1289 Decreta
787 1263 874 1297 atque
899 1256 1022 1287 statuta
1043 1257 1128 1288 Sedis

251 1309 418 1352 Apostolicae
435 1317 491 1351 pro
504 1307 579 1350 posse
589 1305 681 1345 vestro
693 1304 840 1345 studeatis
867 1312 957 1346 atque
974 1303 1128 1348 satagatis

252 1362 418 1400 adjuvare.
445 1363 540 1402 Igitur
561 1361 769 1390 Ravennatem
793 1351 1041 1396 Arcbiepiscqpum
1059 1352 1130 1395 fra-

252 1419 327 1443 trem
349 1409 474 1450 nostrum
497 1406 679 1442 Richardum
701 1428 711 1444 ,
736 1416 822 1447 quem
839 1403 901 1446 post
921 1405 1023 1447 longas
1044 1405 1131 1437 &in-

252 1470 391 1493 numeras
414 1456 613 1500 Pervasorum
634 1461 835 1497 occupationes
849 1456 1015 1495 nuperrime
1027 1478 1037 1493 ,
1059 1452 1131 1494 ficut

252 1511 320 1542 olim
342 1508 480 1542 a'Sanllo
494 1511 582 1541 Petro
606 1506 806 1549 Apollinarem
821 1527 832 1544 ‚
858 1509 903 1536 ita
915 1503 992 1536 bunc
1013 1507 1132 1537 Raven-

195 1586 198 1588 .
253 1570 295 1592 na
318 1560 356 1592 ab
379 1556 505 1599 Ecclefia
527 1561 664 1589 Romana
690 1559 797 1589 meruit
823 1559 950 1595 accipere
971 1577 982 1593 ,
1001 1552 1132 1593 studium

250 1607 335 1641 vobis
349 1607 411 1649 fit,
437 1617 498 1641 tum
504 1615 627 1649 propter
652 1615 779 1638 amorem
786 1602 952 1647 sanllifflmi
970 1604 1131 1645 Martyris,

249 1660 332 1699 ‘cujus
345 1659 366 1689 5
365 1658 416 1690 ede
429 1659 464 1691 ὑ·
473 1656 607 1698 reliquiis
620 1655 673 1687 illa
686 1655 841 1687 decoratur
851 1652 1057 1694 Ecclefia,tum
1065 1662 1132 1694 pro-

249 1715 319 1749 pter
329 1707 492 1748 apostolica
504 1707 524 1739 5
525 1705 590 1739 edis
603 1703 732 1737 debitam
742 1706 954 1742 reverentiam,
966 1701 1087 1742 confiliis
1099 1703 1133 1735 (9·

250 1758 373 1791 auxiliis
386 1755 488 1794 vestris
499 1753 684 1796 confirmare,
695 1763 786 1794 atque
797 1757 824 1786 ei
835 1760 936 1784 contra
947 1751 1026 1784 illius
1033 1749 1133 1792 sanc‘li

251 1807 306 1840 loci
322 1804 495 1850 sacrilegum
517 1805 752 1845 damnatumque
773 1799 988 1840 devastatorem
1011 1800 1132 1833 Guiber-

247 1865 318 1889 eum
340 1856 435 1889 modis
450 1853 590 1888 -amnibus
609 1850 786 1895 subvenire.
814 1850 986 1896 Qoniam
1010 1860 1132 1883 novam

249 1905 447 1940 clemonem
485 1902 645 1937 celebrare
678 1911 747 1934 non
778 1898 919 1933 audebat
957 1898 1135 1932 Ravennas

250 1955 396 1991 Ecclefia
413 1979 424 1995 ,
451 1951 653 1997 Apostolicae
680 1948 773 1984 Sedis
792 1948 860 1991 jure
888 1948 964 1981 usus
985 1946 1030 1981 est
1055 1948 1133 1981 Gre-

250 2007 386 2052 gorius,
412 2003 520 2037 nescio
543 2011 640 2044 quem
664 1998 869 2033 Richardum
879 1995 969 2031 dedit
994 1997 1043 2030 illi
1056 1996 1130 2039 Epi-

248 2058 386 2099 scopum
401 2077 412 2094 ,
441 2052 546 2096 ipsum
568 2050 685 2082 Romae
706 2047 909 2081 consecravit
930 2069 942 2086 ‚
969 2046 1033 2080 una
1056 2056 1131 2078 cum

249 2103 450 2149 Apostolico
476 2102 606 2145 Legato
631 2097 717 2133 misit
743 2097 936 2130 Ravennam
958 2119 968 2135 ‚
995 2094 1129 2129 admitti

249 2155 379 2201 rogavit
398 2153 431 2187 in
444 2148 623 2190 thronum,
649 2148 683 2182 &
703 2158 758 2190 pet
780 2146 887 2180 sancti
911 2144 999 2178 Petri
1022 2144 1130 2178 fideles

247 2207 286 2240 in
307 2204 431 2239 cunstis
451 2200 617 2244 adjuvari.
646 2195 752 2244 Qod
775 2195 949 2230 Romanus
968 2194 1129 2229 Pontifex

249 2364 361 2391 none,
389 2353 475 2384 lucet
485 2362 528 2384 ex
541 2347 647 2382 Sansti
660 2345 822 2390 Cypriani
835 2345 876 2379 ad
896 2345 1047 2379 sanetum
1069 2343 1125 2377 Pa-

250 2414 325 2448 pam
343 2399 543 2444 Stephanum
563 2396 700 2441 epistola
713 2420 725 2436 ,
751 2395 868 2439 scripta
879 2394 914 2428 in
934 2395 1028 2428 causa
1038 2392 1127 2428 Mar-

250 2452 333 2488 tiani
347 2450 499 2494 Episcopi
515 2447 708 2489 Arelssatenfis
718 2471 725 2478 .
940 2476 942 2478 ,

299 2500 362 2538 Sed
384 2511 489 2543 neque
510 2496 575 2532 hoc
596 2495 768 2531 consilium
779 2495 908 2537 optimo
922 2493 1032 2529 nostro
1045 2494 1126 2528 Gre-

250 2554 346 2599 gorio
368 2549 512 2585 succeffit
537 2572 545 2580 .
583 2546 718 2581 Etenim
742 2545 882 2578 Est-Rex
902 2544 1067 2578 Henricus
1091 2544 1124 2577 in

248 2601 415 2638 Saxonico
426 2596 576 2633 adversus
588 2594 804 2638 Rudolphum
819 2594 1054 2637 Imperatorem
1061 2592 1125 2627 bel-

247 2654 283 2687 lo
306 2652 402 2686 evasit
423 2650 541 2683 victor.
572 2645 757 2680 Audiamus
778 2655 845 2678 rem
866 2643 908 2677 ab
931 2641 1124 2677 Hemboldo

115 2702 176 2733 Lib.
208 2713 226 2731 ¹·
247 2702 465 2744 Presbytero:
493 2701 634 2731 Henricus
649 2699 839 2739 congregavit
858 2698 1016 2727 exercitum
1031 2704 1124 2737 gran-

112 2753 174 2780 GW·
187 2754 230 2778 ²4·
247 2755 339 2792 dem,
363 2759 396 2783 ut
419 2755 603 2792 expugnaret
627 2743 814 2786 Rudolphum
834 2769 844 2786 ‚
865 2743 987 2785 fuitque
1008 2753 1071 2776 cum
1094 2754 1123 2776 eo

241 2801 441 2847 fismofiffimus
463 2800 512 2831 ille
526 2801 596 2831 Dux
609 2794 788 2836 Godesridus
803 2818 815 2834 ,
842 2800 893 2836 qui
912 2792 1009 2835 postea
1020 2792 1122 2827 libera-

246 2850 296 2887 vit
309 2849 491 2893 Hierusalem
504 2873 514 2888 ‚
542 2847 682 2888 multique
691 2847 849 2879 Parentum
867 2869 873 2875 .
900 2845 1050 2876 saxonum
1068 2854 1120 2878 ve-

247 2907 280 2936 ro
296 2912 385 2944 atque
407 2902 571 2933 suevorum
590 2902 732 2929 exercitus
755 2902 841 2927 erant
861 2904 923 2926 cum
948 2892 1117 2935 Rudolpbo.

249 2951 504 2996 Pugnaruntergo
518 2952 610 2991 Reges
631 2948 729 2979 mutuo
744 2969 755 2984 ,
784 2944 909 2977 &viiia
929 2943 1052 2985 estpars
1063 2948 1119 2978 Ru·

249 3001 352 3042 dolpbi
377 3024 387 3040 ,
412 3000 631 3040 cecideruntque
657 2998 790 3029 saxones
817 2995 851 3027 Θ
877 2995 965 3026 suevi
991 3018 998 3025 .
1029 2996 1119 3027 Porro

248 3049 423 3093 Rudolpbus
444 3049 616 3082 vulneratus
633 3045 671 3085 est
693 3052 724 3078 in
744 3055 835 3077 manu
859 3044 984 3076 dextera
1004 3065 1016 3082 ,
1034 3043 1119 3088 fugit

248 3100 433 3142 Marcipolim
443 3123 453 3138 ‚
480 3102 624 3138 mortique
625 3099 697 3137 jam
705 3100 862 3138 proximus
875 3094 954 3125 dixit
968 3095 1012 3124 ad
1015 3093 1119 3134 famu-

246 3154 287 3184 los
295 3150 364 3194 suos
375 3175 382 3181 .
410 3149 525 3181 Videtis
536 3156 657 3179 manum
668 3146 824 3178 dexteram
836 3154 930 3176 meam
950 3144 986 3176 de
998 3145 1118 3178 vulnere

241 3195 403 3244 sauciam?
431 3204 494 3232 Hac
510 3206 558 3239 ego
574 3197 684 3235 juravi
697 3199 821 3227 Domino
842 3198 966 3227 Henrico
978 3217 987 3231 ,
1014 3202 1046 3226 ut
1062 3205 1117 3226 non

247 3262 376 3284 nocerem
399 3253 427 3280 ei
443 3270 454 3285 ,
481 3257 530 3279 nec
555 3244 703 3286 infidiarer
721 3244 825 3286 gloriae
846 3244 910 3283 ejus
932 3267 938 3273 .
966 3244 1026 3275 5ea'
1037 3244 1118 3283 juffio

247 3300 403 3343 apostolica
416 3322 425 3337 ‚
453 3295 685 3336 Pontificumque
703 3298 809 3335 petitio
821 3303 865 3325 me
876 3294 919 3324 ad
926 3293 961 3323 id
969 3293 1092 3324 deduxit
1103 3317 1114 3332 ,

245 3361 278 3383 ut
290 3353 457 3392 juramenti
480 3343 665 3387 transgressor
692 3342 826 3377 honorem
849 3340 922 3375 mibi
954 3342 1117 3376 indebitum

344 3396 450 3437 Christ.
464 3400 542 3438 Lupi
555 3399 651 3435 Opera
667 3395 699 3425 T.
711 3396 760 3427 VI.

249 2256 286 2289 in
297 2252 549 2297 degradatorum
572 2250 589 2282 a
602 2249 634 2282 se
646 2246 882 2290 Episcoporum
904 2243 1043 2278 thronos
1060 2244 1127 2288 pos-

249 2306 290 2339 sit
315 2305 396 2337 alios
419 2299 594 2334 Antistites
616 2301 785 2340 imponere
804 2307 845 2329 ex
859 2292 1054 2337 Apostolico
1064 2260 1153 3440 ΕΙ

1164 2448 1179 3446 --———————-——..-—-.-

1176 207 1332 274 3Viderint
1354 217 1420 250 ergo
1447 207 1511 246 illi,
1536 214 1591 254 „qui
1616 222 1668 243 nos
1693 214 1737 246 ad
1754 213 1806 246 boc
1828 213 2063 258 instigaverunt,

1194 258 1323 299 qualiter
1334 268 1386 289 nos
1399 257 1543 289 duxerint
1554 281 1565 297 ‚
1592 259 1714 306 nefarie
1724 262 1836 303 J'educ'li
1840 264 1930 305 fimus
1943 271 1976 297 in
1982 274 2064 308 prae-

1192 311 1325 349 cipitium
1346 314 1468 340 aeternae
1495 306 1695 340 damnationis
1714 334 1720 340 .
1748 315 1793 344 Et
1810 313 1860 346 hoc
1884 317 1982 348 dicens
2000 327 2063 349 cum

1176 385 1178 391 ,
1188 362 1283 401 gravi
1306 356 1454 397 molestia,
1478 357 1556 390 diem
1578 356 1676 399 clausit
1698 367 1859 394 extremum
1877 389 1883 396 .
1914 365 2064 400 Godefri-

1194 406 1273 441 dum
1286 407 1416 441 Ducem
1427 407 1519 441 fuisse
1531 407 1731 441 Henriciani*
1747 411 1902 444 exercitus
1914 413 2064 449 Primice-

1194 458 1278 491 rium
1302 481 1312 498 ‚
1339 458 1372 491 &
1395 455 1612 500 Rudolphum
1634 457 1727 492 fuisse
1746 457 1787 491 ab
1807 458 1877 501 ipso
1898 463 2063 506 occisum,

1194 507 1326 541 testatur
1342 508 1377 540 in
1391 507 1469 541 sacri
1492 505 1570 541 belli
1583 505 1715 542 historia
1726 507 1922 543 Guilielmus
1943 511 2064 547 Metro-

1195 557 1298 600 polita
1309 557 1494 600 Tyriorum
1508 582 1514 589 .
1540 556 1642 604 Qiod
1656 567 1765 593 tamen
1777 558 1884 602 postea
1897 559 2066 596 Henricia-
2085 567 2145 597 Μὶν.
2172 574 2200 602 ,οι

1195 618 1271 641 nam
1294 618 1331 641 ac
1352 606 1582 641 Guibertinam
1602 608 1776 642 factionem
1797 608 1984 651 reliquerit,
2010 611 2067 646 do·
2085 616 2149 647 0³1³·
2176 611 2204 637 ⁸·

1194 667 1271 691 cent
1294 656 1360 700 ejus
1373 655 1456 691 Acta
1477 657 1511 690 in
1522 656 1805 693 Claro-Montano
1818 659 1975 694 Concilio
1987 687 1995 693 .
2023 661 2067 698 Et

1195 706 1328 750 quidem
1351 705 1569 752 Rudolphum
1596 707 1689 741 fuisse
1716 709 1825 743 laesum
1852 710 1887 743 in
1914 710 2068 753 dextera,

1194 757 1250 791 alii
1274 757 1373 791 etiam
1397 759 1575 801 Scriptores
1601 766 1760 792 notarunt
1784 783 1790 790 .
1818 759 1884 792 Eos
1909 760 1995 794 inter
2019 762 2068 796 est

1195 807 1383 841 Conrardus
1405 805 1517 842 Abbas
1539 808 1775 853 Uspergensis:
1803 812 1883 842 Inter
1907 815 2067 846 Henricum

1176 861 1301 901 .Regem
1324 860 1358 891 (a
1380 856 1569 899 Rudolphum
1595 860 1698 892 rursus
1722 858 1827 892 bellum
1845 865 1959 903 geritur
1970 863 2067 901 juxta

1176 891 1180 930 i
1190 907 1318 948 fluvium
1329 907 1486 947 Ellestram
1496 932 1507 949 ,
1533 913 1566 942 in
1589 919 1644 951 quo
1665 909 1743 942 idem
1755 908 1930 951 Rudolphus
1943 911 2045 944 cecidit
2056 936 2068 952 ,

1176 931 1180 989 i
1189 954 1274 1000 seda
1282 954 1346 999 suis
1360 957 1544 1001 Merseborgb
1564 963 1695 992 vicinum
1715 959 1853 998 delatus,
1879 958 2069 995 &breviale-

1190 1006 1318 1048 funllus
1329 1031 1340 1047 ‚
1365 1006 1513 1050 honorifice
1521 1007 1560 1046 est
1572 1010 1680 1042 ibidem
1698 1009 1839 1049 humatus
1852 1031 1860 1042 .
1887 1013 2000 1043 Fertur
2016 1022 2070 1044 au-

1196 1066 1256 1090 tem
1266 1055 1299 1089 ln
1309 1063 1448 1090 extremis
1454 1056 1562 1100 positus
1574 1083 1584 1098 ,
1610 1060 1644 1093 ό·
1653 1058 1805 1102 absciffam
1816 1056 1971 1092 dexteram
1982 1064 2074 1103 intui<

1196 1116 1245 1140 tus
1255 1131 1266 1147 ,
1292 1108 1338 1139 ad
1344 1106 1506 1150 Episcopos
1517 1115 1570 1150 qui
1574 1107 1658 1149 forte
1667 1111 1795 1143 aderant
1806 1135 1816 1150 ‚
1830 1115 1967 1153 graviter
1973 1108 2071 1153 suspi-

1197 1168 1270 1189 rans
1284 1158 1408 1199 dixiffie:
1435 1161 1511 1191 Ecce
1524 1157 1586 1190 baec
1599 1156 1637 1197 est
1648 1170 1754 1192 manus
1768 1183 1779 1199 ,
1807 1171 1867 1201 qua
1875 1163 2001 1192 Domino
2011 1171 2072 1194 meo

1199 1212 1324 1240 Henrico
1340 1206 1433 1250 fidem
1454 1209 1643 1240 Sacramento
1662 1207 1787 1249 firmavi
1806 1235 1812 1241 .
1841 1213 1918 1243 Ecce
1937 1221 1986 1252 ego
2003 1212 2072 1251 jam

1197 1255 1260 1294 ejus
1273 1259 1405 1300 Regnum
1420 1257 1454 1289 t&
1469 1262 1568 1289 vitam
1579 1258 1743 1301 derelinquo
1758 1258 1941 1302 praesentem.
1970 1261 2074 1293 Videte

1197 1311 1248 1346 qui
1260 1317 1306 1339 me
1330 1304 1510 1348 ejussolium
1532 1306 1716 1350 conscendere
1718 1309 1831 1350 fecistis
1844 1333 1855 1348 ,
1882 1316 1915 1341 ut
1924 1308 2004 1342 retia
2019 1314 2075 1341 via

1198 1355 1296 1396 vestra
1307 1361 1420 1390 monita
1438 1347 1608 1399 se⁴qusntem
1620 1359 1788 1391 duxeritis.
1818 1357 1982 1392 Adfirmat
2002 1357 2075 1392 dex-

1198 1415 1298 1439 teram
1310 1406 1403 1443 fuisse
1414 1404 1579 1441 abscissam
1591 1433 1598 1440 .
1626 1408 1718 1443 Hinc
1742 1407 1952 1442 Hemboldus
1965 1408 2078 1443 scribit

1199 1455 1283 1490 istud
1305 1455 1424 1490 vulnus
1443 1455 1535 1491 fuisse
1558 1458 1697 1492 mortale
1718 1483 1724 1489 .
1752 1457 1916 1492 Solemnis
1939 1481 1950 1497 ‚
1976 1468 2077 1501 quam

1200 1504 1300 1539 hodie
1322 1505 1525 1540 Hominium
1547 1517 1691 1549 vocant,
1718 1507 1896 1542 Procerum
1913 1507 1998 1550 apud
2011 1508 2079 1542 Re-

1199 1566 1275 1601 gem
1289 1556 1439 1600 profeffio
1461 1557 1559 1591 fiebat
1573 1569 1627 1600 per
1648 1557 1825 1601 implexam
1849 1557 1990 1592 dexterae
2001 1557 2079 1592 dex-

1199 1617 1301 1640 teram
1320 1632 1327 1638 .
1357 1607 1440 1640 Item
1464 1606 1660 1652 grassabatur
1688 1618 1767 1641 tunc
1790 1619 1880 1649 error
1902 1607 2079 1642 adfirmans

1199 1656 1297 1694 istam>
1306 1657 1537 1698 professionem
1549 1670 1616 1691 non
1627 1659 1714 1700 poffe
1726 1657 1808 1691 solvi
1823 1669 1877 1701 per
1890 1657 2081 1691 Ecclesiam.

1200 1704 1278 1736 Erat
1299 1704 1441 1746 palmare
1461 1706 1659 1740 Brixiuenfis
1680 1708 1823 1742 audaciae
1850 1705 1999 1741 adversus
2023 1718 2081 1740 no·

1199 1752 1300 1786 strum
1325 1753 1541 1798 Gregorium,
1570 1756 1716 1789 &totius
1736 1756 1946 1790 Henricianae
1967 1756 2082 1791 fastio-

1201 1802 1251 1835 nis
1262 1802 1531 1838 fundamentum.
1558 1804 1712 1839 Hincilli
1736 1806 1915 1849 sparserunt
1926 1807 2017 1839 suam
2030 1817 2080 1839 ve·

1199 1852 1330 1885 ritatem
1341 1854 1404 1886 effe
1417 1854 1646 1887 confirmatam
1659 1854 1676 1886 a
1687 1855 1810 1888 Divina
1823 1856 1949 1898 Iustitia
1965 1869 1972 1887 z
2003 1856 2079 1888 Per-

1198 1901 1305 1944 jurum
1317 1900 1534 1946 Rudolphum
1557 1904 1651 1939 fuiffe
1672 1905 1853 1947 percussum
1875 1906 1909 1939 in
1924 1906 1990 1948 ipsa
2002 1905 2079 1938 dex·

1198 1961 1263 1984 tera
1274 1973 1285 1989 ‚
1311 1952 1345 1985 &
1358 1963 1427 1986 non
1439 1953 1544 1987 solum
1556 1965 1631 1988 curn
1644 1954 1693 1987 sui
1709 1954 1861 1998 perjurii,
1887 1955 1940 1989 sed
1955 1956 1988 1989 ὃς
2000 1966 2077 1989 cum

1200 2000 1301 2035 nostri
1321 2002 1475 2046 Gregorii
1502 2003 1536 2036 &
1557 2003 1697 2036 aliorum
1718 2004 1955 2047 Episcoporum
1977 2028 1987 2043 ,
2018 2005 2075 2048 qui

1199 2051 1302 2093 ipsum
1327 2051 1364 2085 in
1390 2052 1449 2085 ista
1475 2052 1668 2087 seduxerant
1690 2077 1702 2093 ,
1739 2053 1953 2088 detestatione
1980 2055 2076 2089 fuiffe

1197 2099 1389 2133 defunctum
1405 2124 1412 2131 .
1440 2101 1495 2134 Ex
1515 2102 1633 2135 eodem
1649 2102 1743 2136 fonte
1766 2103 1887 2145 prodiit
1906 2104 2001 2147 supra
2021 2103 2075 2139 ad-

1196 2149 1311 2182 duetus
1334 2149 1508 2183 sarcasmus
1536 2150 1695 2193 Sigeberti
1722 2152 1965 2186 Gemblacensis
1988 2178 2000 2195 ‚
2026 2166 2073 2188 ar-

1195 2198 1324 2242 guentis
1346 2198 1545 2242 Gregorium
1566 2199 1607 2234 de
1635 2199 1954 2246 Pseudo-prophetia
1983 2227 1990 2235 .
2013 2203 2072 2237 Est

1195 2247 1391 2282 eCardinali
1415 2249 1593 2287 Bennone‚
1621 2250 1800 2293 &quidem
1822 2263 1891 2286 non
1911 2252 2071 2294 fideliter,

1196 2308 1342 2332 mutuata
1355 2298 1485 2340 fabula,
1513 2299 1650 2343 indigna
1664 2301 1814 2335 refutari.
1842 2302 1916 2336 Hac
1938 2303 2070 2338 interim

1197 2348 1328 2382 vistoria
1349 2348 1482 2383 inflatus
1501 2348 1667 2383 Henricus
1677 2350 1772 2385 rediit
1795 2350 1830 2385 ii:
1843 2352 1971 2387 ltaliam
1992 2365 2070 2387 cum

1195 2399 1253 2432 suo
1277 2398 1438 2432 Guiberto
1460 2423 1471 2439 ,
1498 2399 1532 2433 ἀ
1550 2399 1629 2433 fecit
1655 2401 1742 2442 quod
1766 2399 1865 2436 habet
1891 2402 2069 2447 Appendix

1192 2446 1359 2482 Lambeni
1382 2447 1687 2493 Schasnaburgenfis
1707 2463 1714 2481 :
1744 2456 1890 2486 Henricus
1912 2456 1980 2488 Rex
1998 2454 2070 2496 obsi-
2087 2462 2123 2494 Α,
2136 2466 2217 2495 1031,

1192 2498 1241 2530 det
1251 2501 1395 2531 Romam.
1424 2497 1663 2543 EtSigebertus
1685 2500 1958 2536 Gemb'lacensis:
1985 2509 2068 2539 Hen-

1190 2553 1267 2580 ricus
1288 2552 1454 2590 Imperator
1473 2550 1519 2581 ad
1526 2548 1732 2582 debellandum
1753 2554 1873 2594 Papam
1892 2555 2066 2590 Hildebran·

1189 2598 1260 2630 di'cm
1276 2605 1359 2639 petit
1383 2601 1525 2638 Italiam,
1553 2607 1653 2632 contra
1672 2611 1756 2642 quem
1769 2605 1858 2644 Papa
1885 2604 2006 2639 urbibus
2029 2608 2063 2641 &

1188 2647 1307 2686 castellis
1327 2653 1449 2680 munitis
1465 2646 1498 2690 fi·
1520 2650 1564 2681 ad
1580 2649 1782 2689 rebdlandum
1804 2660 1930 2697 accingit
1950 2680 1960 2695 ,
1986 2668 2062 2689 eum-

1189 2709 1243 2739 que
1263 2696 1399 2735 hostiliter
1411 2702 1536 2731 Romam
1544 2700 1700 2733 adeuntem
1723 2713 1780 2734 non
1790 2705 1895 2745 recipit
1911 2728 1918 2736 .
1946 2705 2060 2739 Henri⁶

1187 2758 1237 2780 cus
1245 2756 1346 2780 autem
1367 2752 1550 2790 Imperator,
1579 2757 1759 2794 expugnatis
1781 2753 1902 2786 urbibus
1919 2755 2061 2795 &castel-

1185 2799 1223 2830 lis
1235 2821 1246 2837 ‚
1273 2809 1338 2840 quae
1348 2807 1449 2832 contra
1462 2798 1497 2842 se
1506 2809 1562 2841 pro
1575 2799 1786 2834 Hildebrando
1798 2812 1883 2836 erant
1896 2829 1905 2845 ,
1934 2810 2059 2839 Romam

1187 2851 1368 2882 Leonianam
1378 2848 1482 2889 obfides
1493 2875 1500 2881 .
1529 2849 1697 2884 Marianus
1708 2853 1822 2886 Scotus
1833 2854 1923 2887 addit
1937 2867 1944 2887 :
1972 2857 2059 2888 Hen-

1183 2905 1259 2931 ricus
1280 2909 1344 2931 cum
1367 2911 1473 2942 magno
1495 2906 1625 2933 exercitu
1650 2905 1774 2934 Romam
1791 2902 1942 2944 prffec‘iics
1955 2929 1966 2945 ‚
1991 2916 2056 2937 eam

1182 2948 1284 2989 obfidet
1298 2974 1304 2980 .
1332 2951 1421 2990 Papa
1430 2951 1554 2983 audiens
1566 2951 1669 2984 multos
1681 2955 1828 2985 Romanos
1837 2953 1950 2994 favere
1964 2953 2056 2997 fi‘b's·

1182 3003 1315 3039 maticis,
1342 2998 1502 3042 desperans
1514 2998 1543 3041 le
1554 3007 1662 3042 recepit
1683 3006 1717 3034 in
1729 3002 1845 3035 domum
1863 3002 2030 3036 Theoderici
2041 3029 2053 3045 ,
2099 3018 2101 3020 ·

1183 3050 1232 3083 vel
1249 3047 1436 3091 Crescentis,
1462 3058 1502 3083 ut·
1517 3051 1640 3092 quidam
1668 3053 1786 3084 dicunt.
1816 3053 1875 3085 5ed
1894 3064 1946 3085 nec
1968 3053 2009 3085 ibi
2019 3052 2052 3096 se

1182 3101 1242 3132 rute*
1262 3096 1376 3141 sciens,
1402 3110 1467 3132 cum
1479 3106 1584 3142 paucis
1607 3101 1691 3134 notia
1702 3102 1854 3135 salernum
1877 3101 1972 3143 abiit,
2000 3102 2051 3136 ubi

1180 3148 1266 3192 usque
1292 3150 1336 3181 ad
1357 3149 1466 3182 obitum
1485 3149 1571 3192 suum
1590 3149 1744 3184 habitavit
1763 3175 1770 3181 .
1799 3152 1985 3187 Confundit
2003 3163 2050 3187 res

1180 3198 1448 3241 disparatiffimas.
1479 3199 1612 3234 Etenim
1635 3200 1787 3244 Gregorii
1813 3202 1888 3244 suga
1909 3202 2049 3245 &plena

1183 3249 1296 3282 Romae
1322 3250 1490 3291 captivitas
1515 3249 1560 3283 est
1583 3250 1678 3283 annis
1701 3248 1856 3292 posterior
1876 3276 1883 3284 .
1912 3251 1974 3285 Rei
2001 3265 2050 3288 ve-

1182 3299 1305 3333 ritatem
1328 3298 1417 3340 supra
1429 3297 1612 3332 audivimus
1634 3300 1651 3333 ὲ.
1674 3299 1863 3333 Caffinenfis
1886 3300 2050 3337 Monaste-

1181 3349 1221 3383 rii
1247 3347 1436 3383 Chronico:
1465 3348 1562 3383 Vidlor
1584 3353 1770 3391 Imperator,
1795 3347 1860 3391 suae
1881 3350 2047 3394 ulciscenda·

1582 3398 1612 3433 E
1637 3410 1655 3434 e
1706 3410 1726 3446 3
1926 3402 2001 3441 inju-
