2352 3756
105 2075 170 2106 Lib.
193 2087 220 2110 4.

101 2125 165 2155 cap.
195 2119 221 2146 8.

93 3097 156 3126 lib.
185 3109 215 3132 4·

90 3144 155 3174 cap·
185 3141 215 3166 8.

432 131 501 160 DE
537 116 810 159 ROMANA
848 113 1282 157 Emscopoaum
1318 128 1848 168 CONSECRATIONE.

259 199 519 244 persecutiones.
547 198 658 232 Etiam
679 198 712 230 in
736 196 991 239 persecutionem
1016 194 1137 228 Radul·

260 249 317 293 phi
339 275 346 282 .
387 251 429 284 Et
451 251 491 283 ad
514 248 683 282 undecimi
705 247 809 280 saeculi
832 246 1067 289 octogesimum
1095 246 1135 277 se-

257 301 404 335 cundum
427 310 549 334 annum
563 297 670 332 scribit
683 297 716 329 in
731 296 838 331 Sancti
853 295 939 328 Petri
952 296 1019 327 vivi
1031 294 1135 328 Chro-

260 352 337 384 nico
360 351 490 384 Clarius
512 346 702 381 Monachus
725 358 731 377 :
771 346 921 378 Kalendis
949 344 1132 377 Novembris

259 400 332 433 obiit
352 397 531 433 Waltherus'
544 395 697 437 Meldenfis
709 399 738 428 E
737 394 871 438 piscopus
883 419 889 425 .
919 398 964 427 Et
975 401 1009 427 in
1017 393 1134 436 sequen-

257 455 283 482 ti
304 448 475 493 septimana
503 452 587 492 Hugo
615 445 726 485 Dienfis
762 443 925 486 Episcopus
945 469 956 483 ‚
993 448 1134 476 Romanae

258 498 390 541 Ecclesia·
416 503 565 542 Legatus,
591 500 779 539 congregavit
804 495 965 527 Concilium
987 500 1020 526 in
1030 495 1133 527 eadem

255 549 334 583 urbe
347 574 357 589 ‚
378 552 413 583 (9·
435 550 589 581 ordinavit
613 544 791 588 Episcopum
809 543 969 576 Robertum
990 543 1133 576 abbatem

257 598 393 637 Ecclesi‘ae
424 595 632 638 Resbacenfis.
660 596 752 637 ,Quod
763 598 833 635 quia
844 593 906 635 fine
926 592 1132 636 prasentia&

255 648 367 692 offensu
391 648 522 682 Ricberii
544 641 1133 687 Arcbiepiscopisenonensis&Coepifi‘o-

251 708 358 740 porum
378 702 443 740 ejus
460 697 579 739 facium
602 695 639 736 est
663 718 672 733 ‚
697 698 1020 727 excommunicaverunt
1046 703 1129 724 eum.

255 749 409 782 Ecclefiae
431 745 634 782 Atrebatenfi
657 768 667 783 ‚
706 744 864 787 quoniam
892 741 1131 776 Cameracensis

255 799 409 831 Henrico
431 806 546 841 quarto
559 794 710 836 Ex-Regi
722 792 929 836 pertinaciter
939 789 1131 833 adhaerebat,

255 846 420 881 Urbanus
442 844 599 879 secundus
619 843 710 876 dedit
732 864 743 879 ‚
778 852 834 874 aut
856 839 964 883 potius
989 841 1130 876 reddidit

251 898 422 941 proprium
443 895 641 938 Episcopum
660 916 671 931 ,
708 891 828 933 illaque
851 890 910 923 fibi
936 890 970 924 in
991 893 1128 935 primum

254 948 455 991 Episcopum
475 944 575 989 elegit
587 939 819 980 Lambertum,
849 938 1013 974 Abbatem
1026 941 1132 986 Aqui-

249 997 403 1031 ‹scinstini
425 993 637 1029 Monasterii.
665 990 708 1023 Et
732 991 835 1033 ipsum
849 1015 860 1031 ,
887 990 975 1035 quod
988 991 1128 1027 Remen-

251 1047 335 1080 fium
359 1044 572 1087 Metropolita
595 1039 777 1075 Rainaldus
795 1042 953 1075 recusaret
978 1067 988 1082 ,
1014 1042 1129 1076 Romae

251 1096 457 1130 consecravit
480 1092 568 1127 idem
588 1091 745 1125 Pontifex
763 1115 771 1123 .
807 1094 855 1125 At
877 1090 921 1126 ob
947 1091 1054 1125 laesum
1079 1092 1128 1135 jus

250 1145 538 1189 Metropoliticum
559 1143 643 1176 tanti
661 1140 740 1175 hinc
764 1142 837 1174 sunt
849 1142 917 1174 nati
933 1152 1064 1181 motus,
1090 1153 1125 1175 ut

250 1197 352 1229 etiam
363 1207 419 1238 per
429 1195 719 1229 Claromontanam
730 1216 740 1231 ,
756 1192 791 1224 in
803 1191 894 1233 cujus
906 1191 1020 1224 itinere
1031 1191 1126 1225 Lam-

249 1246 360 1280 bertus
381 1246 445 1279 fuit
456 1244 521 1279 fere
532 1242 708 1277 trucidatus
720 1265 731 1280 ‚
760 1241 933 1284 Synodum
946 1240 1000 1274 vix
1013 1252 1125 1284 potue-

246 1296 316 1329 1int
335 1295 489 1339 componi
504 1321 511 1328 .
540 1293 641 1328 Varia
650 1291 816 1326 variorum
828 1290 869 1325 de
885 1291 946 1325 hac
960 1303 993 1324 re
1006 1292 1125 1326 litteras

248 1345 350 1380 habes
369 1346 454 1389 apud
476 1343 665 1379 Ferreolum
688 1342 867 1382 Loesium,
891 1342 925 1375 &
950 1342 1034 1385 apud
1061 1341 1123 1375 Lu-

247 1407 321 1431 cam
344 1395 546 1431 Dacherium
563 1418 572 1426 .

299 1447 439 1480 Avitum
451 1444 628 1479 Gallicanae
639 1443 786 1478 Ecclefiae
798 1444 925 1477 sensum
936 1441 1036 1476 edicit
1049 1442 1125 1476 Gla-

248 1497 304 1531 ber
316 1494 511 1538 Rudolphus
524 1520 531 1527 .
559 1493 845 1539 Andegavensium
857 1492 979 1526 Comes
1002 1493 1029 1525 F
1032 1492 1124 1532 ulco,

243 1546 266 1579 ὲ
276 1558 357 1580 terra
370 1547 472 1579 saneta
485 1544 627 1579 reversus
641 1568 651 1584 ,
677 1544 763 1587 apud
778 1543 933 1576 Turones
955 1552 1055 1585 prope
1065 1542 1124 1576 Ca-

245 1596 347 1628 strum
358 1596 549 1629 Lucass'ense
559 1593 718 1627 exstruxit
730 1603 854 1626 novum
867 1592 1103 1626 Monasterium
1113 1617 1124 1632 ‚

243 1644 280 1677 δε
301 1644 549 1678 Turonenfium
574 1641 848 1685 Archiepiscopus
870 1641 976 1685 Hugo
998 1640 1124 1674 dedica-

245 1695 375 1727 tionem
385 1703 516 1737 rogatus
529 1691 724 1736 denegavit.
754 1690 913 1735 Qaedam
936 1691 954 1722 a
978 1690 1125 1723 Fulcone

244 1743 356 1776 invasa
380 1742 529 1776 Ecclesia:
553 1741 614 1773 suae
628 1739 744 1783 praedia
754 1739 861 1772 voluit
872 1749 965 1772 antea
979 1738 1122 1772 restitui.

243 1793 298 1826 Ex
309 1804 377 1836 quo
389 1792 504 1831 vides,
525 1788 616 1834 quod
634 1789 705 1822 suas
731 1797 778 1821 res
799 1797 875 1821 ante
896 1789 1020 1820 sacrum
1031 1787 1126 1820 mini·

240 1842 374 1876 sterium
397 1851 537 1885 reperere
558 1850 626 1872 non
649 1839 685 1872 fit
706 1838 855 1872 Simonia
870 1861 877 1868 .
905 1837 1039 1870 Interim
1050 1837 1126 1870 Ful-

239 1903 283 1925 co
306 1892 346 1925 ad
371 1892 532 1933 Ioannem
542 1888 708 1922 decimum
720 1889 871 1920 octavum
885 1886 971 1918 mifit
985 1886 1124 1928 Legatos

238 1941 277 1975 ἀ
296 1950 451 1978 munera,
477 1938 634 1973 Pontifex
654 1947 732 1970 cum
752 1935 819 1969 istis
846 1933 964 1967 remisit
990 1933 1125 1968 Petrum

238 1989 452 2024 cardinalem
470 1989 692 2032 Episcopum,
721 1986 755 2018 δε
776 1983 832 2017 hic
855 1982 1049 2025 Apostolica
1071 1996 1126 2017 au·

238 2040 397 2074 thoritate
419 2035 659 2071 Monasteriurn
681 2033 848 2067 dedicavit
870 2056 877 2063 .
904 2031 1024 2066 Scribit
1046 2032 1123 2066 vero

240 2090 341 2123 dictus
363 2087 484 2122 Glabcr
504 2100 512 2119 ι
551 2086 645 2128 ‚Quod
664 2084 818 2116 audientes
850 2081 998 2114 Gallicani
1017 2086 1123 2124 quique

243 2138 395 2182 Praesules
406 2162 416 2179 ‚
423 2136 682 2180 praesumptionem
689 2131 866 2176 sacrilegam
876 2141 1072 2175 cognoverunt
1082 2143 1120 2165 ex

240 2201 315 2224 coeca
336 2189 500 2231 cupiditate
520 2185 692 2228 proceffiffe,
718 2184 792 2216 dum
817 2181 957 2215 videlicet
981 2191 1059 2214 unus
1071 2193 1117 2214 ra·

234 2246 346 2283 piens,
373 2239 449 2271 alter
469 2244 590 2278 captum
604 2232 767 2276 suscipiens
782 2257 792 2272 ,
819 2242 919 2265 recens
935 2237 967 2264 in
982 2234 1117 2263 Romana

238 2287 365 2329 Ecclesia
383 2285 513 2330 schisma
533 2284 723 2327 creavissent.
751 2280 983 2323 Univerfietiam
997 2287 1114 2323 pariter

237 2339 437 2381 dete-(lantes,
467 2340 607 2378 quoniam
628 2334 766 2367 nimirum
778 2333 915 2365 indecens
924 2331 1086 2364 videbatur
1103 2356 1113 2370 ,

236 2399 271 2422 ut
294 2395 321 2420 is
346 2392 396 2429 qui
415 2385 604 2428 apostolicam
626 2382 744 2427 regebat
769 2383 870 2415 sedem
890 2406 902 2421 ,
929 2380 1113 2423 apostolicum

232 2443 375 2480 primitus
404 2437 438 2470 (9⁶
472 2439 654 2468 canonicum
681 2430 935 2475 transgrederetur
965 2440 1112 2464 tenorem.

237 2490 314 2522 Cum
340 2485 460 2529 insuper
492 2485 646 2527 multiplici
672 2482 710 2524 fit
737 2487 904 2523 antiquitus
931 2480 1112 2515 authoritate

234 2539 400 2571 roboratum
414 2560 424 2576 ,
450 2543 483 2570 ut
506 2546 562 2568 non
590 2532 746 2576 quisquam
768 2529 977 2572 Episcoporum
998 2536 1031 2562 in
1041 2533 1112 2564 alte—

234 2595 298 2621 rius
324 2584 440 2626 Diaecefi
461 2585 538 2625 istud
547 2583 708 2626 prasumat
720 2592 853 2615 exercere
866 2604 876 2619 ,
902 2579 958 2621 nifi
966 2579 1110 2622 Praeficle‚
1124 2583 1128 2610 ἔ

233 2641 319 2678 cujus
335 2636 448 2678 fuerit,
472 2635 653 2676 compellente
676 2630 728 2674 seu
747 2635 957 2673 permittente.
986 2629 1028 2662 Et
1057 2630 1111 2664 ite-

234 2688 328 2721 rum:
357 2690 439 2719 Licet
463 2682 604 2724 Pontifex
626 2686 767 2714 Romanae
790 2678 922 2720 Ecclefiae
932 2678 966 2712 ob
977 2681 1110 2723 dignita-

233 2747 294 2770 tem
317 2736 478 2778 Apostolicae
501 2735 585 2767 Sedis
611 2736 770 2766 caeterisin
785 2731 851 2763 orbe
861 2729 1018 2770 constitutis
1027 2741 1108 2764 reve-

232 2792 343 2821 rentior
355 2785 500 2819 habeatur
513 2809 523 2824 ,
551 2794 607 2816 non
618 2792 717 2816 tamen
727 2782 826 2815 cilicet
835 2777 1003 2822 transgredi
1014 2787 1046 2813 in
1057 2782 1107 2813 ali-

233 2849 290 2879 quo
301 2840 443 2868 Canonici
453 2836 660 2867 moderaminis
675 2840 816 2865 tenorem.
844 2833 1007 2863 sicutenim
1020 2829 1105 2873 unus-

232 2885 354 2928 quisque
371 2884 551 2918 Ortbodoxae
575 2881 709 2923 Ecclest‘ae
727 2880 869 2922 Pontifex
891 2904 902 2920 ,
928 2892 963 2913 ac
980 2878 1104 2923 sponsus

228 2941 359 2977 propria.-
379 2936 461 2967 Sedis
484 2933 671 2975 uniformiter
686 2931 810 2975 speciem
819 2935 900 2974 gerit
913 2931 1082 2964 salvatoris
1094 2954 1104 2970 ‚

230 2993 277 3019 tta
285 2986 461 3028 generaliter
472 2985 544 3017 nulli
554 2989 690 3016 convenit
700 2982 855 3024 quidpiam
867 2986 898 3012 in
910 2980 1034 3013 alterius
1038 2989 1105 3022 pro·

229 3042 335 3069 caciter
342 3042 468 3076 patrare
488 3031 617 3073 Dioecefi.
646 3031 700 3065 Ad
729 3031 815 3065 hunc
830 3031 938 3064 locum
950 3031 1102 3065 scribitin

228 3095 326 3130 opere
347 3085 388 3116 de
404 3083 581 3116 Sacerdotii
595 3093 631 3115 ac
643 3081 773 3124 imperii
787 3082 964 3114 concordia
986 3081 1102 3115 Domi·

229 3148 291 3171 nus
305 3135 419 3167 Petrus
436 3133 476 3165 de
488 3132 599 3164 Marca
614 3143 621 3162 :
650 3129 894 3173 Laudatursaepe
904 3133 980 3163 loeus
993 3132 1101 3164 leudol-

222 3186 282 3230 phi
298 3183 404 3217 Glabri
418 3207 427 3221 ‚
454 3180 800 3221 MonacbiCluniacensi's
816 3205 825 3219 ‚
852 3185 903 3220 qui
913 3192 989 3212 anno
1011 3181 1101 3214 mille-

220 3237 295 3278 fimo
315 3230 546 3276 quinquagesimo
562 3229 707 3272 scribebat
722 3255 732 3269 ,
757 3241 788 3263 ut
801 3231 933 3262 doceatur
945 3242 979 3262 ea
994 3238 1098 3270 tempe-

222 3285 299 3326 state
317 3280 488 3326 persuasum
511 3282 611 3312 Gallis
625 3278 874 3321 Episcopisfuiffe
886 3304 896 3318 ,
924 3279 1028 3312 nihili}
1043 3284 1098 3312 Ro-

227 3348 314 3367 mano
336 3331 473 3372 pontifice
496 3337 528 3362 in
550 3331 659 3361 Galliit
669 3339 770 3361 contra
782 3333 915 3360 Canones
928 3332 1096 3364 tentaride-

225 3384 312 3417 bere.
335 3383 385 3414 Ex<
398 3382 512 3415 eodem
528 3379 685 3421 principio
697 3377 941 3414 delnnocentio
955 3379 1095 3415 secundo
1115 3405 1117 3409 -

325 3432 427 3472 Christ.
444 3435 519 3472 Lupi
534 3435 631 3471 Opera
643 3433 676 3460 T.
690 3432 738 3460 VI.

1906 140 1910 144 '
1941 136 1973 168 6

1202 194 1364 228 pontifice
1377 218 1388 234 ‚
1411 196 1518 229 Sancti
1539 199 1686 235 Medardi
1707 202 1793 248 apud
1810 138 2071 238 Sueffigne{13c-

1202 244 1328 278 cleliam
1348 245 1558 284 dedicantes,
1585 249 1692 284 scribit
1714 256 1746 286 in
1768 255 1874 288 Sanffi
1896 254 1983 287 Petri
2004 255 2070 287 vivi

1205 295 1373 328 Chronico
1398 295 1526 328 Clarius
1548 296 1752 334 Monachus:
1781 306 1943 343 Papaame
1954 304 2070 336 dedica·

1203 351 1309 377 tionem
1331 344 1466 385 Eccleſsae
1484 346 1613 378 odonem
1637 346 1777 382 Abbatem
1787 354 1914 391 nolente,
1936 352 1994 395 sed
2004 365 2068 386 con·
2087 361 2121 388 A.
2140 364 2171 386 11
2177 360 2223 394 3¹1.

1202 396 1365 428 tradicente
1378 398 1521 438 Episcopo
1533 396 1712 438 Sueffioncnfi
1719 402 1883 432 Aurelianis
1896 403 2047 436 benedixit
2057 429 2064 437 .

1202 445 1427 479 Sueffionenfis
1447 446 1502 479 ille
1527 445 1707 489 Episcopus
1718 448 1780 480 fuit
1793 448 1935 490 Joslenus
1949 474 1957 489 ,
1984 453 2066 486 cele-

1204 494 1358 528 berrimus
1378 505 1472 529 antea
1483 494 1569 538 apud
1579 496 1768 530 parisienses
1777 497 1933 541 Magister
1946 512 1956 531 .·
1981 501 2065 535 Cen.

1203 545 1263 578 suit
1286 545 1480 579 Pontificem
1501 546 1536 578 in
1549 546 1664 579 alienis
1675 546 1843 581 Parochiis
1853 547 1930 580 &in
1943 548 2069 585 alit-noo

1201 594 1348 628 subditos
1366 606 1435 628 non
1459 596 1545 638 poffe
1566 595 1744 631 ministrare
1763 622 1770 628 .
1796 597 1840 631 Et
1858 597 1943 630 inter
1966 599 2067 634 varias

1200 645 1343 686 querelas
1355 669 1365 684 ‚
1390 655 1468 688 quas
1485 644 1634 679 adversus
1655 646 1864 681 Bonifacium
1873 648 2020 681 ostavum
2031 651 2067 684 &

1200 694 1387 735 Romanam
1411 705 1491 729 tunc
1511 694 1687 729 Ecclesiam
1704 694 1841 730 adduxit
1867 696 2067 734 Francorum

1199 744 1274 778 Rex
1298 743 1470 788 Philippus
1491 743 1654 784 Pulcher,
1677 746 1741 780 fuit
1761 746 1793 781 &
1815 744 1868 780 hic
1890 747 2066 784 articulus.-

1198 793 1439 837 Consecrationes
1477 793 1754 838 Arcbiepiscoporum
1790 796 1823 829 (a
1859 796 2066 840 Episcoponw

1197 846 1345 886 adempta
1354 843 1428 888 sunt
1448 843 1604 888 Episcopis
1616 846 1933 888 comprovincialibus.

1246 894 1337 928 Idem
1355 894 1438 929 olim
1459 894 1584 929 censuit
1604 895 1799 931 Germanica
1818 921 1829 938 ,
1856 896 2065 942 Anglicana,

1196 955 1234 978 ac
1255 945 1355 978 etiam
1379 944 1493 979 Italica
1516 944 1677 979 Ecclefia.
1703 945 1805 981 Poffit
1828 948 1986 991 exemplis
2010 950 2065 984 de-

1197 993 1377 1027 monstrari.
1404 994 1576 1029 Consonat
1589 996 1812 1031 &Orientalis
1823 997 1979 1032 Ecclesia.
2008 1000 2066 1034 Et·

1195 1044 1333 1078 enimin
1348 1043 1437 1078 libris
1457 1045 1498 1079 de
1520 1044 1663 1080 Primatu
1688 1045 1780 1090 Papae
1792 1046 1890 1081 Nilus
1900 1047 2064 1083 Cabafilas

1197 1094 1468 1139 Archiepiscopus
1487 1094 1782 1131 Theffalonicenfis
1792 1098 1928 1131 affirmat
1939 1097 2065 1142 Papam

1196 1157 1263 1178 non
1273 1146 1335 1178 effe
1348 1144 1543 1188 Apostolum
1553 1171 1564 1186 ‚
1591 1146 1643 1180 sed
1657 1146 1814 1181 Romanae
1825 1147 1965 1181 civitatis
1974 1149 2065 1182 dum-

1196 1205 1284 1228 taxat
1307 1195 1527 1238 Episcopum,
1553 1196 1586 1228 &
1609 1195 1798 1241 subjungit:
1826 1201 1871 1230 Et
1884 1200 1989 1231 Petrus
2001 1204 2065 1241 qui-

1195 1246 1260 1277 dem
1280 1245 1373 1277 alium
1397 1250 1429 1276 in
1455 1243 1631 1284 Antiochia,
1657 1248 1750 1279 alium
1771 1252 1803 1279 in
1825 1248 2006 1283 Alexandria
2018 1261 2063 1282 or·

1194 1295 1281 1327 dinat
1305 1292 1510 1336 Episcopum,
1534 1296 1568 1328 (¹5
1595 1297 1684 1327 alium
1703 1297 1777 1329 alibi
1798 1322 1805 1329 .
1835 1301 1936 1331 Romae
1962 1309 2065 1333 autem

1194 1342 1335 1387 Episcopo
1354 1344 1419 1377 baec
1440 1356 1497 1377 non
1515 1351 1753 1386 permittuntur.
1784 1346 1828 1380 Et
1851 1348 1884 1379 in
1912 1347 1996 1380 libro
2021 1348 2063 1383 de

1195 1393 1383 1437 Principatu
1407 1393 1501 1437 Papae
1523 1395 1708 1430 Barlaamus
1721 1395 1908 1430 Monachus
1924 1408 1965 1430 ex
1977 1399 2064 1443 vigo·

1191 1444 1270 1478 fimo
1292 1446 1409 1478 ostavo
1418 1443 1678 1479 Chalcedonenfi
1688 1447 1827 1479 Canone
1839 1447 1873 1480 &
1888 1447 2064 1489 Imperato-

1191 1494 1234 1528 ris
1256 1494 1430 1536 Iustiniani
1453 1494 1579 1538 legibus
1598 1496 1767 1537 profitetur
1787 1496 1978 1530 Romanum
2005 1497 2064 1532 Pa-

1191 1555 1265 1587 pam
1285 1544 1347 1577 effe
1367 1543 1505 1586 primum
1528 1569 1539 1584 ‚
1576 1544 1983 1589 constantinopolitanum
2006 1547 2065 1582 Pa-

1190 1592 1364 1627 triarcham
1386 1594 1448 1627 effe
1469 1594 1641 1629 dumtaxat
1674 1595 1848 1629 secundum
1883 1596 2067 1632 Catholicae

1193 1643 1341 1676 Ecclefiae
1362 1643 1561 1687 Episcopum
1573 1670 1583 1686 ‚
1610 1645 1643 1678 &
1655 1645 1823 1689 adjungit:
1851 1650 1957 1679 Canon
1970 1650 2067 1682 &lex

1191 1691 1266 1723 hunc
1277 1692 1468 1725 decreverunt
1482 1693 1532 1735 effe
1544 1696 1646 1727 ordine
1649 1693 1809 1737 secundum
1819 1721 1829 1736 ,
1858 1708 1951 1739 neque
1963 1708 2066 1732 tamen

1190 1746 1234 1772 ita
1251 1738 1412 1783 secundum
1432 1750 1464 1773 ut
1484 1742 1521 1774 ab
1543 1743 1592 1774 illo
1613 1753 1778 1777 crearetur.
1812 1747 2068 1789 „Quandoquidem
2084 1747 2146 1777 <³²9¹
2165 1741 2195 1773 θ’

1190 1800 1240 1821 nec
1261 1789 1308 1821 hic
1329 1799 1380 1822 nec
1398 1791 1479 1823 alius
1502 1790 1657 1834 quisquam
1679 1794 1930 1828 Patriarcharum
1942 1798 1963 1828 ἂ
1976 1799 2068 1840 Papa

1189 1837 1403 1871 ordinabatur.
1431 1843 1556 1873 Etenim
1577 1843 1654 1884 leges
1670 1841 1859 1884 sanxerunt,
1886 1853 1919 1877 ut
1945 1849 2069 1881 ordina-

1190 1893 1279 1920 tionis
1303 1886 1511 1929 Episcoporum
1531 1888 1648 1932 summa
1665 1892 1816 1934 plenaque
1834 1894 2003 1929 authoritas
2012 1906 2066 1940 pe·

1189 1947 1239 1969 nes
1252 1936 1379 1980 fingulos
1398 1941 1599 1981 Metropolitas
1622 1941 1706 1983 effer,
1733 1941 1779 1982 isti
1791 1947 1918 1977 autema
1930 1949 2067 1989 Patriarq

1186 1986 1250 2020 cbis
1271 1986 1509 2026 constituerentur
1523 2014 1530 2021 .
1557 1990 1754 2022 Patriarcbas
1765 1996 1836 2024 vero
1853 1995 1872 2024 ἃ
1886 1998 1973 2036 Papa
1986 1999 2065 2030 ordi-

1188 2042 1256 2068 nari
1274 2037 1357 2068 nulla
1368 2039 1502 2077 lexjufflt
1516 2063 1522 2070 .
1550 2038 1701 2073 Affirmat
1715 2039 1975 2079 Patriarcharum
1985 2058 2065 2081 con-

1187 2085 1401 2117 secrationem
1413 2085 1430 2117 a
1441 2087 1535 2119 nullo
1548 2087 1689 2121 canone
1710 2091 1854 2131 permitti
1877 2093 1972 2136 Papae
1984 2119 1995 2135 ‚
2020 2108 2061 2131 ae

1187 2134 1309 2178 pergit:
1338 2135 1432 2176 ‚Quod
1434 2134 1463 2176 fi
1469 2136 1561 2168 ullum
1584 2135 1699 2178 uspiam
1718 2142 1870 2172 Cononem
1892 2151 2060 2187 repereris,

1185 2188 1236 2226 qui
1258 2183 1506 2217 patriarcharum
1524 2186 1755 2219 ordinandorum
1761 2185 1909 2230 fiimmam
1929 2193 2060 2228 authori.

1184 2242 1274 2265 tatem
1288 2236 1383 2275 Papae
1394 2234 1529 2275 tribuat,
1558 2237 1657 2268 indica
1677 2237 1759 2270 modo
1785 2238 1867 2272 nobis
1890 2242 1996 2283 illum,
2020 2246 2057 2280 Θ

1182 2284 1256 2316 illico
1283 2289 1415 2316 viceris.
1444 2287 1496 2317 sin
1518 2284 1579 2317 baec
1599 2297 1752 2328 nunquam
1773 2294 1900 2331 reperire
1913 2298 2054 2335 poteris,

1181 2344 1241 2374 qua
1250 2335 1372 2366 tandem
1383 2335 1535 2374 neceffitate
1543 2340 1666 2377 cogimur
1680 2359 1690 2375 ,
1717 2344 1750 2370 ut
1758 2349 1794 2371 ea
1804 2363 1815 2377 ‚
1843 2351 1908 2382 quae
1917 2351 1950 2375 tu
1962 2345 1978 2376 i
1985 2351 2055 2385 pro-

1176 2381 1492 2426 priosensudepromIs
1504 2408 1514 2423 ,
1541 2386 1759 2420 admittamus?
1788 2391 1939 2424 Praetereti
1952 2417 1962 2432 ,
1988 2396 2054 2428 Hio-

1159 2444 1162 2455 ι
1178 2430 1366 2474 rosolrmitani
1378 2432 1517 2476 Episcopi
1526 2447 1584 2476 qua
1600 2442 1714 2468 ratione
1726 2437 1832 2474 debent
1853 2441 1874 2472 ἃ
1897 2444 1986 2483 Papa
2009 2455 2052 2476 or.

1173 2482 1299 2516 dinari?
1326 2487 1432 2525 Neque
1440 2490 1519 2517 enim
1528 2494 1581 2517 aut
1593 2489 1649 2518 Dei
1652 2484 1753 2526 frater
1755 2488 1895 2532 Jacobus
1919 2493 1940 2524 ἃ
1961 2495 2049 2527 Petro

1174 2533 1329 2565 ordinatus
1342 2533 1379 2572 est
1389 2546 1404 2575 ;
1430 2543 1482 2566 aut
1495 2534 1581 2575 bujur
1601 2533 1778 2578 successorem
1794 2547 1855 2580 par
1867 2540 1935 2581 fuit
1960 2548 2049 2575 nemi-

1173 2593 1239 2614 nem
1241 2581 1330 2625 fuisse
1344 2606 1355 2622 ‚
1382 2582 1438 2622 nist¹
1448 2586 1536 2625 Papa
1562 2586 1645 2617 illum
1667 2587 1801 2629 creaffet.
1831 2589 1951 2625 Multis
1978 2590 2048 2628 haec

1172 2631 1392 2667 demonstrare
1403 2632 1528 2674 studet,
1554 2645 1591 2668 ac
1603 2635 1734 2669 tandem
1746 2638 1914 2673 concludit
1928 2655 1939 2674 :
1966 2645 2047 2676 Nul-

1171 2683 1201 2715 la
1226 2683 1285 2724 lege
1302 2688 1477 2724 praecipitur
1499 2707 1510 2724 ‚
1545 2693 1597 2717 aut
1622 2683 1826 2727 consuetudine
1852 2689 1983 2731 obtinet,
2010 2700 2045 2726 ut

1172 2732 1360 2766 Patriarchae
1384 2734 1403 2763 ὰ
1415 2736 1502 2774 Papa
1513 2733 1749 2774 constituerentur
1767 2762 1774 2768 .
1798 2741 1906 2781 Neque
1917 2744 1988 2774 vero
2000 2747 2045 2774 ita

1164 2781 1231 2822 fuit
1241 2780 1420 2822 fac'iitatum
1431 2785 1610 2825 aliquando.
1639 2785 1694 2819 Ab
1706 2786 1815 2820 alieno
1826 2789 2044 2833 Metropolim

1171 2842 1307 2873 patratas
1343 2833 1582 2876 Episcoporum
1607 2837 1869 2872 consecrationes
1893 2838 2044 2875 hodierni

1169 2880 1273 2915 Graeci
1293 2880 1377 2915 adeo
1403 2884 1585 2917 aversantur
1612 2908 1622 2923 ‚
1648 2894 1684 2918 ut
1705 2887 1856 2921 censeant
1876 2888 1981 2923 irritas
2006 2890 2042 2922 δε

1167 2931 1290 2964 nullas.
1318 2932 1428 2966 Etiam
1448 2933 1573 2967 fastasa
1587 2933 1689 2978 Papa.
1717 2936 1827 2983 Qam
1848 2937 2042 2974 sententiam

1167 2981 1251 3024 apud
1265 2982 1357 3024 ipsos
1367 2992 1435 3014 non
1447 2984 1511 3017 effe
1524 2993 1661 3025 noram,
1689 2984 1733 3018 est
1745 2987 1802 3019 suo
1816 2986 1890 3020 loco
1905 2987 2041 3023 demon-

1167 3031 1315 3065 stratum.
1345 3031 1388 3065 Et
1403 3030 1450 3065 11ae
1462 3031 1593 3076 quidem
1608 3035 1682 3068 sunt
1693 3035 1852 3077 praecipuae
1875 3037 2038 3080 rationes,

1164 3093 1205 3114 ex
1233 3082 1350 3124 quibus
1377 3081 1464 3124 Papa
1486 3082 1679 3125 quibusdam
1705 3084 1828 3118 videtur
1859 3085 2035 3124 alienarum

1165 3131 1412 3167 provinciarum
1425 3132 1608 3178 Episcopos
1619 3144 1686 3167 non
1697 3134 1784 3176 poffe
1805 3136 2008 3172 consecrate.

1539 3433 1624 3467 Hh
1674 3444 1696 3480 3
1894 3434 1981 3470 CA-
