2372 3756
145 474 217 511 aeg.
235 484 250 503 ι
259 482 282 503 1.

146 522 173 543 c.
194 522 221 550 3.

144 735 183 772 C.
208 749 271 776 172·

133 2135 211 2179 care
235 2144 270 2170 *7-

159 3058 234 3094 Cap.
254 3055 296 3090 38

384 109 481 157 280

368 243 526 292 sanstus
571 248 769 293 Basiuus
805 240 1145 313 Archi-Episcopus

612 314 880 382 Caefiiraeenfis.

400 441 598 480 Uchariffiae
608 445 775 478 veritatem
787 442 957 488 infigniter
974 441 1143 486 profitetur
1154 439 1190 474 in

425 494 600 530 moralibus
610 493 730 537 regulis
749 493 848 527 etiam
867 493 1014 538 Magnus
1037 491 1188 524 Bafilius.

317 545 470 581 Adduxit
481 544 594 579 omnia
605 543 682 576 novi
694 543 900 579 Testamenti
922 544 1007 577 circa
1030 541 1122 576 illam
1147 549 1189 575 te-

316 595 487 630 stimonia.
517 594 561 628 Et
571 593 605 625 in
618 592 820 627 brevioribus
832 591 1076 627 monachorum
1098 601 1190 634 regu-

320 646 361 681 lis
369 647 506 681 affirmat
515 642 580 678 hoc
592 643 836 677 Sacramentum
849 654 924 677 cum
937 643 1054 677 timore
1064 641 1190 674 sumen-

315 697 441 730 dum&
453 693 537 733 fide,
562 703 659 736 atque
670 692 820 738 adjungit
839 694 968 727 causam
984 703 990 722 ε
1012 691 1123 724 Fidem
1135 689 1191 732 fa-

314 752 395 779 ciunt
418 743 512 779 verba
537 747 655 776 Domini
680 766 691 783 ,
716 749 766 786 qui
790 744 894 784 dixit,
922 749 985 778 Hoc
1008 739 1048 780 est
1074 743 1188 782 corpur

314 806 436 836 meum,
461 795 542 838 quod
545 802 601 836 pro
620 793 707 828 vobis
729 794 820 826 datur
834 817 842 824 .
870 790 986 827 Alium
1001 789 1187 837 evidentem

314 846 428 880 locum
439 844 579 880 adduxit
590 843 626 878 in
648 842 763 886 scripta
782 841 934 875 adversus
954 840 1187 885 Berengarium

315 896 356 931 ad
370 896 553 930 Henricum
564 895 762 928 Francorum
775 891 903 936 Regem
917 891 1065 935 Epistola
1077 889 1189 926 Theo-

315 945 436 980 duinus
457 943 643 978 Leodienfis
669 941 872 985 Episcopus.-
894 945 921 974 0
945 942 1136 979 miraculum!
1162 945 1188 974 0

317 998 376 1028 Dei
386 1001 417 1027 in
427 1006 477 1028 nos
489 993 717 1027 benevolentia!
743 989 930 1035 ,Quisursum
946 990 1031 1035 sedet
1051 993 1097 1024 ad
1117 993 1188 1025 dex.

316 1054 411 1081 teram
439 1049 545 1080 Patris
566 1067 576 1083 ,
598 1041 738 1086 sacrificii
763 1050 866 1075 tamen
891 1050 1019 1084 tempore
1039 1041 1187 1075 bominum

315 1093 453 1129 manibus
479 1099 664 1132 continetur,
690 1092 880 1134 traditurque
900 1092 1030 1130 lambere
1048 1098 1188 1134 cupienti-

314 1147 369 1179 bus
380 1156 463 1178 eum.
492 1143 535 1178 Et
556 1143 591 1176 in
606 1142 672 1185 ejus
683 1141 835 1185 Liturgia
856 1141 1011 1177 Sacerdos
1030 1152 1102 1176 orat
1114 1166 1124 1182 ‚
1150 1152 1186 1176 ut

313 1195 443 1231 Divina
453 1192 696 1237 omnipotentia
711 1192 885 1225 Dominici
901 1195 1041 1234 Corporis
1061 1194 1095 1226 ὑ·
1118 1195 1186 1225 san·

308 1250 412 1291 guinis
437 1250 568 1286 antitypa
594 1242 749 1276 benedicat
771 1265 782 1282 ,
804 1240 968 1285 sancflificet
989 1267 1000 1283 ,
1025 1244 1060 1276 ὁ·
1084 1244 1187 1283 efficiat

310 1305 421 1338 panem
433 1295 509 1328 bunc
518 1292 615 1337 ipsum
625 1290 781 1335 pretiosum
792 1295 906 1333 Corpus
915 1317 925 1333 ‚
956 1292 1036 1326 hunc
1051 1294 1121 1325 vero
1144 1304 1186 1325 ca·

313 1348 398 1380 licem
407 1344 503 1388 ipsum
511 1342 671 1386 pretiosum
682 1344 859 1385 sanguinem
872 1345 991 1379 Domini
1004 1366 1015 1383 ,
1038 1344 1074 1374 i&
1103 1345 1159 1375 Dei
1176 1366 1186 1382 ,

314 1397 525 1430 &servatoris
549 1392 660 1437 JESU
685 1390 810 1431 Chresti.
841 1390 972 1434 Utique
994 1402 1050 1435 per
1071 1392 1186 1428 transt-

311 1445 603 1479 lementationem.
630 1442 733 1481 Vox,
758 1438 857 1482 Ipsum
879 1464 890 1480 ‚
915 1451 985 1474 non
1010 1449 1096 1475 caret
1122 1451 1187 1474 em-

312 1494 422 1538 phafi.
448 1494 600 1528 Affirmat
611 1492 715 1535 ipsum
728 1514 739 1530 ,
765 1490 854 1535 quod
867 1490 908 1524 ad
928 1490 1094 1525 dexteram
1122 1492 1186 1525 Dei

312 1544 537 1585 Patrissedet,
562 1552 679 1586 corpus
699 1541 761 1575 effe
782 1541 918 1584 praesens
939 1541 1036 1575 etiam
1064 1541 1098 1575 in
1123 1541 1187 1575 Eu-

310 1594 464 1629 charistia
477 1619 485 1627 .
513 1593 555 1627 Et
565 1592 608 1627 de
622 1592 767 1626 confecta
778 1601 832 1634 per
845 1590 1010 1637 Magnum
1034 1590 1187 1626 Basiliam

310 1642 517 1679 Eucharistia
531 1641 639 1677 scribit
651 1641 684 1677 in
699 1641 767 1684 ejus
779 1641 844 1675 vita
862 1641 997 1676 sanetus
1014 1640 1187 1685 Amphilo-

309 1694 406 1729 chius
416 1691 631 1736 Metropolita
641 1691 819 1727 Iconienfis
829 1715 840 1731 ‚
866 1701 922 1724 aut
933 1690 1095 1734 quisalius
1107 1692 1188 1726 Scri·

310 1754 386 1789 ptor
398 1743 734 1788 gravis&antiquusz
759 1742 836 1773 cum
858 1751 908 1776 res
923 1737 1013 1782 saera
1032 1751 1189 1785 ageretur,

311 1795 461 1831 nebraeus
471 1794 619 1837 quidam,
647 1793 729 1825 velut
756 1790 967 1832 Christianus,
986 1788 1118 1834 seipsum
1137 1800 1188 1835 po·

308 1846 381 1889 pulo
390 1842 568 1887 immiscuit,
594 1842 677 1883 officii
693 1843 727 1875 (9
741 1840 834 1884 Miffae
846 1842 996 1882 ordinem,
1021 1842 1189 1884 donumque

312 1899 522 1930 commun-ionis
547 1894 756 1935 exploraturus·
780 1915 787 1923 .
815 1892 904 1925 Videt
929 1894 1001 1925 verb
1027 1897 1060 1925 in
1090 1891 1190 1934 Basilii

314 1945 453 1979 manibus
473 1945 625 1988 puerulum
637 1944 721 1977 velut
733 1940 921 1974 membratim
931 1942 1027 1975 incidi
1037 1966 1044 1974 .
1071 1945 1117 1976 Et
1125 1943 1190 1976 cum

311 1995 463 2041 sumerent
487 2005 587 2028 omnes
613 2018 625 2034 ,
649 1998 739 2029 etiam
764 1989 826 2034 ipse
851 1991 954 2038 accefflt
968 2016 979 2032 ‚
1004 1993 1190 2034 datumque,

313 2047 396 2089 quod
417 2050 548 2079 veritate
567 2054 634 2079 caro
660 2043 726 2085 effer
739 2066 750 2081 ,
775 2046 904 2082 accepit.
935 2045 1017 2079 Tunc
1041 2047 1128 2078 venit
1148 2043 1192 2075 ad

315 2098 433 2132 calicem
444 2097 478 2128 (π
488 2092 582 2137 ipsum
590 2095 714 2135 plenum
722 2090 868 2134 sanguine
880 2103 888 2122 ;
908 2094 1012 2133 quue
1021 2097 1113 2124 etiam
1121 2099 1191 2133 par-

315 2150 461 2188 ticipavit
475 2167 486 2184 .
511 2148 589 2178 Cum
600 2145 672 2176 vero
683 2142 720 2174 de
730 2138 856 2182 utrisque
868 2139 892 2183 s
886 2141 1015 2183 ervaffet
1027 2141 1192 2182 Reliquias,

314 2198 436 2231 domum
448 2194 552 2227 abiens
566 2197 652 2226 uxori
662 2190 883 2232 “olfaciendum
894 2190 996 2224 verbis
1005 2190 1097 2231 fidem
1107 2190 1193 2231 osten·

316 2248 366 2283 dit
377 2271 388 2286 ,
414 2254 543 2278 narrans
559 2254 627 2285 quae
637 2247 771 2284 propriis
783 2238 845 2282 ipse
857 2241 944 2273 oculis
957 2240 1075 2283 vidiffet
1085 2263 1093 2272 .
1122 2244 1194 2275 Per-

314 2295 420 2341 suasus
432 2305 497 2338 ergo
508 2293 560 2336 effe
571 2293 677 2325 revera
690 2290 868 2323 horrendum
888 2291 923 2323 &⁸
944 2290 1080 2325 mirabile
1105 2290 1195 2323 chri-

315 2346 479 2390 stianorum
490 2346 510 2377 5
510 2350 711 2376 aeramentum
723 2365 733 2380 ,
755 2345 787 2372 in
797 2339 954 2380 crastinum
962 2341 1031 2373 ad1't
1041 2339 1195 2385 Bafilium,
1210 2375 1213 2387 Ι

316 2396 445 2441 supplex
459 2404 548 2430 orans
561 2417 571 2433 ‚
597 2389 697 2432 utfine
708 2401 791 2423 mora
803 2395 941 2432 acciperet
952 2388 1061 2430 christi
1067 2389 1196 2433 fignacu-
1210 2393 1213 2439 ᾗ

321 2448 382 2481 lum
395 2470 402 2478 .
430 2446 495 2487 ,Qui
505 2442 581 2477 nihil
593 2441 744 2477 cumffatus
754 2462 766 2478 ‚
786 2437 884 2483 solitis
899 2442 969 2472 verb
974 2443 1085 2483 gratiis
1098 2445 1123 2476 ei
1145 2439 1198 2472 ba-

321 2497 395 2530 bitis
407 2519 419 2537 ‚
445 2499 495 2537 qui
508 2495 573 2537 vult
584 2502 682 2525 omnes
688 2490 792 2534 salvos
798 2489 867 2531 fieri
877 2514 887 2530 ‚
913 2489 1077 2528 credentem
1088 2494 1120 2525 in
1141 2492 1199 2527 Do-

323 2551 437 2581 minum
447 2539 601 2578 cum'omni
611 2543 694 2575 domo
703 2539 762 2584 sua
773 2540 947 2580 baptizavit
959 2563 967 2575 ,

374 2595 466 2633 Idem
479 2593 611 2635 Author
622 2592 723 2627 etiarn
736 2590 803 2623 baec
815 2589 943 2623 scribit:
963 2588 1073 2631 Bafilio
1081 2591 1199 2624 elevan-

265 2650 272 2660 ⁰
325 2657 355 2681 te
365 2645 475 2679 sanc‘ia
487 2669 497 2685 ‚
525 2655 583 2677 non
593 2641 630 2682 est
639 2640 755 2683 fadum
775 2639 892 2684 signum
905 2663 916 2680 ,
940 2647 975 2672 ut
999 2645 1089 2672 moris
1109 2649 1174 2673 erat
1187 2663 1198 2680 ,

327 2707 361 2730 ut
373 2701 509 2729 nimirum
518 2693 649 2728 columba
660 2700 827 2726 moveretur
838 2714 845 2722 .
872 2688 939 2733 Ipso
952 2691 1022 2723 vero
1033 2700 1047 2724 c
1082 2695 1179 2724 itante
1190 2714 1201 2730 ‚

329 2747 473 2788 quidnam
484 2749 528 2778 rei
540 2744 603 2787 effer
615 2768 626 2784 ‚
653 2743 736 2776 vidit
750 2751 842 2777 unum
852 2740 889 2774 de
899 2701 1117 2789 ventilantffias
1130 2742 1200 2775 Dia-

331 2800 409 2830 conis
421 2795 599 2827 adnitentem
608 2793 744 2832 mulieri,
775 2789 931 2833 aspicienti
952 2791 989 2823 de
1014 2789 1203 2825 eatechume-

334 2849 391 2879 niis
405 2842 537 2886 deorsum
550 2866 560 2883 ,
586 2853 620 2875 ac
631 2843 789 2874 inclinanti
798 2840 833 2874 in
844 2852 910 2878 eum
923 2864 930 2872 .
958 2843 1058 2884 ‚Quem
1070 2845 1096 2873 is
1103 2840 1203 2883 gradu

333 2904 442 2930 motum
452 2892 535 2935 infra
547 2890 706 2932 Ecclcfinm
714 2889 835 2934 servari
853 2896 997 2932 pracepit
1012 2914 1018 2927 ‚
1043 2889 1201 2929 Eamdem

336 2944 497 2980 divinitus
523 2942 648 2984 accepti
681 2940 764 2984 figni
787 2940 925 2985 gratiam
948 2940 1057 2975 laudat
1082 2940 1117 2974 in
1137 2941 1202 2974 vita
1223 2975 1233 2981 „

337 2995 446 3033 Sausti
467 2991 644 3037 Epiphanii
667 2990 808 3033 Ioannes
830 2988 1041 3024 Monachus:
1067 2989 1202 3033 Epipha-

338 3052 403 3078 nius
430 3044 583 3080 oblationis
609 3048 735 3082 tempore
760 3050 912 3087 nunquam
932 3039 1106 3082 perficiebat
1131 3040 1202 3077 obla·

337 3101 446 3128 tionem
470 3118 480 3134 ‚
507 3093 594 3126 donec
618 3091 733 3132 vidiffet
759 3089 895 3130 vifionem
916 3115 924 3122 .
951 3088 1206 3132 consueveratque

339 3146 444 3182 beatus
462 3142 597 3186 praefari
614 3140 707 3178 verba
732 3140 870 3182 quaedam
891 3163 903 3179 ,
929 3141 964 3173 (τ
984 3140 1086 3180 statim
1111 3146 1135 3173 ei
1162 3151 1206 3174 re-

342 3195 501 3227 velabatur
513 3186 530 3224 .”
548 3196 624 3224 Cum
643 3196 743 3231 itaque
754 3190 918 3232 aliquando
927 3198 972 3222 ter
982 3188 1205 3233 dixiffetsermo·

345 3255 432 3282 nem,
461 3244 541 3275 nulla
554 3240 619 3284 eise
629 3240 732 3274 obtulit
743 3238 829 3281 visto.
856 3239 984 3283 Nempe
1009 3241 1028 3273 ὲ
1053 3238 1206 3274 ventilan-

343 3292 431 3327 tibus
451 3291 611 3325 Diaconis
637 3300 721 3324 unus
747 3289 892 3332 proxima
917 3291 1012 3323 noste
1032 3290 1133 3323 fuerat
1153 3290 1207 3323 sua

342 3352 448 3378 uxore
472 3342 544 3374 usus
565 3365 576 3381 ,
603 3340 743 3384 ideoque
768 3339 902 3382 Spiritus
927 3340 1060 3373 Sanctus
1078 3338 1208 3374 nolebat

346 3391 418 3438 ipso
436 3392 587 3437 praesente
597 3389 834 3428 Eucharistiam
844 3389 1022 3429 consecrari
1034 3412 1048 3433 ‚
1071 3388 1105 3429 ὃς
1127 3389 1208 3427 istud

901 107 1535 153 DlsseRrAr1o

1258 188 1361 233 ipsum
1371 190 1568 233 figuificavit
1581 191 1770 236 Epiphanio
1781 205 1836 238 per
1845 194 1995 240 injectam
2010 197 2130 243 lepram

1258 241 1291 273 in
1304 239 1448 274 Diaconi
1460 241 1620 275 frontem.
1649 242 1694 276 Et
1706 242 1772 277 haec
1783 244 1830 278 est
1853 255 1921 281 una
1937 251 2104 284 causarum
2116 274 2129 290 ‚

1253 289 1301 323 ob
1314 300 1392 334 quas
1405 288 1608 333 Epiphanius
1618 293 1694 327 suos
1712 292 1886 330 Diaconos
1904 300 2066 342 compulit
2085 300 2126 334 ad

1257 338 1385 382 plenam
1397 350 1488 374 more
1499 340 1622 376 Latino
1641 343 1840 378 castitatem'.
1870 345 1915 379 Et
1935 344 1976 380 de
1998 348 2130 385 Abbate

1256 390 1382 434 Ioanne
1392 391 1427 425 in
1451 392 1647 427 consecratis
1663 391 1728 435 jam
1749 393 1973 431 oblationibus
1994 397 2130 435 Missam

1254 441 1440 476 celebrante
1450 441 1604 476 scribitin
1617 443 1774 486 spirituali
1794 444 1894 481 Prato
1914 447 2050 482 Saucius
2071 450 2131 484 So·

1255 489 1414 534 phronius
1439 493 1682 535 Hierosolymae
1708 493 1918 531 Patriarchaz
1945 500 2037 541 ,Quas
2062 508 2129 531 cum

1255 540 1501 584 Abbasyoannes
1515 544 1668 582 Presbyter
1675 543 1815 586 offerret,
1837 553 1892 588 qui
1905 547 2007 589 posted
2027 546 2130 591 Caesa·
2143 577 2170 606 C

1253 602 1327 624 raeae
1341 592 1496 633 Palesttnae
1505 591 1672 636 Episcopus
1685 593 1755 636 fuit
1767 620 1777 635 ,
1798 607 1856 628 non
1876 599 1978 639 vidit,
2003 607 2038 632 ut
2052 597 2129 641 soli-
2171 585 2215 619 ψ’
2232 584 2280 613 ²5⁰

1253 649 1302 674 tut
1317 652 1405 683 erat,
1431 642 1533 675 Sanlli
1553 646 1681 684 Spiritus
1707 645 1874 679 adventum
1896 670 1907 687 ,
1932 647 2128 692 contristatus-

1252 702 1309 733 que
1317 694 1411 726 valde
1422 718 1433 734 ‚
1457 694 1491 726 (ν
1500 698 1632 736 cogitans
1646 706 1682 729 ne
1692 697 1769 737 quid
1767 695 1852 737 forte
1857 698 1998 740 peccaffet
2008 703 2041 731 in
2048 709 2127 732 men-

1253 751 1284 775 te
1294 767 1305 783 ,
1316 752 1406 786 atque
1414 745 1488 777 adeo
1493 742 1519 786 s
1513 755 1528 777 e
1537 747 1669 785 spiritus
1680 745 1807 779 sanetus
1818 748 1969 790 avertisset
1978 771 1990 788 ,
2014 746 2127 792 ingres-

1249 791 1303 836 sus
1315 792 1354 833 est
1365 796 1531 827 Sacrarium
1538 794 1664 836 plorans
1679 819 1685 826 .
1713 795 1758 829 Et
1770 808 1927 840 apparens
1933 798 1963 831 ei
1975 796 2126 842 Angelus

1252 842 1338 877 dixit
1362 843 1445 888 ipsas
1469 844 1534 887 jam
1560 846 1623 878 esse
1649 846 1867 880 consecratas.
1895 847 2022 883 Ciliciae
2046 848 2127 883 villa

1254 892 1382 937 AEgina
1393 893 1563 939 regebatur
1573 894 1592 935 a
1603 892 1779 929 Mardardo
1788 895 2002 940 Presbytero,
2025 909 2125 942 quern

1252 943 1300 976 sui
1318 942 1478 988 Pagenses
1489 944 1574 988 apud
1586 944 1785 990 Episcopum
1797 948 1987 983 accusarunt
1996 973 2007 989 ‚
2035 946 2126 992 quod

1253 994 1444 1027 Dominicis
1454 993 1569 1030 diebus
1578 993 1778 1039 quandoque
1789 995 1870 1032 hora
1881 1008 1969 1031 nona
1990 998 2125 1032 Missam

1252 1041 1424 1079 celebraret
1435 1044 1550 1077 contra
1562 1042 1732 1078 CanoneS.
1758 1045 1856 1080 Istam
1877 1048 1967 1082 enim
1991 1048 2124 1083 Missam

1255 1092 1465 1137 Apostolicus
1478 1093 1596 1129 Canon
1609 1093 1759 1129 celebrari
1772 1095 1906 1131 mandat
1916 1095 1996 1132 hora
2011 1099 2124 1133 tertia-

1254 1143 1297 1178 Et
1310 1143 1482 1187 Presbyter
1492 1144 1523 1177 se
1543 1145 1718 1188 purgavit:
1744 1148 1801 1179 Die
1827 1148 1978 1180 Dominico
1994 1147 2059 1190 post
2077 1158 2127 1181 no-

1253 1193 1368 1227 c‘lurnos
1381 1193 1499 1233 hymnos
1507 1195 1600 1236 prop?
1606 1192 1744 1237 sandlum
1754 1196 1852 1230 altare
1859 1195 1947 1239 sedeo
1958 1223 1968 1238 ,
1978 1195 2126 1240 &quous-
2143 1188 2215 1228 0²?-
2234 1197 2279 1222 ²⁷·

1253 1255 1310 1286 que
1322 1245 1410 1277 video
1430 1246 1576 1285 Spiritum
1598 1243 1739 1278 sancium
1764 1247 1860 1279 altare
1885 1246 2127 1286 obumbrantem,

1254 1293 1343 1326 sac‘la
1357 1293 1508 1337 Miffarum
1524 1293 1667 1337 solemma
1686 1305 1744 1327 non
1768 1300 1894 1338 incipio.
1919 1301 1998 1331 Cum
2023 1305 2125 1330 autem

1253 1345 1396 1384 Spirt'tum
1408 1342 1546 1377 SanHum
1556 1344 1705 1386 advenffe
1727 1343 1889 1387 conspicio,
1914 1347 1985 1380 t'unc
2009 1357 2057 1390 ego
2077 1344 2127 1388 sa-

1253 1404 1303 1426 cra
1313 1394 1419 1435 officia
1431 1391 1612 1435 consummo.
1638 1391 1695 1428 Ut
1715 1393 1913 1429 Rumellinae
1934 1395 2033 1439 prope
2057 1395 2127 1429 Ro·

1253 1453 1339 1477 mam
1364 1443 1504 1478 civitatis
1531 1443 1695 1486 Episcopo
1720 1443 1945 1480 Dominicalis
1979 1444 2127 1480 sacrificii

1252 1494 1337 1530 vices
1347 1492 1505 1534 deferret,
1531 1492 1702 1537 Agapetus
1711 1492 1867 1528 Pontifex
1877 1496 1942 1529 fuit
1963 1495 2062 1539 jussus
2083 1494 2126 1529 ab

1254 1542 1386 1588 Angelo
1398 1567 1406 1576 .
1433 1543 1478 1578 Et
1502 1543 1609 1587 pergit
1635 1543 1772 1577 Sanctus
1798 1543 2019 1588 sophronius:
2047 1548 2126 1579 Cum

1253 1591 1416 1636 Episcopus
1427 1592 1586 1636 compleffet
1595 1597 1754 1627 orationem
1764 1593 1918 1628 oblationis
1930 1619 1942 1636 ,
1961 1603 2124 1638 antequam
2141 1601 2180 1632 c.
2205 1608 2270 1636 150·

1251 1644 1431 1678 concluderet
1441 1642 1539 1686 ipsam
1553 1666 1564 1683 ‚
1587 1647 1679 1685 coepit
1689 1641 1813 1682 secundo
1825 1669 1837 1684 ‚
1863 1656 1899 1679 ac
1906 1646 2046 1688 deinceps
2065 1653 2126 1679 ter·

1251 1695 1293 1727 tio
1306 1717 1317 1734 ‚
1344 1694 1378 1727 (9·
1391 1695 1498 1735 quarte)
1510 1694 1605 1726 dicere
1617 1691 1713 1736 ipsam
1719 1692 1833 1737 sanc‘Jae
1845 1694 2003 1728 oblationis
2020 1699 2126 1728 oratio·

1253 1755 1319 1777 nem
1332 1767 1339 1775 .
1366 1742 1493 1776 CunHis
1506 1745 1577 1777 vero
1590 1753 1657 1776 eam
1666 1754 1779 1777 moram
1802 1743 1912 1782 moleste
1930 1743 2104 1786 ferentibus
2112 1767 2125 1785 ,

1252 1795 1362 1828 diciret
1375 1792 1536 1834 Pontifex:
1561 1793 1656 1836 ,Quid
1673 1792 1724 1835 boc
1745 1792 1783 1833 est
1794 1817 1806 1834 ‚
1831 1795 1914 1836 quod
1927 1796 1999 1836 jam
2019 1803 2126 1837 quarto

1252 1843 1329 1876 banc·
1352 1848 1510 1876 orationem
1535 1841 1658 1884 dixisti,
1682 1854 1734 1877 nec
1758 1854 1825 1876 eam
1848 1845 2019 1878 concludis?
2044 1846 2128 1879 Tum

1253 1892 1404 1937 respondit
1414 1891 1574 1936 Episcopus
1586 1916 1598 1933 ‚
1625 1891 1740 1936 Ignosce
1764 1891 1838 1925 mibt'
1846 1916 1859 1933 ,
1878 1894 1987 1928 sanae
2013 1896 2103 1936 Papa
2113 1915 2128 1935 ,

1254 1949 1326 1986 quia
1335 1951 1392 1977 non
1403 1944 1471 1977 vidi
1487 1967 1498 1983 ,
1517 1945 1616 1984 juxta
1627 1940 1864 1985 consuetudinem
1875 1967 1888 1983 ,
1908 1941 2010 1986 san&
2034 1945 2055 1978 5
2049 1950 2130 1986 piri-

1254 2003 1304 2028 tus
1313 1991 1480 2038 descensum
1492 2017 1502 2034 ,
1514 1994 1621 2027 idcirco
1633 2004 1689 2025 non
1695 1997 1857 2026 terminavi
1868 1998 2026 2027 orationem
2034 2017 2041 2025 .
2068 1995 2131 2028 sed

1257 2047 1421 2077 Diaconum
1434 2043 1517 2079 illum
1529 2066 1540 2083 ,
1565 2048 1618 2085 que·
1626 2042 1778 2084 flabellum
1789 2051 1872 2076 tenet
1883 2067 1895 2083 ,
1920 2043 1960 2076 ab
1971 2043 2063 2077 altari
2082 2055 2131 2078 re-

1255 2104 1361 2127 move:
1386 2095 1454 2136 Ego
1465 2097 1544 2125 enim
1555 2092 1601 2125 illi
1611 2093 1707 2126 dicere
1717 2102 1774 2124 non
1795 2093 1905 2127 audeo.
1932 2090 2046 2126 Etiam
2071 2104 2130 2128 co·

1256 2154 1324 2177 ram
1339 2142 1401 2176 isto
1413 2141 1570 2176 Diacono
1578 2141 1714 2186 Spiritus
1726 2142 1858 2178 Sanetus
1868 2141 2002 2176 nolebat
2020 2145 2131 2179 conse-

1256 2192 1339 2226 crari
1368 2190 1605 2227 Eucharistiam
1619 2215 1627 2223 .
1653 2190 1786 2225 Etenim
1808 2191 1879 2235 ipso
1899 2202 2036 2232 amoto,
2059 2204 2131 2228 non

1257 2242 1361 2276 solum
1373 2241 1553 2286 Episcopus
1563 2265 1574 2282 ,
1601 2240 1655 2274 sed
1667 2241 1766 2274 etiam
1779 2240 1865 2284 Papa
1883 2245 2019 2275 continuo
2045 2244 2131 2277 vidit

1251 2291 1350 2336 sanai
1360 2293 1490 2332 spiritus
1513 2291 1697 2324 adventum.
1725 2289 1822 2323 Plura
1843 2291 1918 2325 sunt
1938 2290 2132 2328 authentica

1259 2339 1617 2383 istiusmodiexempla.
1645 2339 1688 2373 Et
1699 2337 1762 2372 alte
1780 2339 1926 2373 clamant
1947 2340 2135 2376 ministran-

1258 2399 1325 2425 tem
1340 2391 1528 2425 Diaconum
1541 2389 1657 2424 debere
1667 2389 1731 2423 effe
1743 2389 1906 2434 integrum
1921 2411 1932 2428 ,
1954 2390 2010 2425 seu
2027 2390 2062 2424 in
2072 2391 2134 2426 sta-

1259 2452 1294 2475 tu
1305 2440 1414 2487 gratiae
1424 2463 1434 2479 ‚
1460 2440 1493 2473 &
1507 2439 1602 2473 claffe
1613 2439 1849 2473 Perfestorum.
1877 2437 1984 2473 Porro
2005 2439 2107 2476 finem
2118 2463 2132 2482 ,

1260 2501 1318 2525 cur
1329 2489 1466 2534 Spiritus
1475 2489 1582 2523 Sancti
1597 2489 1756 2524 adventus
1777 2488 1814 2522 fit
1836 2489 1870 2523 in
1897 2489 2057 2525 sacrificio
2076 2502 2133 2525 ne-

1259 2539 1430 2580 ceffarius,
1456 2539 1592 2582 exponit
1605 2538 1671 2575 haec
1682 2539 1850 2583 Liturgica
1873 2537 1978 2573 Sancti
1996 2541 2133 2584 Ioannis

1261 2589 1488 2633 Chrysostomi
1501 2590 1608 2623 oratio
1621 2603 1632 2622 1
1659 2592 1785 2627 Dimitte
1794 2591 1940 2631 Spiritum
1949 2590 2088 2623 5anclum
2097 2595 2132 2622 in

1262 2653 1313 2674 nos
1323 2665 1334 2680 ‚
1360 2641 1395 2674 (θ’
1406 2645 1438 2672 in
1449 2639 1513 2674 haec
1525 2640 1603 2671 dona
1612 2638 1758 2681 proposita
1776 2662 1787 2678 ,
1809 2647 1930 2671 mutans
1941 2640 2054 2680 spiritu
2081 2647 2132 2672 tuo

1256 2690 1358 2734 sanllo
1370 2715 1377 2723 .
1405 2689 1609 2725 Necessarius
1620 2690 1699 2733 ergo
1709 2687 1825 2726 eratad
1831 2695 1941 2722 ventus
1950 2688 1992 2722 ad
2006 2687 2134 2724 Eucha-

1261 2740 1367 2779 ristica
1378 2739 1539 2775 elementa
1550 2737 1862 2774 transubstantianda
1876 2762 1884 2769 .
1913 2739 1956 2772 Et
1968 2736 2047 2773 hinc
2055 2750 2133 2772 con-

1264 2790 1448 2825 secrationis
1459 2787 1574 2824 horam
1597 2788 1684 2824 idem
1704 2788 1837 2822 sanstus
1860 2788 2002 2831 Joannes
2021 2788 2133 2832 paffim

1261 2850 1355 2875 vocat
1365 2839 1465 2873 horam
1475 2839 1657 2876 tremendam
1670 2862 1677 2872 .
1705 2837 1809 2885 Qod
1823 2838 1926 2880 ipsum
1938 2838 1973 2871 in
1985 2838 2135 2872 oratione

1262 2892 1302 2926 de
1314 2892 1396 2924 sacra
1411 2889 1535 2933 Synaxi
1547 2889 1669 2922 faciunt
1679 2888 1810 2924 Sanctus
1821 2886 2009 2920 Anastafius
2030 2888 2135 2922 Sinai-

1308 2964 1319 2980 ,
1345 2926 1448 2976 &Qlii
1461 2938 1571 2983 paffim
1597 2937 1702 2972 Graeci
1714 2962 1722 2969 .
1748 2937 1852 2984 Qiod
1879 2936 1996 2980 nempe
2018 2937 2052 2970 in
2075 2936 2137 2972 ista.

1265 2989 1343 3025 hora
1355 3000 1523 3035 peragatur
1534 2986 1737 3022 tremendum
1758 2998 1796 3024 ac
1819 2985 1962 3026 terribile
1986 2988 2138 3023 transele-

1268 3041 1480 3078 mentationis
1492 3038 1681 3088 mysterium
1694 3059 1704 3073 =

2024 3437 2103 3471 San-
