2352 3756
77 1896 155 1934 Cap.
170 1905 219 1932 ²7·

69 3181 121 3213 Lib
140 3187 166 3214 8.

70 3230 134 3262 cap-
145 3235 189 3256 ιο.
233 3216 266 3259 J
270 3223 394 3246 oannem
414 3212 458 3244 ad
467 3208 618 3251 Ecclefiam
629 3234 641 3252 ,
667 3212 701 3245 (a
710 3212 907 3253 compulerunt
925 3212 1009 3244 illum
1013 3220 1108 3254 popu-

652 153 940 184 strumum
976 138 1285 183 Romanum
1320 135 1704 187 Consortium.
1917 157 2007 202 251

260 226 311 263 ibi
327 238 394 261 non
409 227 454 262 est
469 224 614 271 optantis
627 222 807 267 emphasis,
818 221 1004 267 significans
1016 247 1027 262 ,
1055 226 1147 261 Fiat,
1206 220 1225 254 a
1246 219 1415 255 fundenda
1439 220 1474 253 in
1495 221 1649 263 populum
1662 223 1889 263 benedistione
1907 228 2078 263 dumtaxat

260 276 322 312 sed
333 278 378 312 est
392 277 553 313 credentis
573 275 725 316 assertio,
751 285 789 307 ac
809 272 992 318 significat,
1016 276 1143 306 Verum.
1208 270 1392 314 suspendit.
1422 270 1562 313 Ioannes
1572 281 1639 304 erat
1651 272 1745 314 plene
1755 278 1968 319 degradatus,
1988 279 2079 313 ideo·

259 329 367 364 lta&
387 340 449 363 nos
470 325 570 362 hodie
592 324 671 359 dum
694 322 932 358 Eucharistiam
943 322 1146 366 accipimus,
1206 331 1269 364 que
1288 331 1407 356 exutus
1429 320 1654 364 utroquejure.
1675 321 1766 356 Hinc
1779 325 1880 365 ipsum
1893 329 2076 372 populus&

259 378 430 414 Sacerdoti
440 376 716 417 dicenti,Corpus
729 373 842 413 Christi
855 396 866 412 ,
891 371 1145 416 respondemus,
1208 372 1242 405 in
1265 370 1432 406 Cathedra
1453 370 1558 406 sedere
1580 371 1684 405 voluit
1698 395 1708 410 ‚
1734 373 1768 405 ὅτ.
1790 374 1830 406 ab
1850 377 1919 417 ipso
1948 377 2077 413 sedente

247 433 358 464 'Amen
372 455 380 462 .
409 429 452 463 Et
473 425 559 471 apud
581 426 714 460 Graecos
725 422 808 457 idem
822 422 1023 465 Mysterium
1035 422 1146 456 conse·
1207 420 1397 455 solemniter
1417 421 1586 455 benedici.
1614 421 1906 458 Itadetnonstravit
1922 426 2075 471 iniquum

261 480 368 514 cranei
380 478 544 514 Sacerdoti
559 501 570 518 ,
582 488 620 510 ac
629 473 753 509 dicenti
765 497 777 514 ‚
790 474 850 507 Hoc
861 471 898 513 est
912 480 1015 514 corpus
1026 483 1121 505 meum
1134 495 1146 512 ,
1207 469 1394 515 Theophili
1403 471 1563 515 judicium
1579 471 1597 505 a
1607 472 1638 506 se
1648 472 1819 506 contemni
1833 483 1986 517 tanquam
1997 489 2076 511 con·

260 530 374 563 omnis
400 528 541 572 populus
567 524 739 569 respondet
762 547 773 562 ‚
801 528 893 555 Amen
914 547 921 554 .
951 523 1145 557 Etiamnum
1207 521 1572 562 vicium,&exsufflari
1588 546 1596 553 .
1624 522 1741 556 Esdem
1753 522 1919 566 principio
1930 523 2075 560 nituntur

261 577 383 612 hodie.
412 577 546 612 Etenim
566 573 770 610 Schismatici
792 597 803 613 ,
830 572 887 616 qui
910 572 1048 616 Spiritus
1068 572 1145 605 San·
1206 583 1277 613 quae
1307 571 1416 606 scribit
1442 572 1476 606 in
1503 571 1589 606 libro
1621 572 1662 605 de
1692 573 1788 606 sacris
1815 573 2076 609 otdinationibus

259 630 303 662 «sti
318 627 542 662 advocatorias
553 636 659 670 preces
673 622 863 658 Dominicis
876 621 981 656 verbis
997 622 1031 655 in
1045 621 1144 655 Missa
1206 621 1338 656 Simeon
1352 620 1626 666 Archiepiscopus
1648 621 1945 657 Thessalonicensis
1957 637 1968 657 :
1994 626 2076 658 Hanc

260 678 511 722 postposuerunt
532 701 542 718 ,
570 675 656 709 istud
680 678 771 706 Amen
793 672 994 716 reliquerunt
1014 672 1073 704 suo
1098 671 1142 704 lc>
1204 673 1352 705 Divinam
1364 680 1470 714 pacem
1490 696 1503 714 ‚
1527 677 1579 715 qui
1599 670 1700 714 zelosae
1720 670 1794 715 sunt
1818 672 1891 714 fidei
1907 697 1919 714 ,
1944 674 1979 708 θ’
2004 676 2077 708 vere

261 739 305 762 co
328 752 340 768 ‚
364 738 463 771 atque
484 728 527 760 ita
551 725 656 769 palam
681 723 809 768 profesti
836 723 909 756 sun-t
933 719 1143 755 Eucharistiae
1204 720 1389 763 Christiani,
1413 723 1517 755 audire
1537 720 1701 761 desiderant
1720 721 1759 755 ab
1776 722 1939 766 Episcopo.
1966 727 2013 757 Et
2022 730 2076 767 que

259 779 543 812 consecrationem
557 775 681 818 perista
693 771 790 806 verba
812 772 936 814 semper
944 770 1037 804 fuisse
1051 781 1142 805 com·
1197 769 1295 814 sciunt
1318 795 1330 812 ,
1355 784 1425 815 quae
1437 771 1478 814 fit
1494 770 1639 815 salutatio
1662 773 1717 805 illa
1736 778 1843 814 pacis,
1868 783 1955 807 orant
1970 772 2073 816 sacros

260 828 385 869 pletum
408 850 415 857 .
442 824 567 858 Verum
603 824 636 856 &
663 821 866 865 prophetiam
895 820 1044 854 evacuati
1071 845 1083 862 ,
1106 821 1140 855 δε
1203 820 1363 865 Epifiopos
1377 846 1386 862 ,
1411 823 1557 864 quamdiu
1575 827 1712 863 vivunt,
1732 821 1836 866 [edm
1845 828 1877 856 in
1888 822 2013 863 throno,
2038 825 2074 858 δ’

260 875 393 920 linguas
403 875 542 914 cessare,
563 864 683 906 &⁰cum
694 871 765 905 aliis
776 868 1033 905 Charismatibus
1043 870 1142 905 scien·
1198 878 1303 912 pacem
1326 871 1393 914 ipfis
1410 874 1509 906 dicere
1528 874 1563 906 Θ
1579 879 1697 914 preca-i
1719 897 1730 914 ,
1754 882 1789 906 ut
1809 871 1956 916 scriptum
1977 873 2017 914 est
2041 879 2075 906 in

260 927 342 959 tiam
375 924 492 959 auferri
515 922 663 966 oportuit
688 922 747 955 suo
773 929 920 964 tempore
941 944 953 960 ,
980 930 1076 962 atque
1095 920 1140 955 ita
1201 925 1271 954 vita
1283 924 1387 965 Magni
1400 925 1480 956 Petri
1496 923 1693 957 Alexandrini
1707 946 1719 963 ,
1743 928 1795 965 qui
1801 922 1884 967 saepe*
1895 925 2073 957 verecunda·

259 977 363 1010 etiam
385 973 623 1010 Sacerdotalem
645 970 906 1005 benediffionem
929 971 992 1004 suae
1009 971 1139 1005 virtutis
1201 969 1291 1003 batur
1299 970 1477 1013 hocfacere,
1503 984 1642 1006 reverens
1659 980 1806 1007 virtutem
1826 973 1984 1016 quaeestin
1995 972 2073 1007 thro·

259 1024 496 1059 infallibilitate
508 1023 650 1057 viduari.
678 1021 846 1055 Remanfit
857 1020 922 1064 ipsa
933 1044 943 1060 ‚
965 1021 1000 1055 &
1011 1021 1051 1055 ad
1067 1032 1138 1055 eam
1202 1032 1239 1053 no
1248 1020 1419 1063 Episcopali
1430 1046 1441 1062 ‚
1466 1034 1555 1064 quam
1564 1021 1675 1066 saepii'ts
1688 1024 1772 1056 corde
1777 1031 1854 1065 puro
1863 1021 2070 1066 conspiciebat.

259 1075 443 1108 etiamnum
466 1072 565 1108 hodie
585 1071 838 1115 respondemus,
865 1075 975 1104 Amen.
1007 1071 1053 1104 At
1074 1070 1139 1104 boc
1203 1070 1267 1112 Post
1288 1081 1409 1104 mortem
1419 1077 1510 1105 etiam
1521 1085 1626 1116 magno
1646 1085 1710 1106 cum
1721 1073 1857 1115 defiderio
1863 1081 2014 1115 petierunt
2025 1079 2074 1106 vi-

258 1136 330 1158 non
342 1124 388 1159 est
399 1124 539 1168 amplius
547 1122 638 1156 firma
648 1122 809 1156 credentis
820 1120 947 1154 assertio
961 1120 1034 1159 ,sed
1045 1120 1136 1154 dum·
1200 1122 1269 1154 dere
1289 1120 1422 1161 Pastor-es
1436 1121 1505 1163 suos
1527 1131 1655 1155 mortuos
1676 1129 1709 1155 in
1731 1122 1835 1156 throno
1850 1121 2046 1166 fitosedentes
2059 1147 2072 1162 ,

259 1185 351 1209 taxat
375 1175 465 1219 pium
490 1172 634 1218 optantis
655 1183 693 1205 ac
714 1170 869 1214 sperantis
895 1180 1009 1203 votum
1032 1194 1040 1202 .
1067 1169 1137 1213 Ipsa

258 1224 391 1259 interim
404 1223 513 1259 adhuc
527 1221 656 1257 robusta
677 1220 722 1254 est
735 1230 831 1262 atque
842 1220 957 1254 efficax
967 1244 975 1251 .
1002 1220 1136 1253 Etenim

255 1274 300 1309 ‹ie
311 1286 347 1308 ea
373 1273 481 1308 scribit
503 1274 537 1307 in
550 1271 731 1306 Canonicis
742 1271 781 1304 ad
796 1271 951 1304 Sanctum
963 1268 1136 1311 Amphilo-
1198 1270 1282 1302 dem.
1314 1274 1359 1303 Et
1379 1276 1414 1304 in
1433 1271 1505 1304 urbe
1524 1275 1619 1315 Regia
1640 1277 1673 1305 in
1685 1274 1778 1305 Putre
1788 1273 1895 1306 SanHo
1914 1271 2021 1316 Chryso
2044 1284 2072 1305 o-

257 1322 372 1359 chium
400 1325 515 1358 litteris
541 1323 686 1366 Magnus
714 1320 849 1353 Bafilius
871 1331 879 1351 ι
907 1319 1078 1352 Βεηεᾱῐδίὶο
1101 1320 1136 1358 est
1199 1331 1265 1359 mo,
1289 1331 1375 1362 quem
1394 1322 1478 1364 longo
1496 1321 1558 1363 post
1578 1330 1703 1356 mortem
1723 1329 1852 1364 tempore
1862 1327 1894 1355 in
1904 1321 2009 1356 throno
2016 1321 2072 1365 suo

253 1372 499 1417 [nullificationis
522 1376 745 1405 communicatio
758 1394 765 1401 .
792 1369 886 1403 Hinc
905 1369 1106 1403 sancitillam
1119 1369 1135 1402 ὲ
1198 1370 1394 1410 collocarunt,
1419 1377 1518 1413 cuique
1528 1380 1597 1404 tunc
1610 1396 1621 1413 ‚
1649 1381 1683 1405 ut
1693 1373 1818 1414 dicunt,
1840 1376 1960 1406 Divina
1965 1379 2071 1416 gratia

257 1424 427 1458 maculoso
442 1422 637 1464 Presbytero
648 1432 717 1454 non
730 1421 817 1463 posse
829 1420 997 1460 attentari.
1028 1419 1134 1452 Etiam
1198 1425 1310 1461 aperuit
1321 1420 1405 1453 labia
1417 1444 1428 1460 ,
1453 1422 1488 1454 ό·
1499 1422 1594 1460 illud,
1621 1424 1692 1455 Pax
1705 1422 1791 1455 vobis
1802 1446 1814 1463 ,
1836 1428 2068 1466 pronunciavit.

257 1483 431 1517 peccantes
451 1472 568 1506 Laicos
588 1470 629 1505 ab
649 1470 836 1512 accipienda
846 1468 1030 1502 Sacerdotis
1042 1468 1138 1502 bene·
1198 1469 1304 1503 Sansti
1327 1469 1479 1514 Episcopi
1504 1472 1552 1506 sui
1573 1471 1730 1514 Ioannis,
1757 1472 1834 1507 licet
1857 1473 1924 1516 jam
1947 1472 2073 1516 pridem

256 1522 403 1556 dimone
429 1522 518 1555 idem
549 1520 687 1554 Basilius
717 1519 879 1562 suspendit
901 1543 908 1551 .
936 1519 980 1552 Et
1013 1518 1092 1551 hinc
1117 1519 1134 1552 ὲ
1197 1518 1341 1553 defundi
1364 1544 1374 1559 ‚
1400 1520 1669 1565 degradationem
1693 1521 1787 1555 fuisse
1807 1522 1848 1556 ab
1870 1522 2074 1557 Innocentio

256 1571 403 1606 Nicolao
415 1568 748 1613 MysticoPatriarcha
760 1568 1134 1611 Constantinopolitano
1197 1569 1284 1612 Papa
1308 1569 1457 1614 legitime
1475 1571 1679 1605 exsufflatam
1701 1571 1845 1614 profiteri
1867 1572 1984 1607 iterum
2007 1572 2074 1607 hoc

255 1620 363 1665 plures
373 1621 454 1655 olim
467 1618 847 1660 Monachiquaesierunt.
870 1619 964 1661 ,Quod
971 1619 1048 1652 dicit
1061 1621 1132 1651 san·
1197 1619 1298 1653 modo
1309 1620 1416 1654 voluit
1439 1619 1830 1665 Constantinopolitanus
1850 1622 2012 1665 populus,
2039 1624 2074 1659 δε

254 1670 326 1712 ἑῗιιιγ
347 1670 475 1713 Bafflius
496 1676 530 1704 in
546 1674 659 1712 parvis
685 1673 805 1711 poenis,
832 1668 877 1700 sit
899 1670 920 1699 ὰ
939 1667 1135 1701 ὸεηεᾰεέῖιοηε
1197 1668 1322 1702 Divina
1343 1668 1530 1704 Clementia
1562 1670 1625 1705 isto
1651 1671 1810 1706 miraculo
1845 1671 2051 1708 confirmavit
2066 1698 2075 1706 .

256 1723 373 1755 alienus
381 1730 438 1763 pro
447 1718 547 1763 lapsus
559 1724 746 1762 proportione
761 1742 771 1758 ,
798 1716 919 1760 quidest
931 1717 948 1748 ἓ
975 1717 1017 1750 Et
1030 1717 1134 1750 Nico·
1195 1718 1328 1751 Factum
1341 1715 1373 1750 id
1385 1719 1448 1752 fuit
1460 1742 1470 1759 ,
1494 1719 1573 1753 dum
1586 1720 1604 1752 a
1627 1720 1745 1754 Saudo
1756 1720 1942 1755 Patriarcha
1953 1722 2077 1757 Proclo

255 1771 328 1805 laus
340 1769 505 1814 respondit
520 1782 527 1802 :
554 1772 680 1803 Privari
692 1770 822 1810 aliquem
834 1766 1049 1807 haedillum,
1066 1764 1134 1809 quae
1197 1768 1363 1811 persuasus
1388 1767 1566 1811 Imperator
1585 1767 1800 1804 Theodosius
1821 1782 1991 1813 parentum
2004 1773 2078 1807 suo·

254 1822 391 1855 daturin
404 1819 543 1862 Ecclefia.
571 1818 615 1852 Et
637 1816 838 1852 Theodorus
860 1816 1032 1851 Balsamon
1045 1827 1135 1850 com·
1195 1828 1266 1851 rum
1291 1817 1325 1851 in
1349 1825 1479 1852 tantum
1505 1819 1611 1852 virum
1632 1819 1745 1853 delista
1767 1831 1910 1855 conatus
1929 1822 1975 1856 est
2003 1835 2076 1867 pur-

254 1881 419 1906 mentatur
446 1883 457 1903 .·
492 1867 717 1903 Benedreiiones
748 1865 951 1908 Ecclefiasticae
972 1865 1048 1909 sunt
1073 1877 1132 1899 om·
1193 1877 1269 1911 gare
1290 1877 1344 1911 per
1361 1868 1611 1912 poenitentiam,
1637 1869 1672 1903 &
1695 1871 1837 1905 sanctum
1850 1870 1987 1906 cadaver
2002 1874 2074 1918 glo-
2107 1911 2111 1915 ,

253 1926 328 1961 nia,
354 1931 420 1962 quae
438 1919 516 1962 fiunt
526 1920 579 1952 vel
593 1919 704 1951 dantur
714 1917 753 1951 ab
766 1914 922 1958 Episcopis
934 1918 984 1950 vel
998 1917 1132 1949 Sacerdo-
1195 1916 1278 1951 riose
1298 1917 1428 1952 reduxit
1451 1918 1485 1951 in
1519 1919 1660 1963 Regiam
1685 1919 1853 1955 civitatem
1869 1947 1876 1954 .
1903 1921 1981 1957 Alia
2007 1925 2073 1958 fuit

251 1971 333 2004 tibur
356 1977 389 2004 in
412 1968 545 2010 Ecclestis
569 1970 614 2002 ad
632 1975 736 2009 preces
758 1966 1032 2007 &stabilimentum
1045 1966 1133 1999 Chri·
1192 1968 1285 2002 causa
1298 1967 1406 2001 Sansti
1420 1967 1506 2002 Petri
1517 1967 1712 2004 Patriarchae
1724 1970 1964 2006 Alexandrini.
1991 1974 2072 2008 Glo-

244 2017 584 2065 flianipopuli.Qod
594 2017 693 2053 etiam
704 2018 838 2051 Sanetus
850 2016 908 2050 lvo
923 2015 1153 2054 CarnutensisJ
1193 2019 1313 2051 riosum
1338 2018 1395 2052 ille
1417 2017 1475 2052 sub
1501 2019 1718 2054 Diocletiano
1745 2020 1898 2065 Principe
1922 2026 2073 2058 consum-

250 2070 434 2113 Episcopus
452 2069 610 2111 quosdam
633 2067 827 2100 criminosos
848 2067 866 2098 a
885 2066 938 2098 sua
955 2066 1128 2109 Episcopa-
1193 2068 1293 2101 mavit
1306 2068 1524 2110 Martyrium:
1552 2069 1742 2113 Antequam
1769 2071 1975 2115 sepeliretur,
2003 2075 2071 2118 ejus

247 2119 275 2153 ii
299 2118 526 2153 benedictione
547 2116 746 2160 suspenderit
765 2138 776 2155 ,
802 2125 899 2158 atque
926 2115 970 2148 ita
991 2114 1127 2159 gradum
1193 2116 1386 2160 postremam
1399 2117 1659 2154 benedictionem
1673 2120 1833 2165 flagitavit
1846 2124 2010 2166 populus,
2031 2137 2069 2162 ac

250 2169 364 2203 fecerit
389 2166 430 2202 ad
454 2167 541 2211 ipsos
566 2164 905 2200 excommunicandos
924 2189 936 2205 ‚
962 2163 1052 2207 supra
1080 2165 1125 2199 est
1191 2165 1395 2208 impetravit.

249 2218 528 2253 demonstratis-m.
557 2216 669 2250 Etiam
690 2227 731 2248 ex
752 2215 885 2248 Nicolai
900 2213 994 2258 primi
1008 2215 1125 2248 litteris
1239 2215 1397 2250 Notanda
1410 2217 1483 2249 sunt
1494 2215 1629 2262 grandia
1641 2219 1813 2258 encomia,
1839 2232 1911 2265 quat
1934 2222 2066 2266 Episco-

248 2267 371 2302 adduxi
396 2265 465 2300 haec
490 2266 531 2299 ad
560 2264 756 2299 Lotharium
776 2264 976 2298 Francorum
999 2264 1124 2309 Regem
1188 2266 1253 2309 pali
1265 2265 1483 2300 benedietioni
1506 2267 1655 2302 adscribit
1678 2279 1873 2305 memoratus
1890 2271 2065 2309 Thessalo-

249 2318 348 2352 verba
373 2329 381 2349 ε
409 2321 447 2350 Ue
482 2314 644 2357 Apostolicae
677 2326 731 2347 vos
765 2314 973 2347 benedic‘Jionis
1007 2326 1124 2348 munere
1187 2316 1365 2350 nicensium
1394 2316 1593 2360 Episcopus.
1621 2317 1704 2352 Eam
1726 2320 1863 2355 affirmat
1883 2323 1945 2356 effe
1967 2325 2066 2359 Divi-

249 2369 349 2401 ditare
365 2367 519 2408 poffimus.
547 2364 743 2399 Lothariutn
770 2387 781 2403 ,
807 2364 864 2397 nisi
885 2362 1036 2414 obediat,
1065 2364 1124 2398 mi·
1189 2377 1263 2399 nam
1288 2377 1423 2409 pacem,
1448 2377 1547 2409 quarn
1570 2379 1686 2402 omnes
1710 2369 1784 2404 fidei
1808 2373 1919 2406 zelotae
1939 2374 1973 2408 δε
1996 2376 2061 2409 veri

250 2427 347 2451 natur
367 2416 451 2450 asua
475 2413 701 2449 benedistione
720 2413 926 2456 suspendere.
954 2413 998 2447 Et
1009 2424 1123 2448 notan·
1187 2414 1366 2450 Christiani
1390 2415 1583 2450 desiderant.
1612 2417 1644 2451 A
1666 2419 1786 2454 Sansto
1809 2421 1974 2466 Gregorio
1993 2424 2060 2460 Na-

250 2468 329 2501 dum
349 2465 394 2499 est
421 2464 572 2503 verbum,
596 2466 720 2498 Dieare.
750 2462 859 2498 Edicit
870 2462 979 2497 abhac
992 2462 1121 2498 benedi·
1185 2465 1639 2502 zianzenotitularidilestam
1657 2479 1790 2511 pacem,
1814 2483 1848 2505 re
1865 2474 1897 2506 ὅ(
1920 2474 2058 2510 nomine

250 2517 359 2550 &ione
380 2515 496 2549 donari
516 2514 691 2558 opulentos
713 2513 859 2548 effestus.
889 2514 931 2547 Et
943 2513 984 2547 de
995 2513 1121 2548 Britan·
1183 2515 1314 2549 dulcem
1328 2539 1338 2556 ,
1363 2527 1462 2560 quam
1484 2517 1551 2561 ipse
1568 2518 1602 2552 ὅ(
1624 2516 1700 2553 dare
1717 2519 1751 2553 δε
1770 2521 1915 2565 accipere
1934 2525 2057 2568 semper

249 2577 369 2600 notum
382 2563 573 2598 proceribus
592 2564 708 2607 scripsit
719 2563 760 2597 ad
771 2563 912 2606 ejusdem
922 2563 1030 2607 gentis
1041 2563 1118 2607 Epi·
1181 2564 1333 2599 dilexerit
1345 2591 1352 2598 .
1380 2566 1454 2600 Effe
1472 2567 1650 2602 dictionem
1673 2570 1820 2604 maxime
1838 2583 2007 2615 potentem
2021 2575 2057 2609 &

249 2617 363 2660 scopos
383 2615 523 2658 Ioannes
550 2613 696 2647 decimus
715 2613 851 2646 tertius:
878 2614 908 2645 Si
918 2612 1115 2647 inobedientes
1179 2615 1360 2653 efficacem,
1385 2616 1476 2659 cujus
1503 2617 1604 2650 virtus
1633 2617 1804 2663 ignoretur
1825 2621 1867 2655 ab
1888 2621 2055 2659 hodierno

242 2666 362 2708 fuerint
382 2664 485 2705 nostrae
496 2663 634 2706 Juffioni,
659 2661 712 2698 lint
734 2668 995 2700 excommunicati,
1023 2663 1116 2696 &no-
1179 2665 1320 2709 populo.
1349 2664 1426 2708 Ejus
1445 2665 1594 2700 effestum
1615 2668 1680 2701 esse
1700 2669 1844 2705 nostram
1867 2682 1944 2706 cum
1955 2673 2052 2708 Chri-

243 2715 308 2757 stra
325 2714 522 2749 benedt'c‘lione
543 2712 697 2755 apostolica
712 2716 852 2754 privati.
880 2710 1114 2748 Videturhanc
1177 2716 1226 2750 sto
1235 2713 1387 2749 Domino
1408 2716 1564 2750 unionem
1578 2740 1586 2748 .
1614 2716 1721 2752 Addit
1735 2719 1838 2754 etiam
1863 2721 1898 2756 in
1919 2722 2057 2768 Episco-

245 2766 464 2810 privationem
475 2762 822 2798 excommunicatione
841 2760 998 2804 majorem
1009 2764 1114 2797 cense-
1178 2766 1239 2810 pali
1260 2763 1383 2799 throno
1393 2767 1454 2801 esse
1465 2765 1624 2800 Divinam
1634 2778 1672 2802 ac
1683 2769 1865 2805 mirandam
1877 2772 2028 2808 virtutem
2041 2796 2054 2814 ,

244 2827 296 2850 re.
329 2815 428 2850 Plura
448 2815 522 2848 sunt
544 2812 726 2847 istiusmodi
743 2811 914 2855 exempla.
1180 2819 1280 2860 ipsam
1301 2814 1499 2860 quandoque
1516 2817 1609 2851 fuisse
1627 2819 1798 2854 revelatam
1821 2820 1937 2857 Sansto
1950 2823 2050 2858 Petro

295 2866 339 2900 Et
359 2863 438 2899 hinc
459 2863 610 2908 intellige
633 2872 778 2897 mentem
800 2860 943 2895 Hermiae
954 2861 1112 2898 zozome-
1177 2868 1304 2902 Alexan
1316 2865 1414 2899 drino
1438 2890 1449 2907 ‚
1487 2865 1627 2911 ideoque
1656 2867 1752 2903 illum
1779 2881 1842 2914 prae
1873 2875 2049 2907 reverentia

242 2914 302 2954 ni,
328 2914 492 2949 scribentis
508 2913 550 2948 de
575 2914 693 2948 Sancto
716 2912 841 2954 Joanne
852 2909 1089 2953 Chrysostomo
1100 2938 1112 2956 ,
1174 2919 1360 2960 frequenter
1371 2916 1513 2950 timuisse
1526 2917 1559 2950 in
1571 2928 1613 2951 eo
1625 2916 1733 2953 sedere
1744 2943 1752 2953 .
1780 2920 1824 2953 Et
1837 2919 2047 2966 prosequitur:

243 2962 533 3008 perTheophilum
546 2962 751 2997 Alexandriae
767 2959 987 2996 patriarcham
999 2962 1108 3007 inique
1174 2966 1315 3011 Episcopo
1330 2965 1451 3010 sedente
1470 2971 1503 2999 in
1524 2965 1628 3000 throno
1640 2991 1651 3007 ‚
1678 2974 1731 3011 qui
1752 2974 1780 3003 ei
1794 2969 1920 3014 subsunt
1932 2974 2048 3005 sacrati

241 3013 442 3057 degradato,
467 3012 580 3057 inique
599 3011 745 3057 relegato
765 3023 821 3055 pet
845 3011 1026 3046 Arcadium
1046 3013 1110 3048 lm·
1172 3021 1301 3053 &Laici
1315 3042 1325 3058 ,
1346 3016 1458 3058 stantes
1475 3015 1549 3058 fixis
1569 3019 1659 3051 oculis
1680 3024 1714 3052 in
1735 3030 1801 3053 eum
1822 3022 1947 3054 velutin
1958 3020 2047 3053 Chri-

1166 3070 1243 3110 stum
1253 3068 1318 3100 coelo
1328 3066 1495 3108 insidentem
1507 3072 1699 3102 intueantur.
1727 3068 1891 3113 Loquitur
1902 3082 1943 3104 ex
1966 3072 2044 3104 San-

1172 3122 1224 3155 &0
1247 3118 1394 3160 Martyre
1417 3117 1567 3161 ignatio.
1594 3118 1663 3164 Qi
1685 3118 1719 3151 in
1742 3120 1806 3152 suis
1826 3119 1971 3163 epistolis
1983 3122 2043 3155 fre-

1171 3178 1306 3214 quenter
1318 3165 1423 3201 scribit
1434 3166 1623 3201 insidentem
1635 3167 1691 3200 suo
1701 3166 1837 3209 throno,
1849 3181 1886 3204 ac
1899 3171 1957 3204 suo
1969 3169 2043 3205 Cle-

1172 3232 1207 3254 ro
1218 3220 1249 3253 &
1260 3218 1383 3261 populo
1397 3217 1430 3250 in
1443 3216 1578 3250 solemni
1591 3216 1738 3251 Ecclesiae
1750 3217 1948 3261 Apparitura
1967 3232 2042 3264 prae-

1171 3269 1326 3303 sidentem
1338 3266 1534 3310 Episcopum
1546 3268 1607 3301 esse
1616 3276 1732 3310 typum
1743 3277 1840 3312 atque
1861 3269 2041 3315 imaginem

1169 3317 1443 3354 ChristiDomini
1459 3339 1470 3356 ,
1495 3316 1600 3350 immo
1620 3317 1729 3351 &Dei
1742 3316 1861 3352 Patris.
1890 3319 1934 3353 Et
1945 3319 2041 3362 hujus

1169 3366 1401 3404 benedictionis
1414 3366 1552 3400 formula
1565 3366 1649 3410 apud
1662 3366 1790 3401 Graecos
1801 3367 1845 3401 est
1856 3383 1867 3402 :
1895 3372 1966 3404 Pax
1989 3381 2038 3403 vo·

1168 3419 1212 3453 bis
1226 3444 1237 3464 ,
1263 3418 1312 3454 vel
1325 3440 1337 3460 ,
1351 3419 1420 3452 Pax
1430 3417 1562 3451 omnibus
1575 3441 1582 3450 .
1610 3417 1653 3452 Et
1664 3416 1704 3452 ad
1716 3417 1805 3453 illam
1816 3417 1868 3462 pie
1878 3419 2037 3463 accipien-

1891 3468 1989 3507 dama

2094 611 2163 650 Cap.
2175 623 2202 648 9.

1199 1169 1249 1203 hoc
1268 1173 1353 1203 modo
1371 1174 1524 1204 credentes
1542 1170 1576 1213 se
1597 1175 1715 1205 Divina
1733 1181 1809 1214 pace
1824 1172 1910 1213 frui.
1932 1180 1994 1210 Hoc
2003 1175 2070 1216 erg&

1199 1221 1304 1253 acci-dn
1316 1222 1506 1254 Alexandriae
1517 1227 1550 1254 in
1573 1224 1689 1255 Divino
1697 1222 1746 1255 illo
1767 1225 1855 1255 Petro
1860 1222 1922 1264 post
1935 1225 2001 1264 ejus
2013 1234 2071 1256 τι·

241 3073 421 3106 peratorem
450 3086 461 3103 ,
485 3071 519 3097 at
544 3073 597 3106 per
622 3062 819 3107 indignitate
844 3060 998 3096 facinoris
1023 3063 1109 3099 indi.

240 3122 379 3158 gnatum
401 3112 560 3156 populum
580 3110 743 3147 violenter
764 3111 896 3146 reducto
919 3113 953 3145 in
966 3111 1105 3157 Regiam

239 3162 429 3203 civitatem,
453 3171 550 3205 atque
562 3161 754 3205 Episcopale
775 3161 958 3196 Palatium:
986 3165 1106 3196 Ducum

239 3264 269 3298 lo
288 3262 518 3297 benediaionem
541 3266 716 3302 impartiri,
741 3263 775 3294 Θ
788 3267 821 3294 in
843 3259 1014 3304 Episcopali
1032 3265 1105 3298 Sede

238 3311 398 3355 confidere.
428 3312 576 3356 Egerunt
595 3321 636 3344 ex
650 3309 782 3344 laudato
794 3311 911 3354 Magni
924 3310 1033 3345 Basilii
1045 3313 1106 3348 Ca-

239 3372 330 3398 none
344 3388 351 3396 .
378 3362 471 3396 Hinc
492 3359 581 3395 enim
603 3360 639 3393 in
660 3359 781 3394 leviora
800 3360 921 3403 lapsum
943 3360 1106 3406 Presbyte-

239 3421 310 3447 rum
322 3411 479 3460 permittit
500 3411 564 3446 effe
585 3408 777 3455 participem
787 3410 847 3444 suae
860 3409 1049 3456 Cathedrae,
1072 3413 1105 3449 &
