2372 3756
142 949 190 975 18.
212 955 242 984 q.
272 957 295 975 2.

142 994 203 1025 cap.
227 996 273 1024 31.

138 1370 235 1404 lib-5.
251 1367 295 1398 tit*

138 1419 185 1448 31.
205 1420 230 1440 c-
256 1418 298 1442 17·

134 1603 207 1640 cap
231 1612 259 1636 4.

140 1947 214 1984 Cap.
226 1953 250 1980 ς.

150 2516 268 2558 Epist-2.

156 2711 309 2748 Ep.61.c.2.

176 3357 238 3390 Lib.
261 3364 290 3390 4.

177 3402 230 3438 Ep,
253 3403 296 3432 ις.

378 172 442 224 98

685 169 727 215 S.
766 160 1081 214 Gurzooa'n
1119 176 1361 210 sepum
1399 163 1777 213 PoNrrrrcrs

317 251 551 290 Cathedratico
573 250 674 285 xenio
695 249 818 295 aliquid
841 249 949 285 annue
970 246 1198 284 consueverint
1260 243 1303 276 Et
1314 243 1465 279 adversus
1479 246 1623 280 nostrum
1638 248 1836 292 Gregorium
1847 250 2024 294 Imperator
2037 255 2133 291 Hen-

317 305 480 349 pendere,
506 301 653 346 plurimis
672 302 828 345 exemplis
851 298 1103 344 poffit-ostendi.
1132 295 1198 330 Ve-

1259 294 1344 328 ricus
1367 306 1525 339 quartus.-
1551 297 1687 331 Ree‘lores
1705 297 1824 341 sanHae
1834 300 1968 343 Eccless'ae
1988 305 2134 348 archiepi-

316 355 388 389 rum
410 353 543 388 modico
556 363 624 386 non
648 350 944 393 contentiquidam
959 346 1112 393 Episcopi
1127 357 1193 380 non
1254 343 1366 388 scopos,
1390 346 1572 390 Episcopos,
1599 349 1808 389 Presbyteros,
1835 362 1893 383 non
1902 353 1988 386 modi
2001 366 2057 388 non
2066 365 2136 389 tan.

317 402 480 439 cessabant
491 402 548 437 sub
560 401 626 436 hoc
647 403 725 435 fuco
736 399 901 435 durissime
913 398 1113 434 Monasteria
1126 407 1197 442 gra-

1253 405 1322 438 gere
1326 396 1398 439 ficut
1408 397 1539 438 Christos
1554 401 1672 431 Domini
1687 409 1744 431 non
1755 400 1877 441 timuisti
1888 426 1898 442 ,
1925 409 1996 445 quin
2002 402 2136 448 ficutser-

251 463 259 472 ·
317 465 418 488 vare.
449 453 581 488 Etenim
608 451 650 486 de
677 451 779 485 nimia
807 449 970 495 Wigberti
996 445 1198 482 Ravennatis
1259 457 1315 480 vos
1339 471 1349 487 ‚
1371 446 1528 491 nescientes
1553 450 1630 491 quid
1639 448 1743 491 faciat
1764 452 1909 485 Dominus
1929 465 2027 487 eorum
2047 479 2058 495 ,
2077 454 2136 498 sub

247 507 253 513 '
318 501 564 548 Archiepiscopi
588 502 622 535 in
648 501 740 535 suum
752 499 992 535 Monasterium
1013 498 1133 533 duritia
1155 495 1207 547 ¹²1

304 559 484 589 'mentatur
510 550 693 598 graviffime
719 552 852 585 Saucius
877 549 990 584 Petrus
1017 546 1195 583 Damiani.

310 603 371 638 ⁷De
384 604 497 638 eadem
520 603 554 636 in
566 602 673 636 Sancti
696 600 842 645 Remigii
863 611 900 634 ac
924 600 1031 634 Sansti
1050 594 1196 630 Michae-

317 654 358 688 lis
383 651 624 687 Monasterium
653 651 827 684 acerbitate
844 650 1033 692 ,Manassen
1055 647 1198 681 Remen—

315 706 403 744 sem,
429 704 463 736 δε
485 701 703 736 Cunibertum
724 701 964 735 Taurinensem
999 698 1197 740 Episcopum

315 754 425 797 arguit
450 751 555 787 noster
586 752 743 794 septimus
785 749 963 794 Gregorius
982 773 990 781 .
1028 746 1198 782 similibus

314 802 531 848 querimoniis
573 801 680 836 referti
707 802 780 835 sunt
807 801 951 843 p'erique
975 797 1103 841 antiqui
1131 794 1199 829 An·

315 854 408 888 nales
429 850 709 887 Monasteriorurn
737 876 743 882 .
781 850 825 883 Et
846 846 1017 883 adversum
1039 847 1111 882 illas
1132 845 1198 881 edi·

315 904 366 938 dit
389 902 498 937 noster
519 901 698 946 Gregorius
719 901 905 943 praesentem
930 898 1128 938 Canonem,
1153 896 1194 931 de

315 964 383 998 quo
405 953 490 997 apud
505 952 700 985 Gratianum
713 948 875 984 Urbanus
894 948 1070 983 secundus:
1098 950 1197 982 Servi-

315 1010 412 1043 tium,
438 1003 517 1044 quod
536 999 715 1039 Monasteria
729 1024 740 1040 ‚
765 1007 819 1033 aut
827 1011 924 1034 eorum
936 995 1069 1040 Ecclefiae
1090 1000 1111 1030 a
1124 1006 1197 1031 tem-

312 1060 383 1095 pore
394 1055 529 1095 Gregorii
546 1049 667 1094 septImi
689 1049 777 1093 usque
788 1049 893 1084 adhoc
913 1058 1028 1092 tempus
1036 1048 1173 1091 fecerunt
1191 1069 1202 1086 ‚

313 1105 414 1137 &nos
423 1103 604 1136 concedimus
619 1126 626 1133 .
654 1100 797 1135 Videtur
806 1101 988 1145 Gregorius
1011 1110 1080 1134 non
1106 1097 1196 1131 dum-

314 1163 406 1188 taxat
427 1152 592 1186 damnasse
616 1151 781 1195 pensionis
801 1152 963 1185 excessum
979 1175 990 1191 ,
1015 1147 1069 1184 sed
1090 1149 1124 1184 &
1138 1147 1195 1190 ipfi

314 1203 451 1238 modum
464 1214 501 1236 ac
515 1200 654 1235 limitem
665 1201 769 1235 fixisse
781 1226 788 1234 .
803 1201 881 1244 Ejus
892 1201 1113 1235 deoamantes
1130 1199 1198 1232 fue-

313 1264 390 1288 runt
410 1253 544 1298 quidam
565 1251 744 1295 Episcopi,
772 1261 808 1285 ut
834 1252 936 1295 ipsam
957 1250 1058 1285 etiam
1084 1248 1102 1282 a
1124 1250 1198 1282 Fra·

314 1304 417 1339 tribus
438 1301 702 1338 mendicantibus
727 1301 900 1346 exegerint
920 1324 932 1341 ‚
957 1300 1197 1341 debuerintque

314 1354 476 1399 compesci
491 1364 544 1397 per
556 1352 755 1396 Gregorium
779 1361 921 1384 nonum.
947 1350 1106 1383 Plurimas
1119 1349 1197 1381 item

316 1406 401 1439 inter
422 1404 602 1447 Episcopos
624 1402 657 1435 &
670 1399 857 1435 Monachus
878 1398 919 1433 de
942 1400 1008 1442 ipsa
1029 1398 1100 1432 lites
1122 1397 1198 1442 legi-

316 1466 389 1488 mus
402 1479 414 1495 ,
439 1455 471 1488 δε
483 1454 585 1487 varias
605 1450 814 1493 Apostolicas
826 1449 868 1483 ab
879 1449 944 1492 ipsa
957 1448 1197 1492 exemptiones.

317 1504 434 1539 Hodie
444 1503 533 1546 quasi
546 1500 629 1535 abiit
640 1499 673 1532 in
685 1497 939 1533 difluetudinem
953 1524 959 1531 .

367 1552 562 1597 Apostolica
581 1548 622 1584 ad
645 1548 779 1583 Galatas
794 1548 910 1588 verba,
937 1550 1064 1581 Fratres
1089 1545 1199 1590 obsecro

316 1616 372 1638 vos
400 1628 410 1644 ‚
446 1603 488 1636 sic
513 1608 758 1635 commentatur
784 1599 916 1632 Sanctus
950 1597 1197 1640 Hieronymus:

317 1654 417 1687 Verba
439 1652 503 1685 haec
522 1653 631 1685 &nos
657 1650 702 1682 ad
721 1647 921 1682 humilitatem
940 1655 1104 1690 provocant
1127 1671 1138 1687 ,
1165 1648 1198 1680 (a

310 1702 497 1748 supercilium
522 1702 683 1733 'decutiunt
716 1697 923 1742 Episcoporum
945 1722 956 1738 ,
993 1704 1044 1740 qui
1065 1698 1147 1731 velut
1166 1702 1198 1739 in

316 1755 419 1796 aliqua
424 1750 545 1795 sublimi
554 1748 672 1794 specula
686 1750 827 1790 constituti
850 1754 907 1782 vix
920 1749 1082 1792 dignantur
1096 1748 1198 1780 videre

315 1802 456 1837 mortales
480 1826 490 1842 ‚
518 1802 553 1835 (Β
576 1801 686 1842 alloqui
707 1797 860 1841 conservos
882 1797 950 1841 suos
978 1822 984 1829 .
1012 1795 1138 1840 Diffi-ant
1159 1796 1199 1829 ab

315 1853 444 1896 Apostolo
465 1857 600 1885 errantes
621 1851 657 1884 ⁷&
675 1847 842 1891 insipientes
865 1851 995 1882 Galatas
1004 1847 1125 1890 fratres
1148 1858 1197 1880 vo-

315 1910 396 1938 cari.
429 1903 586 1945 Et·super
606 1899 672 1934 haec
697 1898 737 1933 ad
751 1897 908 1944 Ephesios
923 1897 1019 1933 verba
1032 1923 1042 1938 ‚
1068 1896 1198 1938 subjecit

315 1959 447 1987 invicem
459 1958 607 1986 in'timore
620 1949 729 1991 Christi
746 1974 757 1991 ‚
781 1949 943 1984 declamat
955 1963 966 1983 .-
995 1949 1128 1982 Audiant
1138 1946 1201 1981 baec

317 2002 455 2046 Episcopi
480 2026 490 2042 ,
516 2002 648 2035 audiant
673 2001 862 2040 Presbyteri,
887 2001 994 2033 audiat
1008 2005 1109 2032 'omnis
1132 1998 1201 2032 ordo

318 2054 494 2094 Dollorum,
520 2051 666 2093 Subjec‘iis
679 2049 745 2094 suis
761 2049 797 2093 se
824 2049 1048 2094 essesubi'ecqos.
1075 2054 1199 2083 Imiten-

317 2113 367 2137 tur
379 2105 522 2137 dicentem
534 2100 695 2143 Apostolum
710 2114 720 2134 .·
745 2100 862 2135 CUM
886 2099 1033 2133 ESSEM
1061 2098 1200 2132 LIBER

319 2154 384 2187 EX
410 2150 638 2187 OMNIBUS
663 2174 674 2190 ,
711 2147 940 2184 OMNIBUS
975 2147 1199 2183 MEIPSUM

318 2200 530 2238 SERVUM
541 2198 647 2233 FECI
659 2224 669 2239 ,
700 2198 778 2233 UT
789 2198 957 2233 OMNES
970 2197 1202 2232 LUCRIFA-

320 2251 510 2286 CEREM.
540 2249 682 2283 salvator
706 2248 957 2292 quoqueformam
974 2246 1060 2291 servi
1074 2252 1204 2289 accepit,

320 2312 354 2336 ut
366 2300 496 2345 serviret
508 2298 667 2342 Discipulis
688 2295 754 2341 suis
768 2312 778 2331 .·
804 2301 849 2331 Et
869 2300 958 2341 pedes
982 2309 1081 2331 eorum
1102 2299 1202 2331 lavit.

318 2354 384 2390 'Hoc
405 2349 520 2391 interest
543 2354 620 2381 inter
632 2350 776 2381 Gentium
799 2350 952 2390 Principes
977 2349 1012 2382 Θ
1025 2347 1204 2388 christiano-

317 2409 389 2435 'rum
402 2427 412 2441 ,
438 2400 520 2444 quod
528 2399 573 2432 illi
584 2399 771 2432 dominentur
786 2396 919 2440 subditis
932 2423 942 2438 ‚
969 2408 1020 2431 nos
1025 2396 1177 2441 servimus
1196 2408 1204 2428 ε

324 2456 372 2485 Et
395 2456 428 2485 in
450 2462 482 2484 eo
498 2450 626 2491 majores
639 2446 737 2492 sumus
750 2471 760 2486 ,
780 2446 809 2488 fi
823 2447 944 2480 'minimi
965 2453 1094 2481 omnium
1108 2448 1207 2488 fueri-

324 2513 392 2536 mus
419 2526 426 2534 .
456 2500 497 2534 Et
523 2500 556 2533 in
581 2498 696 2532 litteris
717 2498 757 2532 ad
779 2497 1006 2540 Nepotianum
1028 2510 1039 2531 .·
1066 2500 1207 2540 Episcopi

324 2552 493 2585 sacerdotes
500 2547 533 2593 se
545 2548 596 2592 effe
608 2553 768 2587 noverint,
796 2559 854 2580 non
875 2549 1013 2581 Dome‘nos
1024 2569 1032 2578 .
1060 2549 1208 2580 Honorem

326 2603 454 2635 Clericos
476 2599 560 2643 quast
569 2600 692 2632 clericos
705 2622 716 2638 ,
741 2606 775 2630 ut
796 2599 832 2632 (ν
845 2596 911 2639 ipfis
923 2599 943 2630 ἃ
956 2597 1081 2630 clericis
1093 2620 1103 2636 ,
1126 2594 1213 2639 quafi

327 2650 504 2696 Epistopis,
530 2649 619 2683 bonor
630 2647 805 2690 deferatur.
833 2647 877 2681 Et
901 2648 935 2680 in
960 2647 1074 2682 litteris
1101 2647 1209 2681 adver-

330 2706 384 2735 sus
402 2702 561 2743 §oannem
575 2698 816 2741 Hierosolymae
830 2696 1047 2740 Episcopum:
1074 2699 1119 2729 Tu
1131 2699 1210 2729 Bea-

330 2752 449 2791 tiffimus
472 2752 581 2792 Papa,
606 2745 816 2790 &fastidiosus
830 2747 979 2790 Antifles,
1002 2744 1081 2790 solus
1101 2747 1208 2787 dives,

329 2800 407 2844 solus
427 2797 549 2843 sapiens
573 2823 584 2838 ‚
607 2798 686 2842 solus
708 2797 814 2831 nobilis
843 2798 877 2831 ό*
900 2796 1045 2841 discretus
1065 2821 1076 2838 ,
1101 2794 1212 2840 conser-

333 2863 388 2885 vos
404 2859 467 2883 tuos
491 2850 701 2890 &redemptos
708 2845 855 2891 sanguine
869 2850 990 2880 Domini
1011 2852 1074 2887 tui,
1100 2855 1208 2890 rugata

330 2901 434 2944 fronte
455 2900 489 2932 ό*
501 2899 626 2942 obliquis
645 2898 734 2931 oculis
754 2895 915 2940 despiciens
927 2923 934 2930 .
963 2898 1006 2932 Et
1028 2896 1107 2931 hinc
1128 2887 1225 2930 interl

338 2949 497 2985 articulos
521 2974 533 2990 ,
558 2949 599 2982 de
618 2946 736 2993 quibus
760 2948 795 2981 in
816 2947 953 2991 Synodo
979 2946 1020 2982 ad
1043 2947 1212 2993 Quercum

340 2999 504 3035 accusatus
524 2999 588 3034 fuit
611 2999 745 3033 Sanctus
772 2997 913 3040 Joannes
938 2997 1213 3040 chrysostomus,

340 3060 432 3085 erant
456 3050 490 3083 &
503 3050 557 3084 hi:
586 3049 682 3093 ‚Quid
690 3050 850 3081 Bere-nium
871 3049 1052 3080 Sacerdotem
1073 3054 1214 3079 contume-

344 3102 390 3133 liis
414 3100 518 3132 multis
541 3102 618 3133 male
642 3105 792 3139 acceptum
817 3099 966 3131 dediderit
993 3123 1001 3132 .
1027 3099 1119 3141 ‚Quid
1138 3100 1214 3139 Epi-

341 3148 434 3192 scopis
465 3152 484 3181 ἃ
503 3148 536 3193 se
563 3150 710 3182 ordinatis
732 3154 875 3190 pecunias
900 3149 1047 3190 largiatur
1064 3172 1075 3188 ‚
1101 3155 1134 3179 ut
1157 3154 1213 3188 per

349 3200 411 3231 illos
423 3200 540 3232 clerum
549 3199 696 3232 laboribus
717 3202 866 3240 opprimat
876 3221 883 3229 .
911 3199 1006 3240 ‚Quod
1015 3199 1215 3231 Clericosinu·

347 3246 441 3288 fitatis
462 3246 579 3290 injuriis
602 3251 636 3283 (a
658 3249 836 3280 contumeliis
859 3246 989 3287 affecerit
1010 3271 1017 3278 .
1045 3247 1088 3280 Et
1107 3246 1215 3280 adver-

350 3295 403 3330 sus
427 3296 582 3338 Ioannem
605 3299 772 3332 Ravennae
798 3295 1087 3340 Archiepiscopum
1109 3295 1216 3330 scribit
1278 3305 1311 3332 in
1344 3308 1430 3342 caput
1467 3301 1589 3332 tandem
1624 3301 1747 3333 redeunt
1783 3303 1939 3333 Laicorum
1964 3323 1971 3330 .

354 3346 499 3389 Magnus
520 3347 714 3390 Gregorius:
743 3344 908 3388 Disciplina
929 3348 971 3379 ad
981 3352 1077 3380 vitam
1094 3348 1216 3379 elerico-

1251 1299 1341 1344 sum,
1364 1299 1418 1343 sed
1438 1301 1595 1343 quemdam
1617 1312 1746 1336 exercere
1766 1304 1910 1337 videntur
1929 1305 2136 1345 dominatum,

1255 497 1384 539 pedibus
1402 504 1465 531 tuis
1485 498 1624 539 calcasti,
1649 506 1681 532 in
1706 510 1828 542 quorum
1849 504 2061 537 conculcatione
2080 505 2136 539 tibi

1250 546 1395 588 favorem
1417 548 1455 581 ab
1467 559 1514 582 ore
1535 551 1619 593 vulgi
1640 550 1812 591 comparasti
1824 576 1833 591 ‚
1860 558 1932 593 quia
1952 565 2048 587 omnes
2061 554 2140 589 nihil

1256 596 1331 641 scire
1345 622 1355 637 ‚
1380 606 1519 632 teautem
1526 596 1619 642 solum
1630 606 1729 633 omnia
1744 601 1815 644 muse
1826 602 1961 642 iudicasti
1972 628 1983 644 ,
2008 616 2069 647 qua
2081 612 2137 638 uti-

1259 659 1315 691 que
1319 646 1446 692 scientia
1457 660 1515 681 non
1527 650 1570 682 ad
1578 650 1800 692 aedificationem
1809 676 1820 692 ,
1842 650 1903 695 sed
1921 655 1965 686 ad
1973 654 2137 694 destructio-

1259 710 1323 733 nem
1337 698 1543 740 utissaduisti.
1574 699 1617 733 Et
1628 699 1777 735 adversus
1797 701 1949 737 similium
1964 703 2138 749 Episcopo-

1258 762 1332 784 rum
1355 750 1470 783 fastum
1495 749 1608 783 statuit
1631 761 1744 794 quarta
1757 751 2024 798 Carthaginenfis
2034 755 2139 798 Syno-

1257 800 1340 834 dus:
1366 804 1405 833 Ut
1429 797 1595 842 Episcopus
1616 804 1649 833 in
1669 802 1796 844 quolibet
1817 803 1873 835 loco
1890 803 1999 846 fidens
2024 828 2035 844 ,
2056 803 2136 844 stare
2152 788 2221 819 ΕΜ·
2236 798 2252 827 3
2257 798 2282 825 ⁴·

1259 850 1466 890 Presbyterum
1490 861 1549 883 non
1571 856 1711 892 patiatur
1728 878 1735 885 .
1760 856 1799 885 Ut
1809 851 1974 895 Episcopus
1996 859 2029 888 in
2038 857 2137 889 Eccle-

1253 900 1316 943 fia,
1348 903 1383 935 Co·
1395 907 1429 933 in
1449 898 1570 944 consessu
1593 901 1828 942 Presbyterorum
1841 901 1995 946 sublimior
2010 903 2113 947 sedeat
2125 930 2136 946 ,

1258 956 1341 984 intra
1365 952 1485 984 domum
1509 953 1582 985 veri
1606 952 1745 997 collegam
1768 951 1801 997 se
1826 953 2062 992 Presbyterorum
2085 956 2138 1000 effe

1256 999 1405 1046 cognoscat
1431 1027 1438 1033 .
1478 1000 1522 1034 Et
1548 1001 1687 1035 secunda
1723 1002 1877 1046 synodus
1912 1003 2135 1039 Bracarensis:

1259 1050 1446 1085 parochiales
1458 1051 1564 1084 Clerici
1570 1050 1681 1094 servili
1691 1063 1777 1087 onere
1788 1058 1821 1085 in
1833 1052 1982 1095 aliquibus
1999 1055 2135 1096 operibus
2153 1057 2223 1088 Can.
2242 1066 2270 1086 a.

1256 1100 1413 1145 Episcopis
1430 1099 1548 1144 servlre
1562 1113 1620 1134 non
1644 1112 1803 1147 cogantur.
1830 1105 1916 1147 ,Quia
1919 1101 2066 1146 scriptum
2078 1104 2136 1143 est:

1257 1152 1402 1201 NEQJ
1408 1151 1436 1184 E
1457 1150 1535 1186 UT
1545 1150 1873 1188 DOMINANTES
1891 1153 1943 1187 ΙΝ
1954 1153 2137 1189 CLERO.

1259 1202 1300 1236 Et
1313 1204 1402 1236 sexta
1411 1201 1563 1245 synodus
1575 1202 1773 1237 Parifienfis:
1796 1204 1883 1246 ‚Quia
1900 1202 1974 1247 sunt
1980 1204 2116 1247 plerique
2126 1229 2139 1246 ‚

1255 1257 1306 1294 qui
1327 1263 1385 1284 non
1392 1259 1552 1293 paternum
1573 1251 1710 1293 affec‘lum
1718 1259 1795 1287 circa
1812 1264 1935 1297 gregem
1940 1252 1995 1295 fibi
2009 1253 2138 1297 commis·
2151 1244 2214 1316 fib·
2239 1255 2263 1277 1·
2282 1255 2313 1275 ‘-

1257 1361 1377 1393 eumque
1389 1361 1451 1383 non
1473 1359 1508 1383 ut
1519 1353 1705 1384 Dominicum
1716 1375 1728 1391 ‚
1749 1350 1934 1394 sedflatibus
1944 1352 2076 1396 ventosae
2087 1365 2139 1386 ar-

1258 1406 1403 1445 rogantiae
1443 1399 1563 1440 inflati,
1588 1409 1623 1433 ut
1638 1398 1725 1444 fisum
1741 1406 1897 1444 proprium
1919 1403 2051 1438 tranare
2079 1413 2138 1436 non

1258 1460 1398 1484 verentur
1423 1474 1434 1490 ,
1466 1457 1615 1492 quantum
1641 1451 1842 1483 Paterni'tatis
1870 1452 1957 1493 officio
1979 1452 2140 1493 aberrent,

1252 1499 1355 1544 subter
1371 1499 1487 1534 colleua
1502 1499 1679 1533 documenta
1698 1500 1855 1534 declarant
1866 1525 1873 1533 .
1903 1501 2049 1536 Adducit
2071 1503 2140 1537 iau-

1257 1551 1370 1584 datum
1393 1549 1500 1583 saneti
1523 1549 1612 1583 Petri
1627 1548 1780 1593 Apostoli
1802 1550 1936 1591 locum,
1963 1551 2043 1586 item
2065 1552 2142 1587 alia-

1258 1610 1330 1633 rum
1355 1599 1592 1643 seripturarum
1613 1610 1651 1633 ac
1672 1599 1780 1634 Sansti
1802 1600 1974 1645 Fulgentii
1997 1601 2143 1636 testimo-

1259 1650 1351 1684 nium
1373 1674 1384 1690 ,
1411 1658 1510 1692 atque
1535 1649 1707 1684 concludit
1731 1661 1738 1681 :
1766 1651 1842 1693 ,Qua
1865 1653 1933 1694 ergo
1952 1657 2141 1693 temeritate,

1256 1700 1347 1733 immo
1367 1697 1604 1742 praesumptuosa
1620 1706 1780 1741 vanitate,
1805 1700 1928 1742 quilibet
1944 1702 2143 1735 Praelatorum

1257 1751 1351 1784 dicere
1368 1747 1548 1792 praesumit,
1574 1749 1634 1782 Illa
1655 1756 1836 1794 congregatio
1857 1761 1924 1783 mea
1944 1750 2005 1791 est,
2030 1752 2143 1785 autille

1262 1799 1416 1838 Presbyter
1437 1801 1491 1833 vel
1502 1799 1634 1832 clericus
1654 1811 1736 1833 meus
1746 1798 1807 1840 est,
1831 1799 1896 1833 cum
1918 1811 1976 1833 non
1986 1800 2066 1834 illius
2081 1798 2143 1842 fit,

1255 1850 1313 1896 sed
1322 1850 1401 1884 illius
1412 1855 1458 1883 cui
1468 1851 1582 1882 dicatus
1595 1848 1633 1890 est
1643 1848 1660 1880 ?
1672 1851 1802 1884 Proinde
1814 1856 1886 1893 quia
1898 1850 1926 1897 s‘s
1939 1852 2060 1884 inolitus
2072 1848 2143 1894 usus

1259 1898 1465 1941 Ecclesiasticae
1480 1910 1537 1933 non
1546 1905 1683 1933 convenit
1692 1901 1816 1944 Regulae
1828 1924 1839 1940 ,
1864 1904 2026 1944 corrigatur
2039 1901 2142 1943 neceffe

1258 1950 1315 1991 est.
1343 1950 1386 1984 Et
1408 1949 1590 1984 Alexandri
1610 1950 1699 1984 tertii
1719 1949 1874 1993 synodus
1897 1949 2142 1985 Lateranenfis:

1261 1999 1401 2045 Episcopi
1426 2000 1611 2039 Presbytero:
1624 2024 1635 2040 ‚
1660 1998 1829 2043 quafifilios
1851 2001 1885 2034 Θ·
1891 1998 2034 2042 fratres,
2060 2000 2143 2034 beni-

1253 2064 1318 2098 gna
1344 2062 1378 2084 ac
1391 2049 1541 2093 fraterna
1551 2049 1658 2083 debent
1679 2049 1826 2084 charitate
1838 2050 1964 2091 fovere.
1993 2051 2145 2084 Hincer-

1259 2102 1306 2149 go
1327 2102 1361 2137 ὅ(
1374 2100 1516 2145 praesenti
1538 2100 1678 2134 Canone
1699 2100 1810 2134 noster
1830 2100 2012 2145 Gregorius
2033 2125 2045 2141 ,
2074 2110 2146 2134 non

1259 2152 1390 2189 tantum
1416 2148 1629 2191 Monachos,
1656 2149 1710 2185 sed
1734 2149 1929 2185 &Clericos
1950 2150 2055 2185 sanxit
2075 2160 2145 2183 non

1260 2203 1385 2249 gravari
1409 2201 1450 2236 ab
1462 2200 1652 2244 Episcopis‚
1678 2211 1739 2235 nec
1761 2199 1802 2235 ad
1815 2200 2039 2244 incompetens
2051 2199 2146 2233 servi-

1261 2255 1346 2287 tium
1358 2251 1434 2295 cogi
1448 2275 1455 2282 .
1483 2251 1593 2295 Qam
1615 2250 1693 2283 vero
1703 2250 1770 2294 ipse
1782 2249 1823 2284 ab
1837 2249 1896 2284 ista
1916 2251 1951 2283 in
1964 2249 2145 2294 Episcopus

1262 2301 1422 2336 violentia
1444 2300 1542 2334 fuerit
1567 2299 1714 2339 alienus,
1739 2299 1784 2332 est
1808 2299 1907 2344 longe
1917 2300 2138 2335 notiffimum.

1263 2353 1346 2386 Eam
1375 2350 1410 2383 in
1436 2350 1506 2393 ipso
1533 2359 1593 2384 nec
1619 2349 1806 2383 Cardinalis
1841 2350 1960 2383 Benno
1997 2350 2147 2384 notavit.

1265 2400 1418 2436 Exercita
1442 2400 1477 2433 in
1496 2399 1707 2435 simoniacos
1727 2400 1761 2434 &
1783 2399 2049 2434 Concubinarios
2071 2399 2147 2443 Epi-

1265 2453 1379 2494 scopos
1401 2449 1592 2484 &clericos
1614 2449 1757 2484 vindista
1779 2449 1929 2485 Henrico
1950 2449 2036 2496 Regi
2055 2448 2148 2485 dedit

1266 2502 1376 2536 ansam
1395 2499 1565 2534 calumniae
1577 2525 1584 2532 .

1317 2549 1412 2597 Qid
1434 2548 1475 2583 de
1486 2550 1692 2584 censurarum
1715 2561 1773 2593 pro
1785 2550 1923 2593 pecunia
1936 2548 2150 2586 absolutioni·

1265 2601 1326 2636 bus
1351 2601 1474 2643 semper
1498 2599 1689 2643 judicaverit
1717 2600 1859 2634 Ecclesia
1886 2625 1898 2641 ,
1923 2601 1968 2635 est
1994 2601 2084 2646 supra
2110 2599 2146 2632 in

1268 2649 1511 2696 prooemialibus
1536 2649 1734 2693 expositum.
1764 2652 1876 2697 Qare
1894 2649 2062 2694 justiffima
2089 2660 2149 2683 nu·

1267 2713 1324 2746 per
1358 2700 1421 2734 fuit
1449 2699 1689 2734 Germanorum
1714 2699 1891 2734 Procerum
1917 2697 2004 2744 apud
2029 2698 2148 2734 Adria·

1271 2762 1350 2785 num
1378 2751 1507 2784 sextum
1533 2749 1729 2784 Pontificem
1754 2750 1985 2793 querimonia.-
2009 2751 2042 2783 st
2060 2748 2145 2791 fimi
2160 2763 2232 2800 Cap,
2255 2767 2300 2797 50,

1263 2801 1326 2844 fine
1350 2805 1445 2833 armis
1471 2824 1483 2840 ,
1504 2806 1616 2843 pugnis
1641 2801 1760 2833 tantum
1786 2801 1820 2833 <St
1845 2800 1958 2842 lapiIIIs
1984 2823 1996 2840 ,
2021 2805 2054 2832 in
2079 2802 2147 2830 Coe-

1271 2857 1386 2884 miterio
1411 2851 1467 2882 duo
1497 2849 1637 2893 pluresve
1661 2861 1769 2882 manus
1794 2848 1949 2891 conserant
1972 2872 1984 2887 ,
2017 2856 2072 2882 aut
2107 2853 2147 2880 ri-

1273 2913 1347 2935 xam
1372 2899 1502 2932 habeant
1526 2901 1570 2933 ad
1598 2898 1755 2944 sanguinis
1787 2898 1876 2942 usque
1901 2925 1912 2940 ,
1948 2903 2147 2941 quantumvis

1274 2952 1378 2984 modici
1403 2974 1413 2989 ‚
1439 2949 1600 2990 effiisionem
1620 2974 1630 2989 ,
1657 2958 1727 2982 tunc
1750 2950 1794 2981 ad
1817 2948 2042 2983 interdillorum
2062 2946 2149 2991 seve-

1268 3006 1394 3034 ritatem
1420 3008 1572 3035 recurrunt
1598 2998 1786 3041 Ecclefiastici
1811 3024 1822 3039 ,
1847 3010 1898 3033 nec
1918 3000 2006 3042 prius
2027 2998 2148 3041 publica

1275 3049 1504 3090 Christianorum
1530 3050 1735 3093 redintegrant
1759 3049 1847 3091 officia
1874 3075 1885 3090 ,
1920 3052 2013 3092 quam
2037 3053 2149 3082 civium

1275 3098 1450 3141 univerfitas
1484 3102 1685 3132 Coemiterium
1725 3101 1819 3133 denuo
1855 3112 1967 3143 magna
2005 3105 2149 3141 pompa,

1272 3149 1475 3195 gravibusque
1509 3159 1558 3182 nec
1583 3149 1745 3183 minoribus
1768 3149 1900 3191 'profec‘lo
1925 3147 2061 3192 impenfis
2085 3157 2150 3180 con·

1272 3198 1381 3244 ftcrari
1405 3205 1577 3239 curaverit,
1602 3201 1693 3242 quaeim
1714 3202 1848 3242 primum
1873 3212 1911 3234 ex
1932 3198 2061 3242 profano
2084 3196 2152 3229 red-

1278 3252 1361 3283 ditus
1381 3249 1418 3291 fit
1451 3248 1611 3293 sepulturae
1649 3256 1676 3283 is
1702 3251 1775 3283 locus
1795 3249 1878 3293 sacer
1903 3275 1910 3282 .
1946 3251 2026 3292 ,ραι
2050 3250 2152 3279 omnia

2010 3296 2153 3330 Cunctas

1282 3349 1468 3392 hujusmodi
1504 3349 1613 3384 sordes
1652 3349 1771 3385 merito
1806 3349 1861 3384 hic
1880 3350 2012 3384 damnat
2047 3344 2155 3379 noster

353 3406 420 3428 rum
439 3394 650 3433 custodiendam
671 3398 752 3428 nulla
774 3395 812 3436 est
837 3420 848 3436 ,
871 3395 928 3438 sed
951 3401 1142 3430 Fraternitas
1163 3405 1217 3428 tua
1282 3400 1461 3444 Gregorius
1475 3423 1484 3433 .

349 3443 383 3490 se
415 3445 537 3481 clericis
568 3442 634 3488 suis
667 3446 865 3481 tantummodo
890 3449 1047 3481 Dominum
1081 3445 1216 3481 exbibet.

1937 3495 2112 3532 CANON
