2372 3756
373 119 474 180 ⁴184
871 115 1202 160 Dissnn

298 203 394 243 mine
412 204 593 248 composita
615 204 750 248 persona
773 211 938 245 comparat
959 226 970 242 ‚
996 201 1030 234 δε
1051 199 1179 234 videtur

299 255 418 291 docere
429 254 686 298 impanationem
699 278 707 287 .
735 253 789 290 De
801 252 896 288 ,variis
915 252 1000 286 circa
1022 260 1179 295 magnum

301 304 489 344 Dominicae
500 304 742 343 Inearnationis
753 305 1000 338 Sacramentum
1018 299 1181 335 ,erroribus

301 354 414 389 scribit
424 356 458 389 in
469 355 554 390 libro
565 355 607 390 de
616 355 708 389 dono
720 351 958 398 perseverantiae
967 351 1100 386 Sanetus
1113 350 1181 383 Au-

303 404 453 449 gustinus
470 418 478 438 :
508 410 581 442 Non
601 408 698 439 Deum
717 404 840 439 tantum
860 403 986 434 dicimus
1006 399 1156 440 Christum
1170 422 1180 438 ,

297 456 372 497 Jtut
384 455 514 490 baeretici
525 455 686 490 Manichael
698 466 707 496 ;
733 464 785 487 nec
794 452 941 485 hominem
949 452 1071 485 tantum
1083 474 1094 489 ‚
1107 448 1181 489 ficut

302 504 437 543 baerctici
457 506 652 547 Photiniani;
680 508 747 537 Nec
756 509 800 536 ita
821 501 968 535 hominem
979 526 990 542 ‚
1014 508 1049 535 ,ut
1061 499 1182 540 ‚aliquid

303 557 401 595 minsis
412 556 521 593 habeat
530 557 611 603 quod
629 555 674 587 ad
682 553 846 587 humanam
853 561 965 588 certum
984 551 1026 591 est
1033 554 1181 602 pertinere

304 616 446 641 naturam
461 606 525 649 five
545 610 703 644 animam,
722 603 786 644 five
806 609 838 635 in
859 601 925 645 ipsa
936 606 1039 633 anima
1051 608 1180 632 mentem

302 656 500 697 rationalem,
520 654 585 698 five
604 665 723 688 carnem
746 666 803 687 non
813 652 987 697 defoemina
1003 649 1157 694 sumptam
1169 673 1179 689 ‚

300 706 480 751 sedfac‘lam
489 706 527 739 de
536 705 632 741 Verbo
643 710 676 738 in
687 715 804 738 carnem
815 700 951 747 converso
970 709 1063 744 atque
1082 708 1179 731 muta-

304 766 334 790 to
343 781 353 797 ,
378 766 445 799 quae
457 761 557 791 onmia
566 762 629 789 tria
640 766 723 790 vana
744 752 868 796 &falsa
880 752 1084 784 haereticorum
1097 750 1180 791 Apol·

304 806 506 847 linaristarum
526 816 589 842 tres
603 814 714 852 partes
736 809 861 843 varias,
888 798 1080 843 diversasque
1097 798 1178 841 fece·

303 866 376 891 runt
390 882 397 889 .
420 857 572 894 Duarum
595 856 741 899 priorum
763 854 945 891 fastionum
957 851 1101 895 palmare
1111 850 1179 884 fun-

299 906 495 944 damentum
515 917 581 940 erat
592 906 698 939 Sansti
713 903 848 947 Joannis
862 900 1079 947 Evan‘gelistae
1091 900 1149 934 test
1157 901 1179 933 i-

302 958 474 991 monium:
503 959 548 989 Et
561 955 690 991 Verbum
701 953 891 995 carosaclum
901 952 955 992 est.
982 951 1035 986 Ex
1048 951 1116 994 ipso
1129 950 1177 984 illi

300 1007 530 1041 concluserunt
541 1006 643 1039 solam
657 1005 724 1038 fine
735 1014 845 1038 mente
865 1005 898 1037 &
913 1003 1023 1036 anima
1047 1011 1178 1035 carnem

299 1057 394 1091 fuisse
415 1057 435 1093 a
447 1058 522 1091 Deo
544 1055 657 1090 Verbo
678 1056 870 1098 affumptam
890 1078 897 1086 .
925 1052 1117 1096 Utramque
1136 1052 1178 1084 fa·

300 1107 444 1142 ctionem
456 1117 605 1149 potenter
616 1106 734 1140 evertit
756 1106 791 1139 in
802 1103 887 1141 libro
897 1104 1067 1149 octoginta
1079 1102 1177 1135 trium

301 1157 517 1201 quaestionum
539 1158 674 1193 Sanetus
696 1154 926 1201 Augustinus,
952 1154 986 1190 &
1001 1153 1104 1199 pergit
1123 1151 1176 1185 ad-

232 1224 241 1233 ›
300 1207 410 1241 versus
430 1207 559 1242 tertiam
572 1221 582 1241 .-
608 1207 749 1240 siminus
771 1205 834 1240 baec
854 1204 962 1241 Sancti
977 1202 1114 1246 Ioannis
1135 1207 1177 1233 in·

299 1267 423 1292 tuentur
445 1257 540 1293 verba
562 1282 573 1298 ‚
596 1257 688 1299 potest
713 1258 793 1289 alius
816 1267 875 1288 non
900 1253 999 1289 minias
1014 1250 1178 1295 perversus

298 1320 338 1341 ex
359 1307 421 1349 iflIs
443 1314 490 1341 ita
509 1308 686 1341 calumniari
704 1306 778 1349 fidei
800 1305 904 1345 nostrae
917 1329 928 1345 ,
954 1311 986 1336 ut
996 1304 1075 1336 dicat
1083 1300 1178 1344 ipsum

301 1358 430 1394 Verbum
441 1356 611 1401 conversum
623 1382 634 1398 ,
659 1359 913 1392 &commutatum
934 1354 986 1395 effe
997 1358 1028 1385 in
1037 1362 1155 1385 carnem
1168 1375 1178 1391 ‚

299 1410 335 1442 (9·
347 1408 473 1442 VerBum
483 1411 533 1452 effe
543 1407 699 1453 destitisse,
727 1412 798 1448 quia
813 1403 956 1447 scriptum
966 1402 1003 1443 est
1015 1427 1026 1442 ,
1054 1401 1178 1435 Verbum

299 1469 367 1491 caro
380 1457 500 1499 fac‘lum
513 1457 552 1497 est
563 1483 570 1489 .
598 1459 689 1493 Sicuti
699 1467 764 1488 caro
775 1455 908 1487 humana
922 1478 932 1493 ,
957 1464 1022 1489 cum
1029 1451 1068 1494 fit
1079 1457 1153 1484 ct'nis
1167 1475 1178 1490 ,

301 1519 359 1540 non
378 1507 416 1548 est
428 1519 497 1540 caro
515 1509 630 1544 &cinis
642 1529 652 1544 ,
673 1503 730 1548 sed
749 1517 786 1538 ex
797 1516 884 1537 carne
906 1508 981 1538 cinis
993 1529 1000 1537 ‚
1028 1505 1073 1536 Et
1080 1501 1179 1545 secun-

299 1559 374 1590 dum
393 1558 531 1599 loquendi
554 1556 672 1589 modum
694 1581 704 1596 ,
730 1553 1023 1598 consuetudinemque
1048 1552 1180 1586 celebrio-

299 1620 386 1647 rem,
413 1608 566 1653 quidquid
582 1606 622 1648 fit
631 1607 713 1648 quod
731 1617 789 1638 non
812 1614 900 1645 erat,
926 1603 1031 1646 definit
1041 1603 1092 1646 effe
1104 1603 1182 1645 quod

296 1666 365 1693 erat
384 1683 391 1689 .
421 1656 476 1690 Ab
500 1657 559 1693 hac
573 1655 774 1700 Apollinarii
794 1654 992 1698 blasphemia
1013 1652 1179 1694 Nyisenus

299 1707 482 1751 Gregorius
503 1708 569 1745 fuit
589 1706 802 1743 alienissimus
823 1730 834 1747 ,
862 1705 1002 1748 ideoque
1027 1702 1179 1736 Domini-

297 1752 376 1791 cum
388 1767 506 1800 corpus
518 1768 587 1792 non
601 1756 813 1793 conversione
825 1780 835 1795 ,
847 1753 899 1787 sed
912 1754 979 1789 sola
993 1752 1178 1795 assumptio-

298 1819 340 1841 ne
361 1806 501 1845 credidit
521 1806 946 1846 &docuittransmutatum
967 1803 1007 1837 ad
1020 1803 1179 1837 Divinam

298 1856 514 1902 dignitatem.
544 1857 636 1901 Ergo
658 1854 745 1889 idem
766 1854 904 1891 credidit
928 1854 970 1891 de
990 1854 1179 1888 transmuta-

297 1908 391 1941 tione
418 1907 509 1951 panis
538 1932 549 1947 ‚
590 1907 731 1950 ideoque
757 1905 873 1941 docuit
900 1904 1177 1947 impanationem.

300 1957 500 2001 Respondeo
522 1957 675 2001 Gregorii
699 1956 791 1990 verba
819 1956 882 1989 effe
908 1953 991 1988 bene
1018 1952 1180 1988 notanda.

301 2006 439 2042 Etenim
451 2019 527 2042 cum
537 2008 632 2042 tertia
646 2005 844 2050 Apollinarii
862 2005 1004 2039 factione
1016 2015 1084 2038 non
1098 2003 1180 2037 dicit

301 2058 453 2092 Verbum
476 2059 509 2092 in
532 2057 697 2092 Divinum
721 2067 860 2100 corpus,
886 2055 938 2088 sed
961 2053 1179 2088 Dominicum

300 2119 418 2152 corpus
441 2107 504 2145 esse
524 2108 775 2142 transmutatum
797 2106 838 2138 ad
858 2105 1021 2140 Divinam
1041 2103 1181 2147 dignita-

300 2169 369 2192 tem
382 2182 389 2189 .
418 2157 499 2191 Non
512 2157 593 2192 dicit
606 2156 689 2190 istud
705 2156 738 2188 in
750 2153 836 2188 hanc
847 2178 857 2194 ,
886 2154 938 2188 sed
953 2155 1015 2190 esse
1026 2153 1182 2188 transmu-

302 2219 408 2242 tatum
421 2207 460 2241 ad
474 2204 560 2241 hanc
572 2233 582 2248 ‚
609 2206 642 2241 id
655 2206 699 2239 est
712 2230 722 2245 ,
749 2205 945 2247 assumptam
970 2202 1010 2238 ad
1023 2204 1182 2239 Divinam

302 2257 501 2301 hypostasim
512 2283 519 2289 .
550 2258 598 2290 At
614 2255 689 2290 vero
701 2267 818 2299 panem
832 2254 969 2291 affirmat
982 2253 1016 2291 in
1029 2254 1184 2288 Domini-

303 2319 380 2343 cum
391 2318 507 2352 corpus
531 2318 599 2341 non
617 2306 746 2340 tanturn
763 2304 991 2345 transmutari,
1018 2304 1072 2338 sed
1084 2305 1183 2340 etiam

303 2356 599 2395 transelementari;
627 2355 814 2403 Qomodo
829 2354 983 2390 nutritius
1002 2355 1095 2401 panis
1106 2366 1185 2399 quo.-

305 2408 387 2442 tidie*
409 2404 712 2444 transelementatus
732 2406 763 2438 in
793 2406 937 2438 nostrum
960 2415 1094 2447 corpus.
1121 2404 1186 2439 Ve-

306 2470 375 2493 ram
402 2458 582 2492 substanriae
601 2455 844 2491 conversionem
869 2454 1038 2488 manifeste
1058 2456 1204 2497 profite-·

252 2549 254 2551 Ι
307 2515 379 2545 tur.
408 2509 545 2543 Lucidis
557 2507 690 2540 Patrum
705 2505 808 2543 verbis
818 2516 855 2541 ac
866 2504 962 2543 senfis
975 2514 1045 2539 non
1058 2504 1103 2539 est
1115 2505 1190 2541 abu-

309 2560 446 2597 tendum
471 2559 511 2593 ad
524 2556 720 2602 sophismata
731 2581 740 2592 .-

331 2693 378 2704 μ.-

399 2797 556 2848 8αῑιξῖω
595 2803 810 2846 CYRILLus
847 2792 1115 2861 Hierffilymae

640 2866 843 2938 Episcopus
860 2901 872 2916 ·

403 3007 532 3043 Andem
555 3006 655 3041 fidem
681 3005 872 3040 iucidiffime
884 3006 1055 3049 profitetur
1066 3005 1199 3040 Sanctus

427 3058 574 3102 Cyrillus
596 3056 836 3100 Hierosotymae
861 3056 1059 3099 Episcopus,
1087 3055 1125 3089 In
1139 3053 1198 3098 pri-

323 3123 375 3144 ma
400 3107 625 3154 mystagogica
648 3105 804 3140 catechesi
825 3106 962 3149 exponit
984 3107 1018 3139 in
1032 3104 1199 3149 Baptismo

325 3163 455 3202 ejeratas
466 3158 590 3193 diaboli
604 3167 740 3200 pompas
761 3155 817 3195 ,ad
829 3156 910 3198 ipsas
921 3156 1057 3199 spectare
1064 3155 1198 3188 affirmat

327 3210 502 3253 gentilium
521 3206 718 3251 spectacuia,
743 3204 1005 3241 &de-monstrat:
1034 3208 1109 3239 Tum
1129 3206 1199 3238 vero

329 3262 363 3292 (5
381 3260 433 3291 illa
456 3283 465 3298 ,
492 3271 559 3300 quae
582 3263 615 3291 in
636 3257 780 3291 Idolorum
801 3254 1040 3299 solemnitatibus
1057 3252 1200 3297 suspendi

324 3308 418 3353 solent
440 3330 451 3346 ‚
475 3310 508 3341 Θ·
525 3316 624 3349 panes
644 3331 657 3347 ‚
685 3308 719 3340 o·
741 3318 845 3341 carnes
867 3330 878 3345 ‚
906 3306 940 3338 (9·
960 3304 1022 3339 alia
1041 3303 1199 3347 ejusmodi,

320 3357 544 3405 foediffimorum
578 3359 744 3390 daemonum
771 3361 956 3389 invocatione
979 3359 1200 3393 contaminata,

326 3415 444 3454 pompae
471 3405 579 3440 diaboli
603 3405 776 3451 adscribunt
805 3431 812 3439 .
838 3405 1096 3451 ,Quemadmodum
1123 3409 1201 3438 enim

1238 128 1506 160 TATIO

1243 201 1338 239 panis
1356 197 1508 231 &vinum
1528 200 1725 242 Eucharistiae
1745 212 1816 237 ante
1833 204 1952 248 sacram
1965 212 2130 242 invocatio·

1244 257 1312 279 nem
1330 248 1496 281 adorandae
1509 251 1673 284 Trinitatis
1688 258 1783 294 panis
1804 264 1874 287 erat
1895 258 2045 292 &vinum
2067 271 2126 292 me·

1242 307 1313 329 rum
1325 320 1335 335 ,
1356 297 1482 338 peraeta
1493 302 1565 333 verti
1577 306 1761 336 invocatione
1779 310 1874 345 panis
1884 308 2002 347 quidem
2009 309 2044 350 fit
2055 314 2126 342 Cor-

1242 354 1301 388 pus
1324 346 1435 388 christi
1456 360 1465 391 ;
1485 348 1525 390 fic
1543 351 1579 383 s&
1599 351 1658 384 cib!
1674 352 1818 395 ejusmodi
1841 363 1960 398 pompa
1979 357 2125 400 satanicae

1240 394 1354 441 suapte
1364 400 1483 440 quidem
1492 408 1607 434 natura
1623 408 1698 443 puri
1702 401 1777 445 sunt
1789 429 1800 444 ,
1822 410 2006 441 invocatione
2025 417 2125 444 tamen

1247 446 1414 481 damonum
1424 449 1534 492 impuri
1542 452 1722 496 efficiuntur.
1748 454 1803 489 De
1812 455 1948 491 Mithrae
1965 458 2126 501 spectacu-

1245 497 1285 530 lis
1305 498 1340 532 ,δε
1351 498 1454 533 Sacris
1465 501 1574 536 scribit
1595 503 1630 536 in
1642 502 1923 548 Praescriptionum
1945 507 2032 542 libro
2044 509 2134 543 Ter«

1245 546 1419 582 tullianus:
1452 551 1594 585 Diabolus
1613 553 1698 596 ipsas
1717 565 1828 598 quoque
1851 567 1900 590 res
1922 559 2126 592 sacramento·
2138 554 2214 591 0³1³·
2235 564 2283 590 42·

1243 608 1333 638 rum,
1359 600 1504 633 Idolorum
1522 602 1659 641 mysteriis
1681 607 1839 639 aemulatur
1858 631 1865 639 .
1892 607 2009 641 Mithra
2023 609 2125 653 signat

1242 649 1305 681 illic
1313 653 1348 681 in
1349 647 1504 691 frontibus
1516 653 1626 686 milites
1634 652 1704 697 suos
1715 678 1725 694 ‚
1749 656 1879 690 celebr-at
1897 658 1934 690 ⁴&
1941 664 2034 700 panis
2047 660 2125 693 obla-

1243 702 1352 733 tionem
1375 725 1381 731 .
1407 699 1535 736 Mithra
1560 727 1572 744 ‚
1597 701 1764 740 Persarum
1801 707 1894 741 Deus
1920 732 1931 748 ‚
1954 709 2126 745 colebatur

1244 749 1342 783 etiam
1359 750 1393 783 in
1417 751 1524 786 vicina
1537 754 1630 798 Syria
1643 779 1655 796 ‚
1680 755 1820 800 ideoque
1839 757 1995 792 existimo
2018 759 2128 803 Cyril-

1244 798 1312 833 lum
1335 798 1376 833 ad
1396 801 1447 844 jus
1468 802 1646 847 spestacula
1662 805 1801 841 allufiffe
1830 833 1838 840 .
1866 808 2021 844 Affirmat
2041 810 2125 844 inter

1243 848 1374 908 Mithra}
1392 852 1561 888 &Christi
1575 866 1692 900 panem
1715 858 1855 891 essenon
1878 859 1977 903 solius
1989 860 2127 895 sanctifi-

1243 908 1383 934 cationis
1408 914 1447 936 ac
1472 903 1747 941 immundationis
1777 905 1995 951 differentiam
2021 934 2033 950 ,
2070 910 2126 945 sed

1243 950 1341 984 etiam
1364 950 1452 986 hanc
1469 967 1481 987 :
1508 953 1608 989 Panis
1630 957 1667 990 fit
1692 958 1823 1001 Corpus
1845 952 1985 998 Christi,
2012 960 2125 994 vinum

1241 997 1368 1034 Christi
1390 1002 1547 1047 Sanguis.
1575 1005 1729 1041 Affirmat
1749 1019 1867 1051 panem
1889 1009 2049 1044 &vinum
2071 1021 2126 1054 per

1243 1049 1364 1084 Divini
1390 1051 1551 1087 Nominis
1577 1055 1823 1091 invocationem
1845 1082 1857 1098 ,
1882 1070 1950 1093 non
1974 1060 2127 1104 qualiter-

1243 1111 1404 1145 cumque,
1433 1102 1485 1136 sed
1507 1104 1651 1139 omnino
1670 1106 1992 1143 transubstantiative
2012 1110 2125 1145 sansti-

1245 1151 1350 1186 ficari.
1377 1152 1456 1187 Hoc
1467 1152 1572 1198 ipsum
1586 1155 1683 1190 docet
1701 1157 1738 1190 in
1752 1158 1844 1192 tertia
1855 1157 2024 1194 Catechefi
2036 1185 2047 1201 ‚
2073 1151 2128 1195 ex'-

1246 1211 1369 1243 ponens
1381 1202 1626 1240 sacrosanctum
1638 1205 1830 1241 Christianae
1851 1207 2128 1245 confirmationis

1245 1250 1396 1286 chrisma
1411 1265 1418 1284 ε
1448 1256 1598 1289 Caeteri'tm
1608 1257 1679 1290 vide
1694 1268 1730 1290 ne
1738 1258 1817 1291 illud
1834 1259 1885 1301 effe
1892 1267 1985 1301 putes
1996 1271 2128 1304 unguen·

1244 1309 1307 1333 tum
1328 1302 1446 1335 tantum
1472 1327 1479 1334 .
1508 1306 1766 1347 ‚Quemadmodum
1789 1314 1868 1340 enim
1891 1315 1984 1351 pani:
2007 1309 2128 1343 Eucha-

1245 1350 1331 1394 ristiae
1351 1351 1413 1393 post
1423 1350 1660 1396 sanclispiritus
1678 1360 1895 1393 invocationem
1917 1370 1977 1391 non
1995 1361 2127 1401 amplius

1244 1400 1280 1441 est
1286 1408 1381 1443 panis
1407 1408 1564 1436 communis
1578 1428 1589 1444 ,
1610 1402 1671 1449 sed
1692 1405 1731 1440 el?
1752 1410 1866 1448 corpus
1877 1406 1990 1449 chrisi}
2001 1421 2018 1451 ,-
2034 1407 2075 1450 fic
2092 1410 2128 1444 6·

1239 1450 1375 1495 fandum
1397 1451 1450 1485 bot
1475 1464 1655 1497 unguentum
1674 1466 1731 1488 non
1743 1457 1873 1498 amplius
1892 1457 1930 1497 est
1940 1467 2126 1502 unguentum

1245 1503 1376 1542 nudum,
1403 1514 1517 1545 neque,
1539 1503 1572 1545 fi
1588 1510 1658 1547 quis
1677 1511 1725 1537 ita
1750 1509 1899 1548 appellare
1920 1510 2027 1548 malit,
2053 1519 2127 1542 com-

1245 1563 1332 1587 mune
1343 1576 1355 1592 ,
1376 1552 1533 1596 postquam
1545 1556 1618 1595 jam
1628 1553 1826 1596 consecratum
1837 1556 1875 1597 est
1884 1579 1896 1597 ,
1902 1556 1936 1600 se
2022 1556 2127 1601 Chris-

1245 1614 1312 1642 ma,
1337 1604 1422 1647 quod
1430 1602 1540 1644 christi
1561 1605 1596 1639 Θ
1599 1603 1700 1647 sanai
1710 1608 1862 1648 spiritus,
1887 1609 1925 1641 td
1933 1607 2001 1649 estg
2033 1612 2126 1641 Divi-

1244 1658 1353 1687 nitatis
1372 1654 1438 1693 ejus
1454 1651 1648 1696 praes‘entiam
1670 1655 1773 1696 effiit.
1800 1657 1889 1691 Cum
1912 1648 2033 1695 Sancto
2045 1659 2126 1693 Gre-

1243 1702 1340 1747 gorio
1351 1703 1501 1748 Nyffeno
1514 1703 1752 1741 Eucharistiam
1774 1707 1808 1741 ἀ
1820 1706 1971 1742 Chrisma
1981 1709 2023 1742 fic
2034 1719 2128 1742 com-

1246 1763 1352 1797 parat,
1378 1762 1415 1786 ut
1439 1754 1644 1789 tameninter
1667 1756 1735 1799 ipsa
1759 1767 1860 1800 ponat
1880 1757 2127 1802 grandediscri-

1245 1814 1337 1840 men,
1369 1802 1596 1848 Unguentum
1616 1804 1787 1841 dumtaxat
1811 1807 1852 1841 ad
1864 1807 1962 1843 nobis
1982 1808 2126 1842 dandam

1245 1853 1339 1887 sancti
1352 1853 1478 1896 spiritus
1500 1865 1554 1896 per
1566 1855 1685 1898 septem
1699 1856 1799 1890 Dona
1820 1859 2019 1902 praesentiam
2032 1883 2043 1899 ‚
2068 1869 2124 1902 pa-

1246 1915 1320 1938 nem
1341 1914 1450 1939 autem
1471 1904 1608 1939 affirmat
1630 1905 1821 1943 sanctificari
1835 1932 1848 1951 ,
1874 1918 1912 1942 ut
1932 1907 1971 1942 fit
1995 1908 2123 1952 Corpus

1246 1952 1371 1990 Christi
1383 1979 1391 1986 .

1282 2010 1283 2013 ’
1295 2003 1338 2038 Et
1350 2001 1418 2039 haec
1429 2005 1503 2039 sunt
1514 2003 1649 2041 Parrum
1662 2006 1754 2047 ioca,
1778 2007 1820 2042 de
1832 2006 1949 2052 quibui,-
1961 2009 2119 2054 gloriatur

1247 2054 1280 2088 in
1294 2065 1411 2098 quarto
1422 2054 1673 2090 Institutionum
1695 2056 1781 2091 libro
1793 2059 1936 2102 Joannes
1947 2059 2123 2093 Calvinus.

1246 2104 1360 2138 Sacro·
1372 2105 1514 2139 sanetum
1536 2104 1913 2143 Transubstantiationis
1934 2108 2125 2152 mysterium

1247 2154 1426 2197 proscindit
1444 2154 1621 2196 convitiis,
1648 2157 1787 2192 affirmat
1808 2159 1954 2203 antiquis
1974 2159 2124 2194 Ecclefiae

1246 2204 1394 2239 Patribus
1403 2203 1682 2250 fuiffeignotum,
1703 2215 1800 2250 atque
1810 2209 2030 2252 prosequitur:
2059 2214 2123 2243 Ne·
2138 2200 2210 2234 αρ’
2234 2208 2281 2232 ¹⁷·

1246 2267 1292 2289 mo
1303 2255 1340 2296 est
1362 2259 1520 2293 Veterum,
1545 2260 1597 2296 qui
1614 2253 1706 2298 sacra
1715 2260 1817 2290 Coenae
1839 2258 1971 2296 symbola
1994 2270 2052 2291 non
2063 2259 2124 2301 fa·
2138 2247 2216 2270 num'
2235 2249 2280 2274 Μ’

1247 2315 1344 2340 ceatur
1355 2303 1473 2347 disertis
1485 2304 1587 2338 verbis
1606 2313 1716 2346 panem
1736 2307 1891 2341 &vlnum
1903 2308 1974 2351 effe,
1999 2308 2054 2350 etfi
2069 2321 2126 2344 va-

1247 2362 1303 2390 riis
1313 2354 1449 2397 epithetis
1471 2356 1523 2388 illa
1534 2356 1683 2388 interdum
1693 2355 1850 2401 insigniunt
1869 2359 1914 2390 ad
1919 2360 2125 2392 commendan-

1249 2407 1321 2439 dam
1333 2403 1458 2444 Mysten!
1468 2404 1662 2448 dignitatem.
1691 2410 1779 2440 Nam
1790 2408 1871 2449 quod
1888 2409 1992 2441 dicunt
2004 2414 2036 2441 tn
2060 2420 2124 2442 con-

1246 2455 1406 2500 secratione
1424 2454 1491 2497 fieri
1499 2465 1642 2489 arcanam
1659 2456 1869 2497 converfionem
1879 2482 1891 2498 ,
1917 2467 1951 2491 ut
1953 2460 2026 2499 jam
2042 2460 2129 2493 atiud

1243 2506 1281 2550 fit
1302 2517 1394 2548 quam
1410 2510 1504 2546 panis
1533 2507 1567 2539 o·
1587 2510 1717 2546 vinum,
1743 2515 1834 2548 nuper
1855 2508 1999 2541 admonui
2016 2520 2049 2543 eo
2068 2521 2126 2543 non

1245 2555 1407 2600 significare
1432 2560 1464 2587 in
1490 2554 1615 2588 nibilum
1639 2554 1706 2598 ipsa
1732 2558 1827 2602 redigi
1852 2581 1864 2597 ‚
1894 2556 1954 2601 sed
1968 2560 2042 2600 jam
2066 2561 2125 2592 alio

1251 2608 1308 2640 loco
1330 2604 1468 2639 habenda
1485 2605 1537 2647 effe
1560 2629 1570 2645 ,
1596 2607 1687 2648 quam
1708 2607 1781 2639 alios
1803 2607 1881 2640 cibos
1900 2631 1912 2647 ‚
1936 2613 1989 2649 qui
2005 2609 2124 2642 dumta-

1253 2666 1308 2688 xat
1330 2656 1373 2687 ad
1381 2653 1560 2698 pascendum
1579 2664 1717 2689 ventrem
1734 2654 1809 2700 sunt
1819 2656 1974 2696 destinati:
2003 2661 2080 2691 Cum
2090 2664 2124 2692 in

1254 2713 1291 2739 iis
1317 2705 1403 2739 nobis
1426 2704 1599 2738 exhibeatur
1628 2704 1798 2751 spiritualis
1835 2711 1947 2740 animae
1980 2707 2063 2741 cibus
2088 2710 2123 2743 ό·

1252 2765 1366 2799 ροικμ
1389 2757 1428 2789 Id
1437 2766 1529 2798 neque
1546 2766 1597 2788 nos
1607 2767 1747 2799 negamus
1758 2780 1770 2795 ,.
1797 2757 1829 2788 5i
1840 2756 1982 2799 conversio
1994 2757 2052 2798 est,
2077 2763 2123 2792 in·

1258 2812 1361 2849 quiunt
1376 2804 1440 2845 isti,
1467 2805 1711 2848 neceffetgsffaliud
1721 2816 1759 2838 cx
1778 2807 1837 2838 alio
1853 2806 1923 2848 fieri
1935 2831 1943 2838 .
1972 2809 2125 2841 Stintelll-

1252 2866 1329 2901 gant
1336 2855 1403 2898 fieri
1415 2857 1533 2897 aliquid
1541 2857 1621 2898 quod
1623 2857 1708 2897 prius
1719 2866 1777 2888 non
1787 2864 1852 2888 erat
1864 2881 1874 2896 ,
1899 2854 2064 2900 adsentior.
2092 2861 2124 2891 si

1257 2908 1298 2938 ad
1311 2905 1398 2949 fitam
1417 2907 1502 2938 illam
1522 2911 1761 2950 imaginationem
1780 2904 1900 2940 trabere
1914 2906 2019 2940 volunt
2032 2931 2043 2948 ‚
2070 2906 2127 2951 res2

1255 2958 1406 2998 pondeant
1420 2954 1493 2988 mibi
1506 2979 1517 2995 ,
1542 2966 1631 2998 quam
1650 2961 1839 2988 mutationem
1857 2956 1924 2998 fieri
1944 2954 2079 2999 censeant
2092 2963 2126 2990 in

1260 3004 1415 3049 Baptismo
1427 3029 1434 3037 .
1446 3009 1532 3040 Nam
1546 3007 1651 3039 Patres
1661 3005 1709 3038 hic
1719 3016 1830 3047 quoque
1843 3005 1998 3048 mirificam
2008 3017 2127 3041 conver-

1253 3055 1359 3098 fionem
1364 3056 1498 3097 statuunt
1508 3079 1518 3095 ,
1543 3066 1607 3088 cum
1618 3056 1720 3089 dicunt
1739 3066 1778 3088 ex
1790 3056 1971 3098 corruptibili
1989 3058 2126 3091 elemento

1255 3106 1323 3149 fieri
1329 3104 1484 3151 spirituale
1494 3110 1604 3139 anima
1613 3106 1771 3140 lavacrum
1782 3117 1790 3137 ι
1819 3110 1935 3148 Aquam
1955 3115 2056 3141 tamen
2065 3120 2126 3141 ma-

1261 3168 1328 3190 nere
1349 3166 1431 3190 nemo
1451 3163 1541 3200 negat
1561 3180 1569 3187 .
1606 3152 1646 3189 Δ
1672 3154 1751 3189 nihil
1772 3180 1782 3196 ,
1806 3161 1949 3199 inquiunt
1970 3180 1981 3196 ,
2007 3159 2068 3192 tale
2093 3164 2127 3189 in

1262 3205 1416 3249 Baptismo
1426 3204 1568 3246 habetur,
1596 3207 1685 3247 quale
1706 3206 1784 3239 illud
1802 3206 1840 3247 est
1857 3213 1889 3239 in
1911 3210 2005 3240 Coena
2030 3219 2038 3238 :
2066 3213 2128 3242 Hoc

1261 3257 1298 3295 est
1308 3261 1422 3298 corpus
1435 3266 1529 3287 meum
1543 3279 1550 3286 .
1573 3255 1714 3298 ‚Quafide
1726 3256 1827 3289 verbis
1834 3256 1893 3289 illis
1904 3266 2012 3300 agatur
2023 3279 2035 3296 ,
2061 3267 2128 3298 quae

1260 3305 1334 3349 satis
1348 3307 1518 3348 expeditum
1523 3302 1643 3349 sensum
1653 3305 1763 3339 habent
1771 3331 1782 3348 ,
1810 3317 1845 3339 ac
1856 3317 1912 3339 non
1918 3306 2017 3348 potius
2027 3306 2065 3338 de
2075 3306 2129 3339 illa

1263 3367 1329 3389 voce
1339 3355 1530 3397 converfionis
1541 3378 1553 3395 ‚
1578 3367 1645 3396 quae
1659 3356 1741 3389 nibil
1746 3357 1874 3397 amplius
1898 3361 1931 3388 in
1942 3359 2036 3389 Coena
2042 3353 2129 3400 figni-

1258 3406 1349 3449 ficare
1359 3406 1443 3440 debet
1452 3430 1462 3446 ,
1481 3416 1570 3447 quam
1581 3411 1613 3437 in
1625 3403 1783 3449 Baptismo
1792 3428 1799 3436 .
1825 3405 1953 3439 Valeant
1962 3411 2053 3450 igitur
2065 3418 2129 3440 cum

2033 3455 2095 3497 istis
