2372 3756
427 154 528 194 206

367 245 369 247 -
406 233 489 278 Qae
509 229 821 277 omniavinfigniter
844 231 1084 267 confirmantur
1103 242 1145 265 ex
1164 230 1241 264 San·

954 145 1597 194 Drssenrarro

1305 229 1430 262 Divina
1443 229 1587 263 Domini
1610 228 1705 265 verba
1719 229 1797 267 Deo
1818 231 1909 269 Patri
1920 237 2080 283 supplicat
2098 237 2190 275 suam

218 271 280 302 ij·
300 282 322 301 ¹·
355 284 407 317 ἂο
431 281 630 327 Fulgentio.
658 282 794 318 Etenim
821 282 906 317 inter
919 282 1135 327 quaestiones,
1160 290 1241 323 quas
1306 278 1514 315 oblationem
1523 278 1591 321 fieri
1602 288 1727 320 ratam,
1752 284 1983 328 rationabilem,
2007 291 2100 333 atque*
2113 300 2190 324 acce.

215 322 277 351 cap.
291 324 320 342 2·

325 1738 435 1783 eloquio
444 1751 456 1773 .·
482 1740 613 1779 spiritus
631 1737 762 1771 sanam
770 1736 963 1780 superveniet
975 1741 1008 1770 in
1022 1745 1053 1771 re
1065 1759 1076 1776 ,
1101 1738 1137 1772 <5
1147 1742 1213 1773 vir·-

324 1797 375 1823 ws
397 1789 530 1829 Alnffimi
552 1786 739 1821 obrumbabit
762 1787 818 1820 ribi
833 1812 844 1829 ,
873 1788 995 1832 ideoque
1015 1788 1097 1830 quod
1117 1786 1213 1831 nasce·

324 1848 378 1874 tur
389 1851 428 1873 ex
439 1848 469 1873 te
479 1838 622 1873 Sandum
633 1862 644 1878 ‚
668 1837 826 1872 vocabitur
838 1840 939 1872 Filius
954 1842 1012 1872 Det
1023 1862 1030 1869 .
1059 1837 1212 1872 Affirmat

326 1889 454 1926 Latinae
475 1891 575 1924 etiam
594 1889 743 1923 Ecclefiae
765 1886 1143 1923 Miffalibuslibristunc
1163 1888 1214 1923 in-

324 1941 422 1975 fuine
445 1950 553 1983 preces
574 1939 681 1975 sancti
705 1939 844 1983 Spiritus
862 1939 1071 1973 invitatorias
1092 1938 1134 1972 ad
1157 1949 1211 1982 pe·

325 1990 510 2036 ragendum
525 1990 717 2034 mysterium
731 1989 908 2024 tremendae
933 1989 1189 2023 consecrationis
1200 2013 1211 2030 ,

189 2045 255 2078 Libae
282 2055 307 2084 3.
325 2042 359 2079 δε
382 2040 734 2077 transelementationis
756 2064 763 2073 .
794 2040 837 2073 Et
863 2039 920 2074 dat
940 2040 1071 2074 causam
1086 2053 1097 2073 .·
1124 2041 1211 2082 ‚Quia

186 2096 287 2126 c²P·4-
323 2094 403 2126 idem
426 2095 505 2126 Deus
528 2091 611 2125 bomo
626 2115 635 2131 ,
660 2096 712 2133 qui
730 2089 823 2132 semel
842 2098 931 2123 natus
953 2089 991 2128 est
1015 2101 1053 2123 ex
1065 2093 1210 2133 Virgine,

331 2145 464 2186 quotidie
481 2142 563 2174 nobis
574 2148 607 2174 m
616 2142 708 2173 altari
720 2138 851 2182 nascitur
862 2164 873 2179 ‚
900 2139 1021 2182 ideoque
1039 2151 1098 2172 non
1109 2146 1208 2172 minus

324 2193 372 2226 bic
383 2194 417 2227 Θ
429 2203 507 2225 nunc
518 2216 529 2231 ,
558 2193 650 2234 quim
664 2189 715 2222 ibat
728 2191 762 2224 &
773 2197 842 2222 tunc
852 2198 924 2231 opus
944 2189 981 2229 est
1003 2191 1116 2231 Spiritu
1137 2190 1210 2222 san·

323 2243 387 2277 80.
415 2243 555 2276 Easdem
583 2251 690 2284 preces
702 2240 827 2283 respicit
839 2241 873 2274 ἀ
884 2240 996 2275 laudat
1019 2239 1157 2274 inlibris
1168 2240 1210 2273 de

322 2292 517 2328 saussiffima
528 2291 699 2326 Trinitate
710 2291 844 2324 Sanstus
857 2290 1065 2334 Augustinus
1079 2302 1086 2323 :
1114 2291 1209 2333 ,Quod

317 2352 378 2387 per
398 2354 504 2376 manus
529 2341 680 2375 hominum
702 2342 748 2373 ad
764 2341 849 2373 illam
875 2336 1017 2382 vtfibilem
1040 2341 1132 2384 panis
1138 2338 1210 2384 spe-

323 2400 396 2427 ciem
404 2395 575 2435 perducitur
590 2416 601 2433 ‚
631 2403 688 2425 non
704 2389 910 2434 [audificatur
921 2415 932 2431 ,
959 2401 993 2424 ur
1003 2390 1040 2432 fit
1059 2400 1128 2423 tam
1145 2402 1211 2422 ma·

317 2456 416 2488 gnum
426 2446 652 2477 sacramentum
664 2466 674 2483 ,
704 2439 760 2482 m'fi
764 2450 905 2482 operante
919 2439 1104 2482 invifibiliter
1114 2442 1209 2481 spiri-

323 2504 358 2528 tu
371 2497 427 2527 Det
442 2519 450 2527 .
479 2492 583 2540 Quod
607 2492 672 2526 istae
693 2502 802 2535 preces
814 2491 936 2525 fuerint
949 2490 1207 2530 solemniffimae‚

323 2545 451 2580 evincit
479 2543 642 2587 propofita
657 2553 710 2585 per
724 2541 918 2575 Monimum
927 2541 1080 2584 quaestio.
1109 2540 1150 2573 Et
1163 2549 1209 2573 ta-

324 2607 399 2629 men
414 2595 553 2638 ipsarum
566 2593 676 2628 nuilus
698 2591 807 2635 aperte
818 2593 971 2626 meminit
984 2591 1139 2633 antiquus
1150 2589 1209 2625 Pa-

325 2654 374 2680 ter
397 2670 407 2686 ,
434 2643 492 2678 nifi
519 2644 606 2678 solus
625 2668 636 2686 ,
662 2642 715 2676 cui
743 2641 864 2676 multas
888 2642 1045 2676 debemus
1066 2641 1210 2685 gratias,

327 2695 462 2730 Sanetus
475 2693 686 2740 Fulgentius.
706 2691 799 2740 Qid
814 2702 894 2736 ergo
905 2693 1024 2726 mirum
1040 2691 1085 2726 est
1098 2716 1108 2732 ,
1119 2690 1208 2733 quod

327 2745 429 2779 etiam
452 2746 543 2779 istius
570 2743 761 2786 posteriores
784 2742 915 2776 Graecos
927 2744 1016 2777 fasstae
1041 2741 1208 2784 transposi-

329 2795 433 2830 tionis
445 2805 512 2829 non
526 2794 703 2829 habeamus
715 2803 824 2836 aperta
834 2792 1046 2827 testimonia?
1071 2790 1211 2825 Verum·

328 2854 439 2880 tamen
463 2845 573 2880 Sanffi
589 2843 708 2886 Cyrilli
732 2843 959 2877 testimonium
980 2843 1025 2878 est
1037 2842 1208 2886 satisaper-

330 2904 422 2929 tum.

382 2944 537 2979 Praeterea
557 2942 741 2978 &Latinae
759 2943 796 2977 &
817 2943 935 2978 Graecae
960 2943 1117 2990 Liturgiae
1134 2967 1146 2984 ‚
1171 2941 1211 2976 li-

329 3005 383 3032 cet
396 2996 427 3029 in
441 2992 667 3028 accidentibus
679 2993 831 3027 differant
843 3017 855 3034 ,
881 2992 992 3029 eadem
1010 2994 1055 3029 est
1069 2993 1209 3029 substan·

329 3046 376 3080 tia
388 3070 399 3087 ,
425 3045 514 3079 idem
539 3042 760 3078 substantialis
769 3043 852 3077 ordo
866 3058 877 3077 :
904 3044 948 3078 Et
959 3045 1039 3088 quin
1053 3045 1127 3079 istas
1139 3055 1209 3087 pre·

329 3107 384 3131 ces
401 3095 528 3129 Latina
540 3094 622 3128 oiim
643 3093 786 3130 Ecclesia
805 3103 882 3128 ante
895 3093 1052 3129 solemnia
1065 3093 1207 3129 Domini

332 3144 427 3180 verba
450 3145 572 3179 dixerit
586 3169 597 3185 ‚
623 3156 692 3178 non
715 3142 761 3177 est
771 3141 1008 3179 dubitandum.
1035 3145 1116 3190 Haec
1130 3145 1208 3178 sem-

332 3207 387 3239 per
410 3195 549 3230 credidit
572 3195 668 3239 seper
694 3192 753 3228 ista
765 3194 861 3228 verba
873 3196 1071 3230 consecrare.
1105 3194 1208 3228 Nico-

178 3261 251 3301 th
267 3268 312 3299 30·
332 3246 401 3279 laus
424 3245 586 3279 Cabafiias
605 3269 617 3286 ,
642 3244 699 3287 qui
724 3244 896 3288 antiquam
928 3245 1123 3279 Latinorum
1148 3244 1210 3278 Ec·

332 3295 461 3329 cleiiam
485 3320 495 3335 ,
521 3296 555 3330 ἀ
575 3296 680 3339 ipsum
702 3291 899 3329 hodiernum
920 3296 1029 3331 Sanffi
1053 3294 1206 3340 Gregorii

331 3344 463 3379 Miffale
473 3345 579 3380 studet
592 3345 753 3381 vocarein
769 3346 862 3379 suum
883 3356 1023 3381 errorem
1034 3369 1047 3387 ,
1071 3345 1207 3379 manife-

330 3394 378 3430 ste
389 3394 491 3438 perdit
502 3405 632 3437 operam
642 3420 653 3435 ,
665 3394 852 3430 &inaniter
864 3396 897 3430 se
908 3396 1027 3441 fatigat
1036 3421 1044 3429 .
1072 3395 1206 3429 Etenim

351 331 400 365 illi
426 332 600 366 Monimus
622 332 790 376 proposuit
812 357 823 373 ,
850 331 914 367 fuit
937 331 973 366 δε
999 330 1068 366 haec
1092 345 1103 366 .-
1131 334 1194 363 Cur
1219 331 1240 362 ἃ
1301 329 1450 370 ptabilem
1470 353 1481 369 ,
1506 338 1540 363 ut
1561 328 1649 363 nobis
1667 338 1771 373 corpus
1797 334 1832 367 <y
1849 332 1975 378 sanguis
1988 339 2047 380 fia,
2066 343 2189 373 nomm

352 384 448 416 Patre
473 383 637 416 mittendus
660 385 706 416 ad
727 381 957 425 confi’crandum
977 379 1157 424 sacrificium
1182 390 1239 412 cor·

346 438 429 475 poris
454 434 490 468 ό·
506 431 666 478 sanguiniir
691 435 814 465 Domini
839 433 972 472 spiritus
986 428 1239 471 sanauspostule·

349 483 423 517 tur?
449 483 495 518 Et
516 483 712 527 Fulgentius
729 480 915 524 respondit:
935 484 1020 526 Jam
1032 490 1110 514 nunc
1123 480 1179 513 illa
1189 491 1237 512 no-

211 551 273 582 Ub·
304 560 319 582 Ξ
348 532 396 566 bis
410 532 450 574 est
463 535 502 568 de
523 536 651 575 Spiritus
663 530 765 565 San&
780 531 900 571 mifflone
909 530 1025 573 quaestio
1034 529 1217 565 reuoluenda
1229 554 1236 562 .

209 599 274 632 cap,
303 597 328 624 6,
346 586 413 617 Cur
429 581 557 627 scilicet,
583 581 614 624 fi
629 588 708 626 omni
731 585 877 614 Trinitas}
893 580 1072 624 sacrificium
1093 578 1234 619 offertur,

345 634 391 666 ad
407 632 658 676 sanc‘lificandum
678 632 834 665 oblationis
859 630 964 671 nostroe
989 641 1099 664 munus
1133 629 1234 665 San&

344 685 477 725 spiritus
501 682 623 717 tantum
643 683 729 723 mrffio
746 682 908 725 postuletur
921 681 938 712 ,ἕ
963 678 1062 724 ,Quafi
1079 682 1150 714 verb
1163 704 1174 721 ,
1199 689 1233 714 ut

343 739 389 766 ita
402 734 500 766 dicam
511 755 524 772 ,
547 730 610 776 ipse
623 734 715 766 Pater
729 735 813 766 Deus
823 757 835 774 ,
861 733 881 764 ἃ
892 743 948 773 quo
960 734 1090 772 spiritus
1101 729 1231 764 sanlius

337 785 474 826 procedit
494 808 506 825 ,
525 782 708 825 sacrificium
734 781 791 823 sibl
816 783 945 815 oblatum
964 778 1152 823 sanblificare
1174 792 1232 814 non

336 834 440 877 poffit‚
467 843 521 868 aut
541 832 602 877 lpse
611 831 689 873 filius
710 830 896 874 sandi-ficare
920 839 1046 874 nequeat
1055 829 1229 876 sacrificium

340 883 545 928 corpor-issar,
570 884 652 926 quod
671 882 822 923 offbrimus
847 893 901 916 nos
915 906 926 923 ‚
950 891 1016 917 cum
1026 889 1132 924 corpus
1138 880 1228 925 suum

339 933 400 977 ips?
416 932 686 977 sandifimverit,
707 933 789 975 quod
812 931 936 974 obtulit,
964 941 999 966 ur
1026 943 1080 966 nos
1105 933 1227 966 redime-

338 994 407 1023 ret,
433 992 487 1017 aut
508 989 555 1017 ira
576 985 709 1025 Spiritus
732 982 861 1017 Serulius
872 984 916 1016 ad
931 981 1159 1026 consecrandum
1169 982 1227 1017 Ec-

337 1033 429 1075 clefiae
456 1027 636 1077 sacrificium
655 1034 828 1068 vo'n'mcrufflus
853 1032 894 1075 fir
917 1058 931 1075 ,
951 1041 1101 1076 tanquam
1134 1037 1227 1067 Pater

336 1086 372 1121 ὁ*
389 1083 474 1126 filius
496 1082 754 1127 sacrificantibus
772 1082 868 1125 defint
890 1109 897 1116 .
926 1083 1143 1119 Demonstrat
1166 1095 1227 1117 no-

334 1134 436 1169 strum
469 1134 667 1170 sacrificium
695 1134 890 1169 sanctificari
920 1134 963 1170 ab
992 1133 1149 1169 omnibus
1172 1135 1223 1169 tri·

335 1184 397 1219 bus
420 1184 594 1225 Petronis,
616 1182 709 1220 addit
733 1195 788 1228 per
814 1185 974 1229 Spiritum
988 1185 1142 1220 Sanstum
1163 1185 1222 1219 fre-

335 1245 474 1279 quenter
496 1235 531 1270 in
552 1235 650 1269 sacris
671 1235 789 1271 litteris
809 1235 953 1280 intelligi
967 1234 1084 1270 diffusa
1107 1245 1162 1280 per
1175 1234 1222 1278 ip-

180 1306 252 1345 cm
271 1315 314 1336 ιο,
332 1287 406 1320 sum
419 1285 554 1321 donain
569 1285 686 1322 nostris
697 1283 1116 1326 cordibns‚&concludit.·
1143 1288 1222 1319 Cum

332 1342 435 1380 itaque
454 1335 581 1380 Ecclesia
601 1339 747 1378 spiritum
772 1336 916 1370 Sandum
929 1334 986 1377 fibi
1001 1337 1118 1369 celitus
1127 1333 1219 1376 postu-

330 1386 378 1421 lat
401 1392 485 1420 mitti
506 1410 516 1427 ,
542 1388 650 1420 donum
677 1385 734 1427 fibi
756 1385 918 1421 charitatis
946 1386 981 1420 (ἓν
1003 1390 1220 1420 unanimitatis

325 1436 461 1481 postulat·
478 1439 499 1470 ἃ
523 1440 584 1470 Deo
599 1435 745 1478 conferri.
772 1437 909 1479 ,Quande
917 1440 1218 1478 aurei-incongruen-

328 1488 391 1521 tius
413 1512 424 1528 ,
449 1489 543 1531 quiin
563 1488 610 1518 ad
636 1484 866 1527 consecrandum
885 1484 1070 1530 fixa-riflum
1088 1491 1217 1527 corporis

329 1536 463 1576 Christi,
486 1533 593 1579 sanda
612 1534 737 1577 Ecclefia
756 1557 768 1575 ,
792 1547 861 1579 quae
891 1543 993 1579 corpus
1021 1535 1061 1576 est
1083 1534 1195 1576 cbnffl
1208 1558 1220 1576 ‚

326 1588 457 1629 Spiritus
481 1585 586 1620 San&
606 1583 745 1629 deposcas
764 1587 936 1621 adventum
948 1610 959 1626 ,
985 1597 1054 1629 quae
1063 1584 1161 1630 ipsum
1169 1597 1215 1619 ca-

321 1646 382 1681 put
402 1635 489 1681 suum
503 1635 665 1679 secundam
706 1647 825 1670 camem
846 1638 885 1670 de
902 1639 1016 1679 spiritu
1037 1636 1146 1670 scm&
1166 1647 1219 1672 no-

324 1694 408 1722 verit
431 1689 561 1723 ntum?
588 1689 633 1721 Sic
656 1692 737 1721 enim
758 1687 892 1730 Angelico
904 1690 1004 1720 Maria
1031 1686 1216 1728 informatur

1304 377 1479 424 nqllriJesu
1500 378 1628 420 Christi.
1655 379 1735 416 Hoc
1754 382 1927 420 verborum
1950 388 2187 432 compendium

1303 427 1452 475 Magnus
1471 429 1654 475 Gregorius
1678 431 1787 475 posuit
1809 433 1844 469 in
1862 435 1975 471 locum
1997 436 2189 483 longiorum

1302 489 1436 521 precum
1456 504 1468 521 ,
1494 492 1575 526 quas
1600 481 1715 518 laudat
1733 483 1870 519 Sanaestus
1892 486 2089 533 Fulgentius
2106 514 2115 522 .
2142 491 2188 525 Et

1300 527 1451 564 Monimi
1476 531 1690 574 quaestionem
1717 532 1860 577 praecidit
1875 559 1884 569 .
1909 537 2013 573 Suum
2033 549 2189 584 compen-

1299 579 1391 614 dium
1403 580 1524 615 dixerit
1548 591 1619 617 non
1630 582 1671 620 ad
1692 583 1791 619 fausti
1802 585 1940 629 Spiritus
1958 611 1970 628 ,
1995 589 2052 624 sed
2074 587 2116 625 ad
2128 600 2188 625 no-

1299 640 1376 664 men
1406 630 1473 665 Dei
1492 630 1598 666 Patris
1614 652 1622 665 ι
1651 632 1778 669 Eadem
1801 635 1898 671 verba
1917 635 2079 675 hahentur
2098 640 2187 684 apud

1297 679 1456 716 Sanstum
1480 678 1694 718 Ambrofium
1715 684 1752 719 in
1774 696 1892 730 quarto
1909 686 1994 723 libro
2016 689 2060 725 de
2079 691 2190 726 Sacra-

1296 730 1433 773 mentis,
1461 731 1604 777 ideoque
1624 733 1759 780 quidam
1771 736 1962 773 existimant
1987 749 2029 773 ex
2043 739 2185 776 Ambro·

1294 780 1383 817 fiano
1402 781 1527 818 Miffali
1541 793 1691 819 mutuata
1711 785 1872 831 aMagno
1892 788 2078 834 Gregorio.
2107 790 2182 825 Alii

1271 838 1273 840 “
1294 840 1404 869 tamen
1429 831 1509 869 inde
1529 834 1711 878 opinantur
1731 835 1834 872 libros
1855 836 1933 873 istos
1960 850 2027 874 non
2044 841 2110 875 effe
2129 852 2182 875 ve-

1293 882 1409 917 taciter
1427 882 1685 926 Ambrosianus,
1711 885 1764 921 sed
1778 887 1909 933 Magno
1930 889 2097 935 Gregorio
2121 902 2178 934 po·

1292 931 1457 967 steriores.
1485 933 1727 982 Qidquidsst,
1754 937 1836 981 quin
1856 939 1957 974 etiam
1970 939 2082 975 Graeca
2094 941 2178 975 olim

1293 982 1435 1017 Ecclesia
1466 982 1542 1017 istas
1556 985 1657 1019 saneti
1686 985 1823 1030 Spiritus
1854 988 2082 1025 advocatorias
2109 1001 2178 1034 pre·

1290 1042 1341 1067 ces
1359 1031 1477 1067 eodem
1487 1032 1607 1069 ordine
1617 1034 1739 1070 dixerit
1748 1060 1760 1078 ‚
1784 1038 1914 1074 videtur
1926 1052 1994 1075 non
2017 1039 2171 1075 dubitan-

1289 1083 1367 1117 dum
1380 1108 1389 1116 .
1417 1083 1554 1117 Etenim
1579 1083 1729 1120 notanda
1750 1086 1825 1122 sunt
1841 1087 1910 1124 haec
1931 1090 2099 1125 Bafilianae
2121 1091 2177 1126 Li-

1288 1133 1402 1178 turgiae
1432 1132 1526 1168 verba
1544 1147 1555 1168 .·
1586 1134 1775 1177 confidentes
1788 1135 1893 1180 sanilo
1924 1148 1976 1174 tuo
2001 1142 2095 1174 altari
2118 1150 2175 1184 ap-

1283 1188 1522 1228 propinquamus
1542 1206 1555 1224 ,
1580 1186 1615 1219 &-
1628 1185 1785 1229 propaſsus
1801 1186 1902 1231 san&
1917 1195 1964 1223 rui
1990 1196 2118 1233 corporis
2138 1193 2175 1226 er

1281 1230 1439 1278 sanguinis
1458 1239 1605 1277 mitypls
1620 1247 1765 1279 rogamus
1777 1262 1786 1270 .
1817 1237 1896 1273 Alte
1916 1239 2063 1275 clamant
2086 1242 2118 1275 se
2127 1240 2176 1276 di·

1285 1283 1390 1317 cenda
1401 1285 1487 1324 effe,
1512 1285 1662 1328 adeoque
1682 1286 1766 1321 oiim
1789 1288 1883 1322 fuiffe
1900 1288 1983 1324 dista
2004 1291 2040 1325 in
2064 1291 2173 1334 primo

1283 1332 1486 1368 exprothefi
1508 1333 1550 1368 ad
1561 1334 1663 1370 altare
1683 1337 1832 1378 accessu,
1858 1338 1983 1374 dudum
1999 1350 2076 1375 ante
2095 1352 2175 1376 con-

1284 1383 1499 1418 secrationem
1510 1409 1517 1416 .
1546 1383 1711 1419 Altiffime
1720 1385 1804 1420 istud
1819 1387 1924 1431 ipsum
1935 1389 2056 1424 clamat
2064 1390 2172 1426 Sancti

1284 1433 1403 1478 Cyrilli
1433 1432 1631 1470 patriarcha
1662 1435 1884 1471 Alexandrini
1915 1439 2087 1485 Licurgia.
2114 1440 2171 1476 Et·

1281 1484 1371 1518 enim
1388 1483 1514 1520 dudum
1528 1485 1598 1528 post
1614 1485 1742 1530 prolata
1762 1487 1943 1523 Dominica
1965 1489 2062 1525 verba
2074 1501 2171 1536 rogat

1281 1533 1367 1569 mitti
1390 1535 1548 1580 Spiritum
1567 1536 1718 1572 Sanstum
1732 1534 1824 1580 fhper
1833 1537 1892 1572 bas
1911 1539 2073 1575 oblationes
2083 1552 2171 1577 vene·

1279 1586 1396 1619 mandas
1406 1610 1417 1626 ,
1435 1596 1509 1628 quas
1519 1592 1627 1628 incipio
1633 1595 1782 1629 apponere
1796 1599 1894 1622 coram
1906 1598 1947 1623 re.
1980 1591 2167 1637 Qomodo

1278 1635 1318 1669 ad
1330 1635 1435 1671 Miffae
1442 1635 1543 1670 finem
1554 1636 1643 1672 dicat
1654 1638 1812 1674 Sacerdos
1824 1650 1832 1670 :
1858 1644 1971 1681 Incipio
1983 1650 2132 1683 apponere
2146 1643 2165 1675 ,ἓ

1277 1685 1414 1720 Certum
1428 1685 1555 1720 videtur
1567 1697 1674 1730 preces
1687 1688 1763 1722 istas
1773 1688 1791 1722 ὲ
1803 1689 1920 1723 saneto
1933 1690 2063 1734 Cyrilio
2073 1692 2168 1728 finisse

1248 1774 1249 1779 Ἰ
1278 1734 1396 1779 pofitas
1417 1747 1487 1771 non
1513 1735 1571 1770 diu
1601 1738 1672 1781 post
1700 1749 1859 1784 magnum
1887 1740 2065 1775 introitum
2087 1765 2094 1773 .
2122 1741 2168 1776 Et

1275 1786 1459 1820 etiamnum
1483 1785 1585 1821 hodie
1607 1787 1726 1822 similes
1749 1800 1858 1832 preces
1882 1789 2002 1825 eodem
2023 1790 2100 1826 loco
2109 1789 2168 1828 ha-

1275 1835 1352 1870 bent
1365 1836 1473 1871 Sandi
1495 1836 1604 1871 Basilii
1622 1861 1634 1879 ,
1660 1838 1693 1872 δε
1713 1839 1811 1873 saneti
1833 1839 1948 1882 Jacobi
1961 1863 1973 1880 ‚
1995 1841 2164 1886 &pasen-

1274 1887 1335 1921 tim
1354 1886 1459 1921 Sanffl
1486 1885 1622 1929 Ioannis
1645 1886 1876 1931 Chrysostomi
1905 1889 2062 1936 Liturgiae
2081 1915 2090 1924 .
2116 1891 2167 1928 Si-

1275 1937 1458 1971 milesitem
1470 1935 1594 1971 habent
1614 1948 1692 1971 ante
1702 1937 1884 1973 Dominica
1903 1939 2017 1976 verba.
2044 1942 2165 1977 Omni·

1275 1985 1319 2021 ηό
1329 1986 1426 2022 credo
1438 1997 1555 2021 omnes
1564 2011 1575 2027 ‚
1601 1987 1636 2022 &
1648 1998 1729 2031 quas
1749 1999 1827 2024 ante
1837 2012 1850 2030 ,
1875 1989 1910 2023 &
1921 2000 2001 2033 quas
2011 1990 2083 2036 post
2097 1992 2164 2027 lau-

1273 2038 1348 2072 data
1382 2036 1479 2072 verba
1501 2034 1602 2072 hodie
1623 2038 1774 2073 videmus
1793 2063 1804 2080 ,
1830 2049 1938 2082 preces
1956 2041 2040 2076 olim
2067 2041 2163 2078 fuifl‘e

1273 2087 1484 2130 conjunctas.
1510 2086 1557 2120 Et
1569 2087 1614 2120 ita
1636 2089 1818 2122 etiamnum
1831 2087 1934 2124 hodie
1954 2091 2001 2125 est
2015 2091 2050 2124 in
2061 2091 2162 2127 Mina

1275 2135 1499 2180 AEthiopurn,
1529 2146 1613 2180 quos
1626 2146 1747 2171 certum
1758 2137 1806 2173 est
1819 2139 1944 2183 semper
1954 2140 2103 2185 spediaffe
2119 2141 2162 2177 ad

1273 2186 1540 2223 Patriarchatum
1555 2186 1817 2223 Alexandrinum
1830 2212 1842 2230 ,
1865 2188 2003 2226 &istius
2014 2190 2163 2226 Ecclesia

1272 2239 1372 2272 ritum
1396 2237 1490 2271 fuisse
1515 2237 1641 2271 secutos
1655 2261 1663 2269 .
1693 2238 1763 2272 lstae
1787 2250 1897 2281 preces
1919 2241 1994 2275 sunt
2015 2241 2061 2275 ibi
2082 2251 2161 2277 ante

1273 2290 1397 2333 prolata
1420 2287 1564 2321 Domini
1586 2286 1706 2326 verba,
1735 2288 1825 2321 nulla
1840 2288 1910 2331 post
1925 2288 1993 2333 ipsa
2016 2315 2023 2322 .
2052 2291 2098 2325 Et
2114 2292 2159 2330 ad

1272 2339 1396 2383 prolata
1419 2347 1474 2381 per
1498 2336 1705 2371 Sacerdotem
1728 2336 1912 2372 Dominica
1937 2341 2030 2384 super
2040 2351 2158 2384 panem

1272 2388 1368 2423 verba
1391 2386 1533 2431 populus
1551 2387 1662 2421 statim
1681 2387 1862 2422 acclamat:
1889 2394 1983 2422 Amen
2002 2414 2013 2430 ,
2041 2394 2134 2425 Amen
2145 2416 2159 2433 ,

1272 2443 1366 2472 Amen
1380 2462 1391 2478 ,
1415 2438 1562 2471 credimus
1575 2461 1587 2478 ,
1612 2437 1843 2480 &confidimus,
1860 2439 1895 2473 Θ
1904 2440 2065 2475 laudamus
2078 2451 2109 2476 te
2118 2466 2130 2484 ,
2141 2453 2160 2475 ο

1272 2493 1397 2522 Domine
1408 2490 1488 2521 Deus
1499 2487 1607 2528 noster.
1635 2490 1692 2520 Hoc
1703 2490 1775 2522 vere*
1783 2496 1888 2530 corpus
1901 2499 1987 2524 tuum
2009 2490 2064 2532 est.
2091 2492 2160 2526 Eo-

1271 2539 1346 2573 dem
1359 2538 1463 2572 modo
1473 2538 1632 2572 acclamat
1650 2539 1691 2572 ad
1705 2539 1888 2573 Dominica
1912 2539 2007 2576 verba
2030 2541 2156 2586 prolata

1271 2590 1361 2633 super
1368 2589 1505 2622 calicem
1516 2612 1524 2620 .
1554 2587 1670 2622 Palam
1684 2589 1858 2631 profitetur
1874 2591 2155 2626 consecrationem

1270 2641 1401 2684 peripsa
1414 2638 1543 2681 perfici.
1569 2637 1626 2672 Ad
1640 2637 1781 2673 eundem
1792 2638 2051 2675 patriarchatum
2069 2641 2103 2675 δε
2115 2642 2156 2676 ri-

1271 2701 1342 2724 tum
1355 2690 1438 2724 olim
1450 2689 1602 2732 spectavit
1615 2689 1714 2722 etiarn
1724 2688 1904 2723 orientalis
1917 2688 2010 2724 India
2023 2714 2034 2731 ,
2060 2701 2156 2734 utpo-

1270 2749 1303 2775 te
1317 2741 1358 2775 ad
1378 2738 1549 2774 Christum
1561 2739 1749 2773 Dominum
1760 2739 1913 2773 conversa
1932 2750 1987 2783 per
2000 2739 2154 2776 Sanctum

1270 2791 1522 2830 Frumemium,
1549 2788 1597 2822 illi
1614 2787 1726 2822 datum
1743 2789 2011 2824 &consecratum
2025 2790 2156 2834 Episco-

1271 2853 1348 2886 pum
1371 2842 1388 2874 ὲ
1402 2840 1534 2884 Magno
1558 2837 1756 2873 Athanasio.
1787 2839 1879 2873 Hinc
1899 2839 2033 2874 &istius
2043 2842 2154 2885 gentis

1270 2892 1403 2936 antiqua
1412 2916 1422 2932 ,
1435 2901 1535 2934 quam
1549 2889 1693 2933 vulgavit
1705 2889 1739 2922 δε
1748 2889 1766 2922 ὲ
1776 2889 1811 2923 N
1813 2889 1982 2923 estorianis
1992 2890 2155 2938 erroribus

1269 2942 1465 2986 expurgavit
1484 2939 1518 2974 in
1534 2940 1587 2973 sua
1604 2940 1849 2984 Angamanensi
1860 2939 2002 2983 Synodo
2022 2945 2153 2976 venera·

1269 2992 1346 3027 bilis
1364 2990 1504 3025 Alexius
1527 2990 1696 3023 Menezius
1709 3013 1720 3029 ,
1744 2999 1784 3022 ex
1805 2989 1918 3024 nostro
1941 2988 2070 3025 Ordine
2090 2991 2152 3026 Ar-

1268 3042 1493 3088 chiepiscopus
1503 3040 1642 3074 Goanus
1665 3039 1700 3073 &
1711 3039 1891 3074 orientalis
1900 3040 2000 3074 India:
2010 3041 2152 3082 Primas,

1269 3094 1367 3128 Mifl‘a
1389 3093 1423 3126 in
1448 3090 1641 3126 Sanctorum
1661 3089 1798 3124 Patrurn
1818 3090 1985 3136 Catalogo
2009 3091 2150 3135 primum

1269 3145 1378 3178 locum
1392 3140 1446 3176 dat
1457 3141 1576 3176 Sancto
1591 3137 1792 3174 Athanasio.
1819 3140 1945 3174 Eadem
1967 3140 2068 3176 Mifl'a
2079 3141 2152 3185 Spi-

1267 3192 1462 3229 ritusSanffi
1472 3190 1679 3226 invitatorias
1697 3188 1737 3224 ad
1760 3190 2019 3225 consecrandum
2040 3201 2150 3235 preces

1268 3244 1366 3283 habet
1379 3242 1505 3277 dudum
1515 3251 1592 3275 ante
1604 3240 1785 3275 Dominica
1798 3240 1893 3275 verba
1898 3241 1951 3282 ,δε
1960 3240 2067 3274 nullas
2077 3240 2149 3285 post

1266 3296 1331 3339 ipsa
1347 3320 1354 3328 .
1382 3294 1444 3328 Per
1453 3291 1518 3335 ipsa
1527 3291 1809 3326 consecrationem
1818 3291 1886 3325 fieri
1900 3289 2067 3324 manifeste
2079 3302 2149 3334 pro-

1266 3341 1519 3387 fiteturNempe
1531 3340 1726 3375 schismatici
1738 3341 1843 3375 Graeci
1852 3340 1981 3374 nullum
1991 3350 2068 3375 cum
2080 3340 2149 3375 istis

1265 3395 1356 3430 Indis
1376 3404 1522 3436 unquam
1542 3390 1682 3426 habuere
1698 3390 1934 3425 commercium
1956 3413 1968 3430 ‚
2006 3390 2149 3436 ideoque

332 3444 368 3481 in
386 3445 596 3492 Gregoriano
622 3444 746 3480 Miffali
776 3444 929 3483 Sacerdos
955 3444 1107 3492 proxime
1130 3457 1207 3483 ante
1264 3456 1378 3481 eorum
1389 3444 1538 3479 Rituales
1549 3442 1651 3477 libros
1662 3451 1728 3476 non
1739 3450 2144 3486 potueruntcorrumpere.

2016 3491 2101 3528 Ter-
