2352 3756
409 189 506 241 360

742 181 1788 246 Qu1nff1i1uo‘ssuncnuse

333 276 461 307 annum
489 265 602 301 scribit
623 266 730 313 Hugo
757 266 872 302 Abbas
899 266 1151 303 Flaviniacenfis
1176 265 1218 299 de
1260 265 1334 298 'elis
1357 267 1535 307 ordinibus,
1565 268 1678 312 utique
1700 271 1863 305 sacrorum
1874 269 2078 309 Ciericorum
2095 298 2105 314 ‚
2124 273 2163 317 fi-

335 317 550 352 Henricianis
568 318 602 351 in
625 317 803 352 Germania
828 318 998 361 Episcopis
1020 330 1027 348 :
1056 318 1218 356 Praecepta
1279 324 1328 350 cut
1335 322 1524 359 accepimus,
1550 319 1687 356 libidinis
1696 320 1806 362 froena
1826 321 1955 363 laxasti,
1981 334 2015 357 ut
2034 331 2160 368 quimu-

328 369 413 407 ,Sedis
423 367 589 409 Apostolicae
592 372 688 410 parvi
703 369 834 410 pendere
849 379 906 400 non
927 372 1092 399 timuerunt
1105 388 1115 404 ,
1141 366 1174 397 Θ
1181 363 1215 407 se

326 427 389 450 *non
406 417 543 459 Pastores
561 424 660 452 ovium
671 442 681 458 ‚
704 418 762 461 sed
779 421 971 449 mercenarios
992 416 1124 448 evidenti
1127 416 1214 455 judi-

1281 366 1407 399 lierculis
1413 367 1626 410 sejunxerant
1635 393 1645 408 ,
1672 375 1704 402 in
1715 370 1827 415 flagitio
1835 370 2015 413 perfisterent
2026 397 2037 413 ,
2062 377 2096 408 (5
2107 379 2160 417 qut

1276 417 1399 448 necdum
1421 419 1593 458 duxerant,
1619 428 1672 452 tua
1693 421 1860 468 interdit‘la
1879 433 1934 454 non
1947 428 2104 456 timerent.
2130 428 2158 456 0

326 472 370 506 cio
375 467 578 509 probaverunt
593 493 601 501 .
629 463 857 513 Constanticnfis
879 465 928 497 bic
937 475 1013 498 unus
1027 475 1124 501 eorum
1136 462 1213 505 Otho
1274 468 1491 516 impudentiam
1512 494 1527 510 ‚
1549 481 1565 501 o
1589 471 1746 512 audaciam
1759 470 1947 521 fingulafffm
1975 474 2157 509 !2Videlieet

325 517 479 555 dicebatur
491 514 655 561 Episcopus
669 512 687 554 ‚¹
705 526 788 557 quem
803 516 839 546 de
853 513 1020 557 hujusmodi
1035 513 1108 557 ausu
1123 523 1210 548 teme-

1274 517 1453 559 Epiftopum
1464 519 1628 561 Apostolicae
1640 523 1660 553 5
1661 516 1726 553 eolis
1740 526 1866 555 Decreta
1877 516 2038 556 conoeliere
2051 547 2060 562 ,
2073 526 2158 558 Prae-

322 573 407 601 rario
416 572 543 601 Romam·
557 565 710 606 Pontificis
724 570 865 606 corripuit
876 564 1062 605 authoritas,
1085 571 1209 598 mittens
1271 574 1356 607 cepta
1371 566 1542 610 fundorum
1565 573 1692 604 Patrum
1719 580 1899 605 contemnere
1919 598 1930 614 ,
1967 575 2058 606 immo
2085 576 2159 608 ver&

314 623 351 651 ἐἰ
364 619 398 651 6·
411 615 626 658 Arcbiepiscopo
639 618 809 657 Moguntino
820 614 936 648 litteras
944 639 954 655 ‚
967 627 1044 657 quas
1056 615 1119 648 cum
1130 616 1207 649 Otbo

1272 618 1433 659 Praeceptis
1454 625 1623 661 contraria,
1651 623 1684 653 ὡ·
1692 621 1763 663 fidei
1785 621 1966 662 Christianae
1988 632 2158 667 repugnan-

320 673 419 710 parvi
426 666 573 710 pendiffet
585 686 596 705 ‚
615 663 685 705 obsti
691 673 797 698 natam
813 667 878 705 ejus
890 665 1102 707 animofitatem
1117 669 1206 708 Papa
1270 672 1315 698 tia
1326 669 1363 700 de
1369 666 1513 711 superiori
1523 670 1580 704 loco
1592 695 1603 710 ,
1629 673 1663 706 (25
1675 673 1713 705 de
1724 672 2064 716 Cathedra-,Pomificali
2088 673 2156 716 βιῶ

319 713 592 758 corripuitsecundo
604 738 616 754 ,
642 720 683 747 mi
700 728 727 748 rs
736 715 849 748 litteris
862 722 895 748 in
907 715 971 749 baec
981 716 1076 749 verba
1088 741 1095 748 .
1124 716 1203 750 Haec

317 768 366 801 est
389 767 570 799 litterarum
592 762 767 810 epigraphe
785 778 792 798 :
816 769 972 809 Gregorius
985 765 1093 809 servus
1102 765 1213 810 servom

315 827 386 848 eum
408 818 466 849 Dei
487 814 597 848 Othoni
621 815 836 857 Constantienfi
854 815 998 859 Episcopo
1013 815 1143 859 salutem
1166 819 1202 851 o·

317 865 505 907 Apost'olicam
526 865 757 899 benedic‘iionem
781 891 787 897 .
816 867 860 900 Et
887 867 1056 900 conciufio
1080 866 1200 901 habete

316 918 513 959 ‚Quapropter
538 915 594 949 tibi
607 915 764 957 Apostolica
784 915 966 950 authoritate
981 921 1175 959 praecipimus
1188 942 1199 958 ‚

261 993 264 999 .
313 975 348 1001 ut
358 968 404 999 ad
406 971 580 1007 proximam
591 967 735 1005 synodum
749 966 875 1007 nostram
883 972 987 1009 prima
1010 966 1197 1001 bebdomada

312 1014 555 1059 ‚Quadragefimae
567 1026 596 1051 te
604 1015 787 1059 praesentem
810 1017 954 1051 exhibeas
969 1042 980 1058 ,
1006 1019 1069 1051 tam
1091 1020 1128 1052 de
1139 1016 1196 1051 hac

310 1065 512 1100 inobedientia
533 1068 568 1101 (0⁶
589 1067 755 1109 Apostolicae
780 1068 866 1101 Sedis
894 1076 1075 1110 contemptu,
1104 1071 1195 1111 quam

309 1117 347 1150 de
359 1116 518 1158 omnibus,
544 1129 614 1160 quae
629 1117 684 1150 tibi
696 1117 893 1159 objiciuntur,
921 1120 1068 1152 Canonice
1077 1118 1193 1162 respon-
1219 1156 1221 1160 Δ

303 1163 394 1210 surus
407 1192 415 1200 .
439 1166 665 1202 Proindezisto
675 1178 822 1211 tempore
847 1168 942 1204 Otho
963 1168 1106 1203 necdum
1125 1180 1193 1204 erat

305 1217 518 1262 degradatus.
548 1218 651 1254 Anno
665 1218 901 1264 septuagefimo
921 1231 1015 1254 nono
1026 1219 1190 1254 Pontifex

305 1266 535 1313 Hirgauzienfi
549 1269 755 1304 Monasterio
767 1268 861 1303 dedit
878 1270 984 1314 ampla
999 1270 1167 1315 privilegia
1180 1295 1191 1310 ‚
1217 1282 1220 1287 ·

302 1318 383 1352 &in
405 1319 490 1353 datis
512 1319 552 1354 ad
565 1319 783 1354 Guilielmum
806 1319 972 1355 Abbatem
998 1321 1113 1354 litteris
1134 1322 1192 1355 ad·

301 1369 431 1411 junxit:
461 1370 629 1410 Adjicimus
653 1378 686 1404 ut
691 1370 722 1411 fi
726 1372 827 1413 aliquo
845 1378 971 1412 tempore
982 1371 1195 1413 Constantiensi

300 1418 437 1461 Ecclefiae
463 1419 627 1462 Praefidens
651 1421 690 1454 ab
714 1421 875 1463 apostolica
896 1422 967 1454 Sede
991 1420 1188 1463 discordant,

298 1478 389 1510 atque
401 1470 570 1504 inobediens
586 1472 686 1513 fuerit
698 1496 708 1511 ,
736 1473 822 1505 liceat
839 1470 950 1504 Abbati
965 1496 976 1511 ‚
994 1470 1051 1512 fibi
1065 1470 1187 1515 suisque

297 1519 318 1552 ἃ
326 1530 504 1562 quocumque
516 1519 659 1564 Religioso
670 1521 809 1561 Antistite
815 1524 966 1563 placuerit
977 1546 989 1562 ‚
1015 1523 1188 1556 ordinatim

296 1581 350 1602 nes
362 1578 497 1612 expetere
520 1581 610 1614 atque
626 1570 772 1615 suftipere
785 1597 792 1604 .
821 1572 906 1606 Haec
915 1573 1060 1613 clausula
1083 1573 1187 1607 omni-

299 1619 346 1653 no
358 1618 661 1661 notatOthonem,
686 1633 784 1667 atque
806 1622 850 1657 ita
874 1623 930 1657 ille
953 1623 1080 1657 videtur
1106 1633 1186 1658 tunc

293 1670 428 1714 quidem
441 1671 533 1706 fuisse
543 1682 724 1707 contumax
748 1673 781 1708 in
796 1673 825 1709 A
832 1673 1023 1717 postolicam
1046 1672 1161 1708 Sedem
1174 1699 1184 1715 ,

294 1729 440 1755 attamen
455 1722 703 1758 Constantienfi
728 1723 877 1763 Ecciefiae
897 1724 1005 1759 adhuc
1028 1724 1186 1767 praesedis-

290 1770 323 1808 se
339 1797 346 1803 .
372 1773 634 1817 Degradationis
656 1773 724 1815 ejus
737 1785 862 1814 annum
889 1773 1023 1810 &diem
1045 1773 1182 1818 ignoro.

339 1820 420 1855 Haec
433 1823 564 1865 possunt
580 1823 686 1857 lucem
698 1817 872 1866 accipere}
886 1822 1067 1857 Lamberto
1087 1822 1181 1857 Scha-

288 1867 496 1916 fnaburgenfi
513 1897 520 1904 .
550 1873 605 1914 Ad
620 1883 742 1907 annum
766 1872 857 1912 istius
871 1871 976 1906 saeculi
995 1872 1182 1916 septuagesi-

285 1928 381 1956 mum
392 1923 519 1956 sextum
533 1923 675 1966 exponit
683 1919 813 1956 tertiam
828 1921 985 1967 Gregorii
995 1921 1182 1964 Synodum,

285 1971 432 2015 ostendit
447 1972 637 2013 Henricum
652 1973 781 2018 Regem
793 1984 871 2007 cum
894 1971 1087 2021 quibusdam
1105 1972 1182 2015 Epi-

284 2021 394 2066 scopis
415 2034 454 2057 ac
480 2022 675 2057 proceribus
697 2021 794 2057 fuisse
821 2022 894 2056 istic
914 2022 1181 2056 excommunica-

284 2081 358 2106 tum
373 2096 384 2111 ,
410 2082 508 2116 atque
521 2072 672 2117 adjungit
686 2086 693 2105 ε
720 2073 811 2105 Porro
825 2071 968 2106 Othonem
982 2071 1182 2106 Ratisbonen-

280 2119 346 2166 jem
359 2120 540 2165 Epifhopum
550 2147 561 2163 ‚
590 2124 624 2156 (τ
636 2121 781 2155 Othonem
796 2121 1045 2164 constantiensem
1059 2121 1181 2165 Episco-

279 2180 358 2215 pum
383 2196 394 2213 ‚
420 2173 456 2205 <it
475 2170 688 2205 Burcbardum
714 2169 930 2214 Losannensem
956 2170 1148 2214 Episcopum
1168 2189 1184 2216 ,-

283 2221 395 2265 quibus
421 2224 490 2255 Rex
508 2222 688 2263 potiffmum
708 2220 890 2263 Confiliariis
905 2222 1046 2256 utebatur
1064 2243 1074 2261 ‚
1102 2226 1180 2257 Pon-

285 2272 371 2314 tifex
391 2273 463 2314 jam
484 2272 606 2314 pridem
632 2276 940 2306 excommunicaverat
965 2297 972 2305 .
1013 2274 1179 2308 Existimo

286 2319 381 2368 quod
393 2322 649 2357 Constantiense
668 2322 862 2358 Chronicon
878 2322 962 2357 hanc
986 2334 1177 2358 excommu-

286 2371 493 2408 nicationem
518 2372 659 2416 appellet
685 2372 834 2408 Othonis
861 2373 1107 2408 destitutionem
1134 2373 1174 2408 ab

287 2423 478 2467 Episcopali
489 2422 602 2457 officio
614 2448 621 2455 .
649 2423 821 2469 Qidquid
832 2424 894 2466 iit,
922 2423 989 2459 haec
1001 2424 1177 2468 postmodo

287 2474 351 2509 fuit
374 2471 499 2507 ablata.
526 2471 751 2511 Haudydubi&
770 2474 854 2517 apud
884 2474 1062 2509 Canufium
1083 2500 1093 2516 ‚
1121 2474 1175 2507 ubi

284 2524 322 2560 &
342 2523 529 2558 Henricurn
554 2523 695 2558 absolvit
719 2523 899 2568 Gregorius
922 2550 928 2557 .
957 2526 999 2558 Et
1023 2522 1089 2559 nou
1120 2524 1177 2558 nifi

286 2574 358 2618 post
370 2585 477 2611 annos
500 2572 595 2608 Otho
621 2576 683 2609 fuit
694 2573 909 2618 degradatus.
939 2576 1012 2609 Nec
1036 2585 1177 2609 tantum·

286 2624 390 2660 modo
411 2624 457 2658 ob
479 2623 655 2668 praestitum
676 2626 780 2668 impio
806 2624 893 2670 Regi
912 2626 1058 2659 favorem
1077 2648 1088 2664 ‚
1125 2623 1176 2659 sed

287 2676 388 2710 etiam
407 2674 453 2710 ob
479 2675 681 2718 pertinacem
708 2674 860 2709 adversus
886 2675 1076 2709 sanctissima
1098 2675 1178 2709 Gre-

289 2725 375 2769 gorii
390 2726 424 2759 in
447 2725 656 2760 Simoniacos
679 2725 922 2770 &conjugatos
943 2725 1091 2760 Clericos
1113 2726 1178 2759 De·-

289 2786 377 2810 ereta
391 2777 636 2810 contumaciam
656 2776 720 2809 fuit
744 2777 788 2810 ita
800 2777 978 2819 percussus.
1010 2777 1117 2810 Lucet
1136 2786 1178 2810 ex

290 2823 429 2859 laudatis
444 2837 500 2869 per
509 2827 692 2871 Hugonem
707 2826 990 2860 Flaviniacensem
1002 2825 1178 2869 papalibus

291 2873 449 2917 adipsum
461 2877 600 2911 litteris:
628 2876 718 2917 Tibi,
743 2881 787 2908 cui
807 2876 845 2916 est
870 2878 1016 2918 plurimus
1039 2876 1178 2916 Constan-

291 2923 388 2966 tienfis
401 2924 535 2966 Ecclefiae
556 2928 664 2960 clerus
682 2928 852 2968 &populus
877 2927 1047 2968 ampliffime
1071 2927 1177 2960 dilata-¹

291 2982 361 3016 tus,
382 2973 527 3017 speciales
549 2976 670 3009 litteras
692 2978 809 3010 credere
819 2976 899 3010 bulla
920 2976 1017 3017 nostra
1029 2977 1179 3020 impreffas

291 3025 422 3059 collibuit
435 3048 447 3065 ‚
474 3026 554 3067 quali
555 3025 658 3066 fultus
673 3025 855 3059 authoritate
865 3027 958 3060 tutius
970 3025 1180 3070 animofiusque

293 3078 461 3117 Praeceptis
483 3074 587 3116 nostris
613 3075 828 3118 obtemperares
851 3101 862 3118 ‚
889 3079 924 3111 (9‘
945 3078 983 3110 de
1006 3077 1179 3111 Sanc‘luario

292 3127 413 3159 Domini
434 3124 566 3168 baeresim
592 3127 789 3159 5imoniacam
822 3128 856 3160 Θ
869 3126 990 3168 fredam
1016 3125 1182 3170 libidinosae·

293 3180 474 3219 contagionis
492 3177 682 3218 pollutionem
698 3177 858 3219 expelleres
876 3200 885 3209 .
917 3177 989 3211 Hic
1011 3177 1176 3212 laudatam

293 3225 464 3268 epistolam
484 3225 584 3260 habes
602 3226 690 3271 apud
711 3227 932 3270 Anonymum
954 3239 993 3261 ac
1011 3227 1176 3261 eruditum

296 3275 399 3308 nostri
411 3276 565 3320 Gregorii
577 3275 775 3321 Apologum
787 3301 794 3308 .
821 3277 883 3310 Sua
898 3277 1039 3311 Decreta
1060 3278 1181 3311 effeex

294 3323 499 3366 Apostolicis
514 3338 554 3361 ac
575 3327 672 3361 avitis
694 3325 889 3361 Canonibus
911 3326 1024 3362 hausta
1038 3327 1175 3362 demon-

295 3372 374 3408 strat
394 3373 594 3418 Gregorius,
620 3388 658 3411 ac
679 3377 806 3422 pergits
832 3378 910 3410 Cum
931 3376 994 3411 haec
1005 3383 1103 3411 omnia
1114 3380 1173 3410 P-a-

289 3422 392 3469 storali
411 3426 606 3464 providentia
627 3425 815 3469 observanda
824 3425 1117 3470 transmitteremus3
1141 3426 1174 3460 tu

294 3483 356 3512 non
359 3469 475 3522 sursum
481 3483 528 3508 cor
538 3498 549 3515 ‚
574 3474 632 3518 sed
637 3475 768 3525 deorsum
778 3482 811 3517 in
818 3485 898 3513 terra
905 3484 1016 3520 ponens
1027 3501 1038 3519 ‚
1060 3478 1173 3520 praedi-

1262 717 1355 756 jet‘i'is
1376 723 1506 762 ingerere
1527 745 1534 753 .
1574 721 1658 767 Qae
1679 724 1793 755 onmia
1820 723 2001 767 Gregorius
2038 724 2154 759 itidem

1267 778 1444 812 exaggerat
1456 771 1490 803 in
1504 770 1621 804 litteris
1634 773 1672 805 ad
1689 773 1824 806 Clerum
1846 774 1880 806 ὃς
1893 773 2050 816 populum
2063 774 2154 808 Con-

1267 815 1445 853 stantienfis
1458 821 1623 854 Ecclefiae.
1651 821 1707 855 Ob
1717 819 2042 867 haecigit'urcrimina
2054 821 2151 862 Otho

1265 867 1327 902 fuit
1337 870 1469 904 tandem
1490 870 1700 915 degradatuS.
2123 886 2125 890 ’

1313 917 1424 963 Pergit
1451 920 1707 956 constantiensis
1736 923 1887 957 Ecclefiae
1923 922 2119 958 Chronicon
2137 936 2147 956 t

1264 971 1352 1002 Circa
1362 969 1436 1002 diHi
1446 970 1573 1004 Othonis
1585 971 1725 1014 Episcopi
1735 981 1868 1015 tempora
1878 985 2020 1017 magnum
2046 982 2079 1007 in
2090 979 2148 1006 Im-

1259 1024 1340 1059 perdo
1353 1017 1484 1062 schisma
1505 1029 1595 1053 eruis
1614 1024 1730 1058 Henrici
1756 1025 1910 1057 demeritis
1934 1024 2145 1067 exigentibus,

1260 1071 1331 1100 cem·
1351 1071 1506 1111 Principes
1530 1072 1650 1111 Imperii
1669 1084 1681 1112 ·,
1707 1076 1841 1116 Gregorii
1856 1073 1970 1116 summi
1993 1073 2147 1115 pontificis

1261 1116 1412 1161 consensu,
1435 1129 1538 1152 contra
1559 1118 1718 1154 Henricum
1738 1123 2084 1166 elegerunt-Rudolphum
2106 1127 2147 1158 de

1261 1167 1423 1208 nobiliffimo
1457 1172 1631 1212 Principum
1665 1169 1843 1213 Habspurcb
1865 1179 1969 1216 genere
1995 1199 2007 1215 ,
2033 1178 2145 1208 Ducem

1259 1221 1377 1253 sueviae
1389 1244 1396 1252 .
1425 1223 1506 1252 Erat
1523 1227 1614 1254 etiam
1637 1218 1764 1263 schisma
1784 1227 1816 1254 in
1838 1220 1963 1262 Ecclesia
1978 1247 1990 1263 ‚
2016 1230 2088 1265 quia
2097 1227 2143 1257 di-

1259 1269 1323 1302 Hus
1338 1276 1484 1306 Hearicus
1496 1296 1506 1311 ‚
1532 1275 1635 1304 contra
1650 1272 1818 1313 praefatum
1830 1275 2004 1316 Gregorium
2027 1274 2144 1315 intrusit

1257 1321 1370 1360 alium,
1398 1322 1536 1354 videlieet
1557 1322 1732 1355 Guibertum
1754 1346 1763 1362 ,
1787 1333 1872 1365 quem
1900 1327 2057 1367 Gregorius
2077 1336 2145 1357 ma-

1256 1370 1420 1402 ledieiionis
1440 1371 1948 1417 cb·excommunicationissententia
1969 1375 2143 1407 condemna·

1258 1424 1325 1452 vit.
1352 1420 1496 1455 Mutilus
1518 1432 1628 1457 textus
1649 1423 1690 1457 fic
1712 1423 1758 1457 est
1780 1424 1991 1467 supplendus.
2022 1427 2069 1456 Et
2086 1431 2142 1465 pro

1255 1468 1424 1512 hujusmodi
1429 1470 1762 1523 seritentieeaexecutt'one
1775 1473 1832 1507 Huo
1844 1477 1952 1519 Legati
1965 1497 1976 1513 ,
2003 1475 2142 1508 videlicet

1254 1521 1409 1562 Udalticus
1432 1522 1602 1565 Albanenfie
1624 1522 1787 1566 Episcopus
1811 1547 1832 1565 ‚-
1848 1526 1883 1559 ὢ*
1907 1523 1985 1558 Otho
2009 1523 2141 1566 Ostiensis

1255 1570 1421 1614 Episcopus
1442 1597 1453 1614 ‚
1477 1579 1530 1614 qui
1554 1572 1685 1617 undique
1703 1573 1886 1617 sententiam
1908 1574 1985 1608 banc
2004 1575 2140 1616 publiea-

1253 1630 1339 1662 rent,
1366 1623 1436 1662 miffl
1457 1621 1545 1666 sunt.
1574 1628 1620 1656 Et
1644 1630 1723 1658 circa
1746 1627 1801 1658 illa
1818 1634 1950 1668 tempora
1976 1626 2034 1658 duo
2045 1630 2141 1658 etiam

1252 1671 1490 1719 Constantienses
1512 1673 1653 1718 Epist-opi
1674 1667 1852 1717 eliguntur..
1883 1679 2003 1709 Primus
2025 1680 2142 1707 nomine

1254 1722 1407 1764 Rupertus
1434 1748 1444 1763 ,
1466 1723 1611 1766 J‘ecuna'us
1640 1723 1824 1759 Bertboldus
1852 1749 1862 1764 ,
1901 1729 2070 1757 eanonicus
2105 1728 2141 1755 in

1250 1771 1405 1809 Boncbam
1420 1786 1430 1805 :
1458 1776 1599 1819 ,Quorum
1612 1783 1711 1807 neuter
1732 1782 1907 1815 permanet.
1936 1776 2044 1816 ,Quare
2063 1784 2139 1807 vera

1210 1819 1215 1823 ’
1249 1821 1426 1863 &legitima
1442 1823 1540 1855 eleHio
1552 1823 1760 1856 Geberardum
1773 1827 1885 1856 Ducem
1897 1824 1934 1856 de
1945 1821 2136 1866 Zuringben,

1249 1869 1426 1909 Monachum
1439 1876 1472 1904 in
1486 1875 1620 1915 Hirzgau
1635 1894 1646 1912 ,
1673 1878 1776 1915 attigit
1789 1896 1800 1913 ,
1825 1883 1859 1906 ut
1867 1872 2000 1916 sequitur
2009 1897 2017 1904 .
2046 1871 2140 1910 696(-

1247 1920 1358 1953 rardus
1382 1924 1454 1953 Dux
1476 1922 1513 1954 de
1533 1921 1710 1966 Zaringben
1722 1946 1733 1962 ,
1758 1924 1979 1956 Conventualis
1993 1928 2027 1955 in
2049 1927 2136 1960 Hir-z-

1241 1980 1305 2012 gau
1316 1992 1327 2008 ,
1353 1968 1511 2013 trigefimus
1530 1970 1643 2018 sees-tus)
1651 1983 1736 2018 ffqno
1750 1976 1870 2006 Domini
1888 1971 2046 2014 millefimo
2060 1973 2134 2006 oc‘lo-

1241 2017 1345 2063 gefimo
1371 2024 1473 2062 quinto
1495 2015 1662 2064 Epist-opus
1683 2012 1801 2057 'creatur
1815 2048 1824 2056 .
1860 2027 1949 2058 Nam
1974 2023 2038 2056 cum
2060 2019 2138 2071 ante*

1247 2069 1342 2103 didus
1358 2069 1447 2102 otho
1481 2070 1614 2111 ostienfis
1647 2071 1811 2114 Episcopus
1849 2072 2136 2112 constantiamve-

1248 2124 1331 2152 niens
1343 2119 1519 2163 intelligeret
1529 2119 1675 2161 Dioecefim
1687 2119 1857 2164 hujusmodi
1865 2130 1988 2164 propter
2002 2122 2132 2156 Othonis

1247 2171 1396 2212 quondam
1415 2170 1562 2205 demerita
1573 2172 1755 2211 viduatam,
1782 2173 1958 2206 &maximo
1979 2178 2011 2205 in
2034 2184 2133 2206 moero·

1246 2231 1276 2253 re
1282 2219 1429 2259 statutam
1455 2221 1527 2263 effle,
1553 2219 1617 2264 ipse
1635 2232 1700 2254 cum
1723 2222 1874 2255 nonnullis
1895 2228 2026 2256 maturis
2053 2227 2132 2257 viris

1245 2279 1333 2312 atque
1346 2269 1488 2303 Patribus
1501 2271 1610 2313 consilio
1627 2276 1722 2312 inito,
1749 2273 1786 2304 de
1807 2274 1866 2306 alio
1884 2272 2020 2314 Ecclefiae
2037 2271 2133 2316 spon-

1242 2321 1275 2363 so
1295 2319 1425 2354 trallare
1445 2326 1532 2362 coepie
1544 2345 1552 2353 .
1582 2315 1693 2354 Aderat
1714 2329 1784 2355 tunc
1809 2321 2014 2368 &sreligiofiis
2035 2325 2136 2369 Pateq

1247 2372 1423 2404 Guilielmus
1443 2371 1542 2404 abbas
1557 2377 1590 2405 in
1613 2376 1766 2417 magau,
1792 2376 1845 2405 vir
1853 2373 1857 2376 ’
1858 2371 2004 2417 fi'quidem
2025 2372 2131 2405 doum·

1247 2432 1308 2461 na,
1335 2421 1464 2454 moribus
1486 2447 1496 2462 ,
1523 2423 1558 2455 <v
1579 2422 1718 2466 religione
1732 2421 1883 2464 praestans
1908 2436 1919 2455 .·
1937 2423 1989 2456 ’Θ
2010 2433 2076 2455 eum
2096 2420 2134 2456 eo³

1248 2471 1342 2505 didius
1364 2471 1554 2505 Geberardus
1576 2497 1587 2513 ,
1613 2478 1664 2506 vir
1688 2472 1812 2505 multum
1839 2473 1967 2506 devotus
1987 2496 1994 2504 .
2023 2471 2136 2515 Itaque

1245 2521 1314 2553 dum
1338 2526 1416 2554 inter
1442 2518 1609 2564 eligendam
1633 2523 1808 2555 Reverendi
1835 2525 1944 2555 Patres
1966 2546 1978 2562 ,
2004 2523 2131 2564 quilibet

1237 2569 1411 2614 ju'r'ctasuae
1426 2568 1605 2613 conscientia
1615 2577 1819 2615 exigentiam,
1848 2573 1885 2606 de
1905 2573 1975 2606 utili
1986 2572 2105 2612 Pastore
2114 2588 2132 2614 ,·

1240 2619 1292 2664 seu
1313 2620 1446 2664 Ecclefiae
1465 2615 1571 2665 sponso
1584 2622 1727 2666 'eligendo
1750 2620 1931 2665 confiderent
1951 2647 1963 2663 ,
2002 2623 2131 2656 tandem'

1239 2670 1336 2714 sancii
1357 2674 1487 2713 spiritur
1507 2671 1644 2712 infimitas
1664 2672 1759 2706 didus
1782 2671 1971 2707 Geberardus
1993 2671 2032 2717 est
2052 2683 2130 2706 una-

1245 2727 1318 2755 nimi
1336 2730 1406 2755 voto
1424 2721 1548 2756 electas.
1578 2723 1742 2766 ,Quodcum
1765 2728 1791 2756 ei
1802 2724 1888 2765 apud
1909 2718 2126 2756 altareBeatae

1246 2776 1378 2816 Virginis
1404 2774 1528 2806 Μανία·
1540 2779 1639 2806 oranti
1665 2773 1859 2815 infinuaretur
1878 2797 1888 2814 ,
1914 2770 1975 2815 ipse
1999 2777 2031 2805 tn
2059 2780 2128 2806 tam

1245 2823 1308 2855 tum
1323 2821 1559 2864 stupefadlusest
1571 2847 1583 2864 ,
1608 2832 1643 2856 ut
1665 2829 1698 2856 in
1717 2833 1827 2857 terram
1847 2824 1958 2857 cadens
1977 2830 2128 2865 tanquam

1244 2880 1375 2906 mortuus
1388 2874 1521 2914 amplius
1531 2874 1654 2915 penitus
1666 2872 1785 2918 nesciret
1805 2874 1897 2916 loqui.
1922 2873 1985 2906 Sed
2004 2872 2130 2906 Divina

1243 2922 1379 2964 affistente
1391 2928 1497 2967 gratia
1510 2918 1705 2967 resuscitatus
1725 2947 1737 2964 ‚
1762 2925 1878 2958 decima
1906 2927 1997 2956 tertia
2018 2921 2126 2969 menfir

1245 2972 1416 3007 Decembris
1440 2974 1579 3007 Sacerdos
1593 2997 1606 3014 ,
1631 2974 1850 3008 &immediate
1858 2971 2052 3016 subsequenti
2073 2973 2124 3014 a'ip

1244 3021 1405 3067 Episcopus
1427 3024 1582 3056 ordinatur
1598 3049 1606 3055 .
1627 3027 1675 3056 Et
1685 3021 1832 3066 praesedis
1852 3028 1942 3055 annis
1958 3021 2128 3065 septemde-

1241 3080 1298 3107 cim
1311 3099 1319 3106 .
1344 3073 1655 3117 ltaqueCardinalis
1674 3071 1769 3107 Otho
1791 3072 1979 3107 discordem
2000 3072 2041 3107 de
2053 3072 2127 3107 Ru·-

1243 3134 1337 3169 perto
1361 3121 1589 3158 &Bettholdo
1600 3122 1794 3157 electionem
1816 3123 1970 3164 cassavit,
1998 3121 2127 3157 indixit

1244 3184 1363 3210 novam
1373 3172 1565 3208 eleffionem
1582 3196 1592 3213 ‚
1601 3173 1634 3207 δε
1646 3173 1785 3207 electum
1797 3171 2019 3207 Geberardum
2032 3171 2125 3216 Apo·

1242 3225 1354 3259 stolica
1389 3221 1588 3258 authoritate
1626 3223 1830 3258 consecravit
1857 3247 1865 3255 .
1902 3222 2007 3257 Porro
2034 3220 2121 3255 istud

1242 3273 1436 3310 Chronicon
1451 3272 1557 3308 rursus
1577 3272 1691 3309 miscet
1710 3284 1782 3308 vera
1801 3272 1907 3307 falfis.
1934 3272 2065 3308 Primus
2074 3282 2121 3304 er-

1240 3337 1292 3359 ror
1303 3325 1349 3360 est
1363 3349 1374 3366 ,
1398 3322 1487 3368 quod
1507 3321 1705 3369 Rudolphus
1716 3325 1798 3359 Dux
1825 3323 1923 3357 suerit
1941 3321 1982 3356 de
1995 3321 2122 3364 Grego-

1241 3376 1280 3409 rii
1300 3374 1439 3409 eonfilio
1458 3373 1575 3408 electus
1596 3374 1631 3408 in
1655 3374 1798 3419 Regem.
1828 3372 2007 3417 Gregorius
2025 3372 2117 3404 enim

1239 3427 1422 3469 frequenter
1446 3422 1596 3458 &fauste
1619 3423 1811 3468 protestatus
1831 3422 1877 3456 est
1895 3423 1927 3455 se
1947 3419 2039 3453 istius
2057 3420 2123 3453 ele-

1238 3476 1356 3511 &ionis
1369 3476 1401 3509 fu
1408 3475 1462 3509 iffe
1471 3473 1600 3519 penitus
1607 3471 1866 3519 ignarum.A1ter
1875 3478 1961 3506 error
1971 3470 2017 3560 g}
2024 3469 2117 3558 guod

2009 3530 2020 3553 t
2047 3531 2068 3554 o
