2352 3756
326 207 447 253 nempe
460 204 590 241 nonnifi
603 201 638 240 in
649 209 794 241 extrema
806 202 1020 242 Ecclefiarum
1043 205 1206 240 neceffita-

324 271 359 295 te
371 257 528 292 Pontifex
539 257 646 292 valeat
657 257 705 291 uti
720 259 778 292 suo
790 256 937 292 Primam
947 283 955 290 .

375 308 527 343 Similem
552 307 597 341 rei
616 308 729 342 seriem
746 308 829 342 olim
855 307 936 340 vidit
964 303 1206 340 Cameracenfis

324 358 471 393 Ecclesia
483 383 490 391 .
504 356 710 402 .Arnulphus
722 359 755 392 δε
767 357 946 391 Gerbertus
959 354 1084 389 dudum
1098 354 1205 398 litiga·

322 420 401 443 runt
412 420 471 453 pro
483 408 770 452 Archiepiscopatu
793 404 990 439 Rhemenfi.
1017 404 1079 438 Ille
1103 404 1121 438 ὲ
1144 405 1204 447 Sy·

321 459 415 493 nodo
424 457 637 504 degradatus,
664 455 773 489 verum
785 454 903 488 Rornae
923 455 959 489 in
984 454 1202 499 appellatorio

318 509 445 554 judicio
457 509 641 548 restitutus,
667 504 723 539 hic
741 513 850 538 autem
875 504 999 539 ibidem
1025 505 1200 539 damnatus

318 558 649 596 eratdeintrufione,
675 566 713 588 ac
734 553 867 589 interim
894 554 1008 599 Regiae
1032 553 1200 590 violentiae

316 610 446 645 auxilio
456 605 638 643 retentabat
652 603 829 639 Ecclesiam
844 630 850 638 .
879 605 975 640 Hinc
986 604 1199 640 Cameracen-

316 661 399 695 sium
414 659 542 692 Electus
553 654 784 690 Herluinusab
795 653 973 699 Arnulpho
986 666 1054 690 non
1067 655 1174 700 potuit
1186 679 1197 695 ‚

314 711 334 745 ὶ
357 708 516 743 Gerberto
532 706 710 741 consecrari
731 705 842 741 noluit
863 730 875 747 ‚
911 706 1050 749 ideoque
1069 705 1197 741 acceffit

313 758 484 799 Romam,
509 765 622 801 petens
633 755 844 792 consectaria
865 755 1033 802 Gregorio
1055 756 1195 801 quinto.

312 807 370 842 Ob
382 807 572 842 diuturnam
583 807 789 842 vacationem
804 806 896 841 laicis
907 806 1031 851 rapinis
1052 805 1196 842 laniaba-

311 869 364 894 tur
374 857 617 893 Cameracensis
629 855 799 900 Ecclesia3
822 854 1009 892 hincillum
1030 857 1193 892 consecra-

312 908 362 944 vit
371 908 528 944 Pontifex
539 931 550 947 ,
575 906 610 942 ἀ
621 906 662 941 ad
675 906 792 942 sedem
805 907 925 942 remifit
936 919 1014 943 cum
1037 906 1126 944 hisce
1144 907 1195 942 lit·

309 959 407 994 teris:
433 960 604 1002 ¹Quoniam,
624 956 699 1000 ficut
708 957 934 1000 omnibuspene‘
947 962 1048 993 notum
1062 958 1102 1000 est
1113 981 1125 1000 ,
1150 964 1196 992 in·

307 1013 495 1043 terveniente
505 1007 560 1042 hac
570 1019 624 1050 re,
650 1014 810 1051 quaeinter
835 1009 1025 1052 Arnulpbum
1045 1010 1194 1044 Rbemen·

301 1057 343 1101 fis
354 1057 488 1101 Ecclefiae
508 1056 775 1102 Archipraesulem,
801 1060 836 1094 (zi
863 1060 1039 1094 Ger-bertum
1061 1062 1127 1102 eJus
1150 1066 1183 1093 in

306 1108 441 1153 vasorem
450 1114 586 1144 excrevit
597 1133 609 1150 ,
640 1111 802 1143 Herluinus
818 1109 940 1154 Praesul
950 1134 962 1151 ,
986 1112 1102 1144 illorum
1117 1111 1192 1144 odiis

307 1159 434 1194 Rbemis
445 1158 604 1204 consecrari
616 1164 764 1194 canonico
777 1172 855 1195 more
867 1165 1005 1203 nequivit
1017 1185 1028 1202 ‚
1053 1163 1119 1202 ejus
1129 1171 1190 1195 con·

302 1209 429 1254 secratio
445 1212 489 1245 ad
496 1210 683 1254 Apostolicam
696 1211 799 1245 sedem
812 1210 905 1256 usque
914 1211 962 1245 ad
969 1223 1021 1245 nos
1041 1210 1128 1245 baud
1148 1217 1191 1243 in-

298 1260 378 1305 juste?
384 1267 548 1304 pervenit.
576 1260 752 1296 Profitetur
765 1261 968 1296 Herluinum
992 1261 1124 1297 nonnifi
1147 1260 1192 1295 ob

305 1312 500 1348 devolutum
521 1311 570 1355 jus
592 1310 731 1356 potuisse
749 1311 768 1346 a
792 1312 824 1346 se
850 1312 1051 1347 consecrari.
1078 1310 1192 1346 Habes

237 1361 242 1370 ''
303 1361 374 1397 haec
394 1361 480 1407 apud
504 1362 695 1398 Baldricum
716 1361 966 1397 Tornacensem
990 1362 1190 1406 Episcopum

302 1413 340 1448 in
361 1411 536 1448 Chronico
558 1411 799 1448 Cameracensis
819 1412 970 1447 Ecclesiae
988 1437 996 1444 .
1022 1411 1191 1446 Herluino

296 1462 453 1506 proxime
475 1463 621 1498 sueceffit
640 1464 777 1498 Sanetus
799 1461 965 1496 Gerardus
989 1486 998 1494 .
1038 1462 1189 1497 Electum

302 1513 440 1547 sanstus
462 1511 643 1557 Imperator
657 1513 821 1547 Henricus
841 1512 883 1547 ad
894 1514 925 1546 se
936 1512 1086 1547 evocavit
1101 1511 1190 1546 Neo-

303 1574 464 1608 magum,
489 1562 524 1596 dc
543 1573 654 1598 coram
677 1564 710 1598 se
732 1563 813 1597 fecit
843 1563 1026 1598 consecrari
1051 1561 1086 1596 in
1099 1562 1190 1597 Pres-

301 1612 480 1657 byterum.
508 1613 654 1648 Instabat
677 1623 757 1648 tunc
779 1613 1029 1658 Bambergenfis
1043 1638 1053 1655 ‚
1080 1624 1136 1657 per
1145 1612 1189 1647 di-

300 1665 390 1699 dium
415 1664 605 1707 Principem
626 1663 759 1700 fundati
777 1686 788 1703 ,
824 1663 1044 1708 Episcopatus
1062 1662 1189 1698 dedica-

300 1714 373 1757 tio,
399 1715 433 1750 &
454 1716 560 1760 pergit
580 1713 768 1749 Baldricus:
797 1714 864 1754 Post
874 1713 939 1747 baec
950 1718 1065 1745 monuit
1077 1716 1189 1746 Gerar-

301 1766 374 1799 dum
384 1770 577 1807 Imperator,
599 1763 741 1806 ursecum
751 1765 914 1797 adnovum
938 1760 1119 1805 Episcopum
1142 1763 1190 1795 de-

300 1816 464 1849 dicandum
486 1816 548 1847 una
561 1813 794 1856 proficisceretur
817 1837 829 1854 ,
870 1813 968 1854 ibique
986 1816 1019 1843 in
1033 1809 1092 1852 sua
1107 1819 1191 1852 prae·

297 1864 402 1909 sentia
423 1867 445 1897 ἃ
466 1865 558 1904 Miffis
584 1863 750 1905 Apostolicis
771 1886 784 1902 ‚
818 1859 977 1903 multisque
1002 1858 1188 1902 coepiscopis

295 1913 362 1957 five
400 1912 564 1946 Abbatibus
578 1936 589 1953 ‚
614 1917 666 1954 qui
684 1913 753 1944 illuc
773 1912 818 1943 ad
831 1916 963 1943 encoenia
973 1908 1076 1951 templi
1087 1921 1191 1943 conve-

303 1969 368 1999 nire
390 1962 553 2004 deberent,
578 1963 771 1995 ordinaretur
792 1959 973 2003 Episcopus.
997 1962 1061 2002 ‚Qui
1081 1957 1191 2000 etfibo-

301 2014 467 2050 norabiiius
492 2014 527 2047 ὠ*
552 2010 774 2054 distiplinatius
797 2021 895 2043 coram
909 2013 1005 2053 Regia
1023 2015 1137 2051 pompa
1156 2009 1191 2042 θ

306 2060 495 2104 Lotbarienfi
508 2060 631 2106 solertia
650 2058 742 2103 [εἰναι
763 2057 796 2104 se
818 2060 1018 2092 ordinandum
1039 2082 1050 2099 ,
1091 2066 1192 2090 tamen

305 2116 361 2149 loci
377 2123 477 2147 amore
503 2134 516 2151 ‚
540 2121 596 2153 quo
621 2115 753 2143 nutritus
777 2117 844 2141 erat
857 2133 869 2148 ‚
892 2115 1000 2149 eaptus
1021 2130 1033 2147 ,
1067 2108 1088 2139 ἃ
1114 2108 1191 2140 nullo

305 2164 431 2208 quidem
453 2159 512 2201 nisi
528 2162 549 2192 ἃ
572 2158 800 2201 metropolitano
825 2156 1032 2199 Rbemenfium
1045 2155 1196 2199 archiepi-

302 2211 388 2260 scopo
402 2210 437 2257 se
453 2211 629 2244 ordinatum
647 2214 686 2242 iri
710 2208 788 2243 velle
805 2206 975 2251 respondit.
1002 2208 1127 2251 ,Quippe
1142 2206 1191 2251 sa-

304 2270 351 2299 sis
367 2262 499 2306 providi
521 2261 556 2294 ὁ·
571 2260 770 2302 providenter
789 2256 906 2301 causam
926 2256 1108 2299 considerans
1121 2283 1132 2300 ,
1158 2270 1195 2293 ne

302 2314 388 2358 forte
408 2311 548 2347 videlicet
570 2321 603 2344 eo
629 2314 719 2344 etiam
741 2308 803 2352 ipse
814 2307 1016 2352 consuetudini
1036 2308 1120 2342 Sedis
1133 2311 1195 2342 Me-

307 2362 416 2406 eropoli
422 2371 506 2396 tanae
516 2364 661 2394 contraire
674 2361 847 2399 videretur,
878 2360 957 2401 quod
968 2361 1113 2391 Dominus
1127 2361 1195 2392 Her-

310 2416 410 2450 luinus
433 2409 602 2454 Episcopus
623 2410 657 2444 ob
677 2408 774 2453 supra
790 2409 904 2443 didam
917 2415 1129 2443 contentionem
1141 2412 1196 2441 Ro-

310 2476 371 2500 mae
393 2463 608 2496 ordinationem
624 2458 791 2503 susi-eperat
813 2485 821 2491 .
850 2462 922 2504 ,Quo
947 2461 1048 2492 audito
1070 2463 1197 2500 Impera-

310 2522 381 2555 tor,
406 2514 522 2546 altioris
531 2510 637 2553 confilii
647 2510 732 2544 illum
742 2510 909 2543 advertens
922 2533 933 2549 ‚
952 2509 1076 2542 libenter
1086 2515 1199 2551 acquie-

314 2570 366 2600 vis
377 2589 385 2596 .
411 2563 544 2598 Sanctus
557 2560 722 2595 Gerardus
733 2561 859 2594 censuit
875 2561 908 2594 se
919 2559 1050 2593 nonnisi
1075 2558 1120 2592 ob
1145 2570 1198 2593 ex-

311 2624 457 2650 tremam
475 2610 694 2647 neceffitatem
717 2609 804 2655 posse
823 2610 842 2644 a
866 2610 1023 2645 Romano
1036 2608 1199 2644 Pontifice

317 2663 524 2701 consecrari.

369 2714 483 2750 Etiam
494 2711 566 2757 post
577 2710 706 2756 septimi
718 2709 872 2755 Gregorii
883 2719 1032 2754 tempora
1045 2708 1202 2745 habemus

318 2765 460 2809 plurima
470 2761 588 2798 nmilia
599 2761 749 2805 exempla
761 2786 769 2793 .
798 2759 1002 2794 Gaufredum
1023 2762 1201 2796 Carnuten-

322 2816 388 2849 sem
397 2810 800 2858 Episcopum-degradavit
812 2810 870 2844 ille
890 2809 1070 2855 Gregorius
1085 2834 1096 2850 ,
1117 2821 1203 2844 man-

323 2864 445 2899 davita
460 2862 620 2898 Richerio
643 2861 878 2896 Senonenfium
898 2859 1115 2904 Metropolita
1139 2869 1204 2907 per-

323 2913 414 2949 mitti
438 2923 559 2946 novam
584 2912 802 2953 elestionem,
828 2910 980 2945 Electum
999 2908 1203 2950 consecrari,

325 2962 545 3000 &minitatus
559 2962 605 2995 est
627 2962 733 3005 ipsum
753 2960 902 3002 alioquin
923 2961 942 2994 ὲ
966 2962 997 2994 se
1017 2962 1204 2996 consecran-

326 3015 408 3049 dum
422 3038 431 3047 .
456 3010 584 3047 Verum
606 3011 697 3045 nulla
719 3011 783 3045 fuit
802 3011 883 3045 faeta
905 3011 1059 3045 executio
1080 3036 1087 3043 .
1114 3012 1205 3045 Hinc

326 3061 485 3109 Gregorii
518 3060 673 3096 mandata
694 3060 836 3095 firmavit
855 3071 893 3094 ac
913 3060 1083 3095 innovavit
1106 3060 1204 3095 utba-

329 3125 392 3150 nus
402 3111 590 3148 secundus:-
606 3111 651 3146 Et
674 3121 753 3146 tunc
778 3110 898 3145 electus
910 3112 1117 3146 fuitSanetus
1129 3112 1204 3146 lvo.

329 3163 460 3199 Verum
472 3161 642 3197 Gaufredo
651 3162 757 3195 favere
768 3162 907 3204 perrexit
919 3160 1109 3202 Richerius,
1119 3160 1205 3196 ideo-

331 3225 397 3259 que
419 3224 498 3248 cum
523 3213 584 3246 suae
609 3210 779 3247 elestionis
804 3211 948 3245 Decreto
973 3211 1120 3245 Romam
1145 3211 1206 3244 lvo

332 3264 438 3305 adiit,
462 3263 496 3298 δε
514 3263 719 3297 consecratus
739 3262 785 3296 est
806 3261 825 3295 a
851 3259 940 3295 dicio
954 3261 1099 3296 Urbano
1119 3286 1126 3294 .
1163 3260 1206 3295 Et

333 3323 411 3347 ecce
421 3313 499 3348 hinc
509 3313 647 3357 majores
657 3321 782 3347 motus.
810 3310 981 3345 Reducem
1004 3311 1140 3346 lvonem
1152 3309 1208 3345 Ri-

334 3361 464 3398 cherius
484 3364 594 3397 noluit
614 3363 789 3408 agnoscere
800 3360 999 3405 Episcopum
1011 3385 1022 3402 ,
1047 3362 1150 3406 ipsum
1163 3359 1208 3395 di—

336 3412 391 3451 xit
410 3410 681 3456 dismembratorem
702 3411 940 3456 metropolitana
959 3413 1045 3447 sedis
1064 3435 1076 3453 ,
1101 3411 1136 3446 δι
1157 3408 1208 3447 da-

183 939 245 970 Lib.
270 950 295 970 ι.

138 1009 141 1012 .
178 987 205 1010 G.
227 989 294 1011 111·

160 1739 230 1771 Lib.
257 1750 272 1770 2
279 1761 286 1769 .

154 1789 231 1820 cap.
260 1790 286 1811 a.

914 115 1554 168 D1sseztra¹rro

1268 212 1337 238 tam
1348 205 1366 239 ὲ
1378 203 1463 248 Papa
1473 203 1823 242 consecrationemnon
1835 202 2005 251 ‚simpliciter
2024 205 2142 244 benedi-

1268 255 1413 296 aionem,
1432 253 1491 298 sed
1498 254 1590 297 hostili
1610 254 1737 298 irrisione
1756 259 1926 300 appellavit
1949 263 2142 303 qualemcum-

1266 316 1321 347 que
1332 305 1560 340 beneditionem
1570 332 1577 339 .
1603 306 1712 341 Addit
1731 308 1793 343 lvo
1805 308 1840 342 in
1855 307 2016 343 litterisad
2029 308 2141 345 Urba-

1266 366 1346 390 num
1358 355 1577 391 Pontificem:
1605 361 1721 390 Notum
1725 357 1809 399 facio
1820 359 2011 393 Beatitudini
2022 360 2139 400 vestrae,

1264 407 1344 447 quod
1363 406 1532 449 Senonenfis
1555 407 1794 451 Arcbiepiscopus
1820 432 1832 449 ,
1867 407 1977 448 confilio
2000 409 2141 450 Parifien-

1262 454 1304 497 fis
1329 454 1472 499 Episcopi
1493 458 1662 500 infatuatus
1675 482 1686 499 ,
1710 458 1845 492 adhibito
1858 457 1915 499 fibi
1931 460 2031 492 eodem
2054 461 2141 494 Part-
2159 447 2206 485 ΕΡ·
2218 455 2261 478 ¹²·
2278 451 2305 479 ⁸·

1255 504 1343 548 fienfi
1359 507 1505 551 Epifiopo
1525 531 1536 549 ,
1570 510 1606 543 (tt
1624 508 1734 541 duobus
1758 510 1825 542 aliis
1843 520 1902 542 non
1924 509 2066 548 dzfflmilis
2093 521 2141 543 ve·

1261 558 1392 598 cordiae,
1417 557 1560 600 Meldenfi
1577 559 1612 592 (9·
1634 561 1807 600 Tricaffino,
1833 557 1884 593 boc
1905 569 1982 592 anno
2003 562 2140 602 stampis

1260 606 1297 639 de
1307 608 1506 642 Ordinatione
1516 631 1527 647 ,
1553 610 1674 651 quami?
1686 609 1773 643 vobis
1787 618 1977 651 acceperam,
2003 615 2140 643 meinor-

1259 658 1364 691 dinate?
1380 656 1460 700 satis
1482 657 1635 701 accusavit
1657 684 1666 702 ,
1704 661 1804 694 dicens
1826 671 1872 693 me
1895 666 1929 693 in
1953 659 2139 702 Mojestatem

1259 710 1385 752 Regiam
1402 708 1552 751 offendiffit
1563 732 1575 749 ,
1600 714 1653 752 qui
1672 711 1693 742 ὰ
1703 710 1776 744 Sede
1788 709 1944 751 Apostolica
1953 708 2142 752 consecratio·

1259 768 1325 791 nem
1341 756 1594 802 praesumpseram
1614 761 1765 803 accepiffe.
1791 761 1868 793 Cum
1880 765 1980 802 iraque
2000 769 2139 792 conaren-

1258 816 1306 841 tur
1328 814 1361 842 in
1379 819 1426 843 me
1448 808 1635 852 depositionis
1653 809 1836 853 sententiam
1846 810 2006 852 profluo,
2033 811 2138 843 sedem

1259 856 1444 900 apostoticam
1467 861 1641 903 appellavi.
1668 860 1855 896 Galliarum
1879 861 1956 895 Rex
1967 859 2010 894 est
2026 857 2139 893 Eccle-

1257 906 1369 944 fiarum
1387 919 1425 944 ac
1448 908 1749 945 Ecclefiasticorum
1765 909 2013 955 privilegiorum
2033 920 2139 952 prote·

1256 958 1324 993 &or
1337 972 1349 992 .·
1375 958 1469 993 Hinc
1489 957 1663 995 Richerius
1685 961 1816 996 asseruit
1837 960 1979 995 lvonem
1999 969 2067 992 non
2088 961 2139 993 so-

1257 1008 1429 1043 lummodo
1450 1008 1486 1043 in
1508 1010 1571 1044 suae
1590 1009 1682 1044 sedis
1691 1010 1861 1057 privilegia
1871 1010 2034 1046 exceffifl‘e
2049 1034 2060 1049 ‚
2085 1008 2139 1043 sed

1255 1059 1384 1103 insuper
1402 1059 1437 1093 in
1458 1057 1602 1104 Regiam
1621 1059 1846 1103 Maiestatem.
1874 1060 1919 1095 Et
1931 1060 1973 1095 de
1984 1059 2140 1093 Huberto

1256 1110 1490 1153 sylvanectensi
1514 1108 1706 1153 Episcopo,
1732 1110 1850 1144 Romae
1870 1121 1925 1154 per
1944 1108 2137 1144 Paschalem

1255 1159 1429 1194 secundum
1450 1159 1662 1200 consecrato,
1687 1159 1802 1194 scribit
1823 1159 1913 1194 idem
1937 1160 1997 1194 lvo
2007 1159 2049 1193 ad
2061 1171 2140 1194 eun-

1255 1209 1329 1244 dem
1352 1209 1573 1244 Pontificem:
1600 1209 1706 1243 Filius
1730 1209 1851 1251 vester,
1876 1211 1912 1243 &
1931 1209 2082 1251 confrater
2093 1219 2144 1241 no·

1249 1259 1308 1299 ster
1328 1259 1554 1302 SylvaneHenfis
1585 1258 1754 1302 Episcopus
1770 1268 1829 1302 pro
1852 1263 1994 1293 Romana
2012 1257 2141 1300 Ecclefia

1254 1318 1356 1343 eontra
1379 1314 1546 1344 Romanam
1567 1310 1732 1351 Ecclefiam
1753 1308 1863 1353 absque
1882 1310 2039 1343 audientia
2049 1310 2143 1349 &ju-

1255 1361 1330 1393 dicio
1351 1361 1389 1394 de
1409 1366 1537 1403 propria
1562 1361 1636 1394 Sede
1658 1359 1765 1403 pulfics
1785 1385 1798 1400 ‚
1833 1371 1991 1403 rerumque
2011 1357 2142 1401 suarum

1255 1411 1370 1443 damna
1388 1413 1540 1454 perpeffus
1550 1434 1563 1451 ,
1589 1416 1736 1452 quamvis
1746 1409 1798 1444 boc
1807 1421 1887 1443 anno
1897 1410 2021 1444 redierit
2038 1409 2059 1440 ἃ
2071 1407 2143 1441 sede

1255 1460 1416 1503 apostolica
1434 1466 1567 1495 munitus
1587 1461 1700 1494 litteris
1723 1459 1890 1503 apostolicis
1916 1485 1929 1502 ,
1962 1468 2067 1493 tamen
2091 1466 2143 1490 nec

1254 1512 1338 1553 apud
1354 1514 1465 1556 Regem
1487 1511 1693 1544 tribulationis
1714 1509 1780 1553 fitae
1791 1511 1916 1552 aliquod
1924 1514 2042 1543 invenit
2049 1518 2143 1541 reme-

1255 1563 1342 1595 dium
1366 1586 1378 1602 ,
1413 1572 1466 1595 nec
1484 1562 1573 1603 apud
1590 1561 1852 1603 Metropolitanum
1867 1560 1960 1604 suum
1975 1567 2144 1602 paternum

1247 1609 1448 1655 suffragium,
1474 1622 1525 1645 nee
1543 1612 1632 1652 apud
1652 1612 1931 1652 Comprovinciaies
1946 1608 2019 1653 suos
2022 1608 2143 1650 frater-

1254 1673 1324 1694 num
1344 1659 1487 1704 solatium
1508 1687 1516 1693 .
1555 1661 1631 1695 Rex
1665 1661 1751 1694 misit
1773 1661 1941 1694 violentas
1961 1667 2079 1693 manus
2106 1656 2143 1688 in

1254 1713 1385 1745 cunetas
1397 1710 1606 1754 Episcopales
1616 1710 1824 1753 poffeffiones
1837 1733 1850 1749 ‚
1871 1719 1910 1743 ac
1919 1708 2051 1752 insuper
2062 1705 2144 1739 Prae-

1255 1758 1359 1794 benda
1371 1784 1382 1800 ,
1408 1770 1507 1803 quam
1526 1769 1606 1794 ante
1628 1758 1785 1793 habuerat
1796 1759 1832 1791 in
1843 1757 2016 1798 P'arifiensi
2030 1754 2146 1789 Eccle-

1253 1810 1315 1848 fia,
1341 1807 1696 1851 illumjuffitspoliari.
1724 1806 1818 1841 Hinc
1829 1806 2056 1841 miserandum
2066 1814 2145 1839 exu-

1255 1857 1319 1892 lem
1345 1858 1480 1891 Santstus
1502 1856 1563 1892 Ivo
1573 1857 1676 1896 aluit,
1695 1857 1789 1900 juxta
1803 1855 1851 1891 Ca
1861 1867 1966 1892 nones
1977 1854 2147 1901 Sardicen-

1255 1908 1319 1940 ses.
1347 1907 1393 1939 Et
1411 1906 1511 1941 edicit
1532 1906 1630 1949 hujus
1653 1907 1892 1949 persecutionis
1903 1906 2036 1942 causam
2053 1917 2062 1937 ι
2089 1907 2145 1937 Fi-

1254 1957 1310 1988 lius
1329 1953 1424 1994 vester
1436 1978 1448 1995 ‚
1472 1950 1581 1989 creatio
1589 1954 1688 1994 vestra
1701 1980 1708 1987 .
1734 1955 1849 1991 Etiam
1872 1956 1910 1989 in
1931 1954 1997 1989 alia
2017 1952 2146 1997 Episto-

1256 2005 1286 2037 la
1307 2003 1418 2038 scribit
1439 2004 1482 2038 ad
1505 2002 1647 2038 eundem
1664 2005 1889 2038 Pontificem:
1920 2003 2076 2040 Hubertus
2087 2004 2143 2042 Syl-
2164 2009 2214 2048 Ep.
2224 2018 2300 2045 ²44·

1257 2050 1437 2093 vanetffenfis
1447 2050 1614 2094 Episcopus
1626 2076 1638 2093 ,
1662 2059 1770 2086 creatio
1779 2051 1894 2092 vestra.
1923 2053 2077 2089 Affirmat
2086 2052 2146 2088 hu-

1256 2103 1306 2147 jus
1329 2101 1563 2152 persecutionis
1582 2102 1712 2155 causam
1733 2102 1829 2137 fuisse
1850 2101 2047 2138 Romanam
2067 2116 2148 2140 con·
2165 2123 2214 2161 ΕΡ,
2232 2129 2297 2159 103·

1258 2152 1491 2189 sectationem.
1519 2152 1573 2186 Ex
1598 2151 1714 2187 iisdem
1736 2152 1844 2187 verbis
1853 2152 1950 2188 lucet
1960 2152 2077 2189 iabiin
2088 2165 2149 2190 no-

1260 2204 1307 2237 vis
1334 2201 1374 2236 ad
1394 2202 1503 2236 Sanffi
1534 2201 1648 2236 lvonis
1669 2202 1834 2247 Epistulas
1853 2202 1961 2238 Notis
1981 2202 2148 2246 Ioannem

1259 2252 1436 2296 Baptistam
1458 2251 1659 2286 Souchetum
1673 2276 1684 2293 ,
1711 2253 1769 2297 qui
1788 2253 1905 2288 censet
1920 2253 2018 2287 istum
2029 2254 2146 2298 Sylva-

1261 2304 1444 2339 nestensem
1461 2301 1662 2345 Episcopum
1681 2302 1774 2338 fuisse
1788 2303 1987 2348 Hugionem
2007 2313 2064 2338 aut
2085 2305 2146 2339 Le-

1259 2353 1414 2388 tholdum
1428 2377 1435 2385 .
1463 2353 1545 2387 Non
1559 2350 1620 2385 hos
1641 2377 1654 2394 ‚
1679 2353 1735 2387 sed
1757 2350 1954 2387 Hubermm
1971 2352 2065 2388 fuisse
2084 2352 2150 2388 Pa-

1260 2403 1359 2438 schali
1381 2413 1550 2443 coaevum,
1577 2401 1757 2437 ostendunt
1773 2402 1809 2436 in
1829 2401 1947 2437 Gallia
1958 2400 2145 2438 Christiana

1260 2456 1368 2488 fratres
1390 2451 1631 2487 Sammarthani
1651 2477 1658 2484 .
1684 2453 1763 2498 Qua
1784 2451 1826 2487 de
1845 2454 1952 2487 causa
1976 2451 2147 2488 Hubertus

1260 2504 1358 2538 fuerit
1381 2502 1498 2536 Romae
1515 2502 1740 2543 consectum,
1768 2501 1892 2535 discere
1915 2502 2012 2545 poffis
2028 2502 2146 2538 exalia

1261 2554 1370 2588 Sancti
1392 2551 1504 2586 lvonis
1519 2551 1561 2586 ad
1588 2552 1732 2586 eundem
1752 2550 1955 2586 Pontificem
1977 2551 2147 2597 Epistola:
2164 2542 2214 2580 Ep.
2232 2549 2299 2578 ¹⁹⁶*

1261 2607 1325 2648 Ego
1338 2605 1371 2638 (rt
1385 2607 1531 2636 Dominus
1542 2600 1728 2636 Theobaldus
1739 2627 1750 2642 ,
1777 2604 1869 2635 Beati
1892 2605 2024 2635 Martini
2041 2606 2147 2637 Mona-

1256 2654 1339 2695 flerii
1359 2650 1525 2694 Parist‘enfis
1551 2654 1638 2685 Prior
1663 2676 1674 2693 ,
1709 2652 1870 2685 audientes
1894 2650 2091 2695 miserabilem
2107 2653 2144 2687 θ’

1262 2703 1428 2738 mirabilem
1438 2700 1584 2744 Remenfis
1599 2705 1630 2735 E
1632 2699 1734 2743 cclefiae
1745 2701 1978 2744 desolationem5
2001 2699 2075 2744 ausu
2087 2701 2145 2742 fa·

1262 2755 1449 2788 miliaritatis
1476 2756 1583 2796 Regem
1607 2755 1792 2785 Francorum
1811 2752 1973 2793 opportune?
1993 2752 2147 2793 &impor-

1263 2806 1332 2839 tune
1357 2803 1619 2846 interpellavimus
1631 2827 1644 2843 ‚
1666 2811 1812 2844 quatenus
1828 2800 1990 2843 praedidi‘ae
2009 2799 2145 2842 Ecclefiae

1262 2851 1383 2898 expulso
1402 2850 1541 2896 invasore
1561 2851 1701 2893 Gervafio
1717 2860 1822 2894 pacem
1833 2850 2010 2891 restituere&
2040 2852 2076 2885 ὁ*
2087 2853 2147 2884 Do-

1264 2911 1378 2939 minum
1404 2900 1598 2944 Radulpbum
1617 2926 1628 2942 ,
1664 2908 1698 2935 in
1712 2907 1847 2945 gratiam
1861 2899 1952 2943 suam
1972 2908 2158 2945 receptum„

1263 2957 1356 2989 eidem
1376 2951 1511 2995 Ecclefiae
1527 2952 1647 2994 praeeffl¹
1656 2953 1840 2986 concederet.
1867 2947 2145 2985 Profanum'Ger-

1265 3006 1386 3040 vafium
1406 3004 1441 3037 in
1461 3002 1618 3037 Trecenfi
1631 3001 1771 3044 Synodo
1782 2999 1825 3034 ad
1836 2998 2026 3034 duodecimi
2037 2999 2145 3034 saeculi

1265 3065 1390 3090 annum
1409 3054 1560 3088 ostavum
1593 3051 1804 3085 damnaverat
1825 3075 1837 3091 ‚
1875 3050 1910 3084 δε
1944 3049 2145 3093 ejiciendum

1264 3105 1472 3141 mandaverat
1491 3100 1657 3136 paschalis
1678 3099 1856 3141 secundus,
1883 3101 1919 3135 &
1940 3101 2146 3136 consecrave-

1265 3166 1314 3192 rat
1335 3150 1566 3198 Radulphum.
1592 3151 1729 3186 Fadium
1742 3150 1776 3185 id
1788 3151 1853 3185 suit
1874 3150 1941 3184 sine
1965 3149 2077 3195 Regio
2098 3150 2146 3184 as-

1267 3207 1368 3242 sensu.
1395 3205 1488 3238 Hinc
1498 3200 1685 3237 Ludovicus
1697 3200 1771 3235 Rex
1783 3198 2000 3244 Radulphum
2009 3200 2054 3234 est
2065 3197 2144 3234 dure

1267 3258 1447 3301 persecutus
1466 3279 1473 3286 .
1502 3253 1548 3288 Et
1570 3252 1712 3287 durante
1729 3250 1792 3285 hac
1814 3251 1890 3291 lite,
1917 3250 2143 3292 sylvanecten-

1266 3309 1349 3343 fiam
1371 3305 1500 3339 Electus
1511 3302 1678 3336 Hubertus
1700 3326 1712 3343 ‚
1744 3300 1835 3345 quod
1855 3299 2145 3334 Remisconsecra-

1269 3358 1296 3392 ri
1309 3368 1377 3392 non
1400 3355 1523 3399 posset,
1550 3351 1790 3387 consecrandus
1808 3350 1870 3385 ivit
1891 3350 2053 3386 Romam,
2082 3347 2142 3381 ibi-

1270 3407 1346 3445 dem
1365 3405 1569 3442 consecratus
1579 3403 1646 3446 est,
1671 3401 1817 3439 &redux
1827 3398 1947 3435 cecidit
1957 3398 1992 3432 in
2012 3398 2141 3432 easdem

2021 3459 2093 3494 pera
