2372 3756
76 454 161 496 Epist.
184 466 210 486 ι.

75 646 160 685 Epist·
187 657 215 684 3.

75 836 164 876 Epist.
191 848 214 868 1.

74 1186 160 1216 Tom·
185 1187 211 1214 8.

75 1374 137 1406 Lib.
154 1383 182 1411 3.
204 1383 232 1404 c.

77 1424 126 1450 23.

69 1526 99 1562 ⁴1.
117 1541 143 1567 4.
163 1538 233 1567 ca3.

79 2717 163 2749 Tom.
185 2717 213 2746 8.

625 122 911 153 εεΡτῐΜιιΜ
946 108 1254 153 ROMANUM
1290 107 1671 155 CONcanJM.

248 197 294 226 rit
310 190 475 235 praesentia
496 200 577 225 nemo
595 193 724 235 conficiat
735 217 745 233 ,
770 194 854 233 qu'us
876 191 1035 232 testimonio
1056 193 1120 224 Cle-

248 244 551 276 eteorumcrcivium
567 243 649 283 pofflt
675 248 860 275 unanimitas
882 243 1043 275 declarari·
1077 241 1120 275 Et

249 291 320 335 post
331 292 542 336 degradatum
553 292 842 327 Contumeliosum
853 291 1027 326 Reiensem
1048 291 1122 334 Epi-

248 342 384 385 scopum
395 342 705 385 Joannessecundus
716 342 755 376 ad
767 353 883 376 omnes
907 342 1022 375 Galliae
1046 341 1121 385 Epi-

250 391 366 435 scopos
388 405 395 424 ι
423 397 475 425 Ne
501 394 566 433 ejus
591 391 719 433 Ecclefia
739 391 878 431 destituta
898 393 1039 424 videatur
1053 415 1064 431 ‚
1089 397 1120 424 in

249 443 313 482 ejus
324 442 381 475 loco
391 440 575 484 Vifitatorem
585 443 655 475 dari
660 439 804 484 praesentt
824 440 1002 474 auc‘loritate
1025 441 1121 474 decer-

250 497 349 525 nimus
369 513 381 531 ,
417 501 451 524 ut
471 491 549 525 nibil
571 493 608 525 de
631 491 794 525 ordinibus
816 492 1021 530 clericorum,
1046 490 1125 524 nihil

251 542 289 574 de
299 540 491 583 Ecclefiastica
495 541 645 583 facultate
650 539 815 584 praesumat
827 566 837 580 ,
859 540 916 584 sed
935 552 970 574 ea
990 551 1056 582 quae
1079 543 1123 573 ad

248 590 450 635 sacro-santYa
478 591 612 631 Mysteria
626 597 780 633 pertinent
803 601 984 633 exequatur.
1017 591 1061 624 Et
1081 591 1121 624 ad

252 640 399 675 Reiensis
412 641 558 675 Ecclefiae
568 642 719 675 Clerum:
748 641 917 683 Necessaria
945 640 1030 674 vobis
1047 639 1123 682 sola-

251 696 298 724 tia
306 692 451 724 credimus
475 691 636 732 Vifitatoris
662 692 844 733 adjungere,
871 700 904 724 ut
929 687 1054 730 Ecclesia
1074 688 1123 732 suo

249 746 380 783 privata
391 740 517 783 Praesuie
521 739 630 783 summi
645 748 772 784 nequeat
783 741 936 782 Pontificis
957 738 1071 782 filatiis
1082 746 1127 772 in·

254 793 370 834 digere.
402 791 446 823 Et
456 790 524 832 ejus
537 792 692 824 successor
705 790 875 834 Agapetus
897 789 938 824 ad
957 787 1123 823 laudatum

252 839 501 882 Metropolitam
528 840 721 878 Caesarium,
749 842 931 872 Patrimonio
951 838 1083 880 Ecclefiae
1094 845 1125 870 in

248 889 460 933 gubernatum
472 887 674 922 archidiaconi
685 888 836 931 constituto
847 914 857 930 ,
884 888 1081 928 Vifitatoriam
1093 894 1124 921 in

253 938 463 980 Contumelias?
482 940 540 973 loco
560 945 753 981 praecipimus
778 940 913 972 ordinari
946 938 1125 981 personam.

251 988 444 1023 Visitatores
465 988 563 1023 etiam
580 988 638 1022 sub
647 989 848 1023 Francorum
861 990 983 1034 Regno
997 990 1125 1033 Episco-

250 1050 312 1082 pos
324 1037 444 1073 affidue
464 1039 600 1073 laudant
623 1040 784 1083 antiquat,
813 1051 867 1082 per
886 1039 1045 1082 Jacobum
1067 1039 1125 1073 Sir-

251 1087 413 1122 mondum
435 1088 606 1133 publicatae
634 1114 644 1129 ,
679 1090 927 1132 Episcopalium
949 1089 1126 1132 promotio-

250 1149 331 1172 num
353 1138 522 1179 formulae,
548 1138 666 1182 quibus
677 1138 945 1183 elegantissimam
961 1139 1056 1171 aliam
1070 1150 1127 1172 nu-

250 1198 305 1232 per
325 1188 475 1232 adjunxit
501 1189 608 1223 Lucas
630 1188 814 1223 Dacherius
841 1213 848 1219 .
883 1188 987 1235 Quod
1025 1188 1130 1222 Mori·

250 1239 340 1273 nensi
361 1240 394 1271 &
416 1238 616 1273 Tornacensi
638 1238 776 1273 viduatis
800 1238 947 1272 Ecclesiis
970 1238 1127 1272 Vifitato-

248 1299 300 1321 res
318 1288 418 1322 etiam
440 1287 638 1322 Hincmarus
667 1289 833 1323 Remenfis
846 1288 1063 1331 Metropolita
1077 1287 1130 1322 de·

251 1335 353 1378 derit,
380 1338 489 1373 laudat
511 1339 545 1372 in
566 1338 709 1381 ejusdem
737 1338 883 1372 Ecclesiae
895 1338 1045 1372 Historia
1058 1339 1130 1372 Flo-

252 1387 393 1422 doardus
417 1412 427 1427 ‚
464 1389 498 1421 δε
519 1387 611 1421 addit
632 1388 673 1423 dc
695 1387 782 1422 illius
803 1388 986 1422 Successore
1012 1388 1129 1422 Sancto

253 1437 420 1471 Fulcone:
449 1439 539 1471 Fulco
554 1438 752 1470 Herilandum
772 1435 1028 1480 Terravanensem
1054 1441 1129 1480 Epi·

248 1485 388 1530 scopum,
415 1489 480 1527 ejus
490 1486 646 1530 Episcopio
666 1488 685 1518 ἃ
709 1492 910 1520 Nortmannis
932 1489 1104 1529 depopulato
1119 1512 1128 1527 ,

253 1538 296 1569 ad
298 1535 333 1579 siv
345 1543 510 1569 venientem
517 1535 646 1579 suscepit
658 1561 669 1577 ‚
696 1537 921 1579 &Vifitatorem
944 1539 1061 1571 cuidam
1084 1546 1129 1570 vt.

249 1587 354 1619 duatae
366 1585 500 1627 Ecclefiae
509 1586 651 1626 constituit
663 1611 674 1626 ,
694 1597 728 1619 ut
741 1586 887 1628 visitando
893 1586 1131 1630 sustentationem

253 1641 375 1670 interim
395 1660 407 1677 ‚
434 1637 503 1668 dum
525 1635 686 1679 Episcopus
709 1637 750 1669 ibi
769 1639 960 1670 ordinaretur
981 1661 991 1676 ‚
1016 1649 1054 1670 ex
1078 1638 1131 1669 illa

249 1693 368 1729 raperet
386 1711 393 1718 .
418 1685 515 1720 Plura
526 1685 977 1729 sunthujusmodiexempla.
1007 1687 1129 1721 Verum

251 1735 342 1779 quod
355 1735 531 1770 Gallicanae
544 1737 778 1780 Episcoporum
794 1736 959 1770 Perochiae
983 1737 1042 1770 sint
1066 1736 1129 1779 pas-

252 1786 313 1820 sim
326 1786 419 1820 vastae
430 1810 440 1826 ‚
467 1786 484 1819 ὲ
499 1787 622 1830 propria
634 1786 737 1821 abesse
749 1811 760 1827 ‚
785 1787 942 1820 &alienae
951 1788 1132 1829 frequenter

252 1836 360 1870 adesse
387 1837 449 1869 fuit
471 1835 606 1870 difficile
627 1835 795 1871 Visitatori
821 1836 984 1879 Episcopo
1006 1862 1012 1868 .
1041 1837 1132 1870 Hinc

253 1885 400 1930 quaedam
425 1885 570 1919 Ecclefiae
596 1886 741 1920 officium
779 1886 868 1920 illius
894 1898 949 1929 per
976 1885 1131 1930 Chorepi-

253 1937 389 1979 scopum
410 1935 621 1978 expleverunt
644 1962 651 1968 .
691 1936 794 1983 Qiod
821 1948 931 1970 tamen
953 1948 1130 1980 numquam

252 1984 312 2019 sub
337 1985 495 2020 Romano
522 1986 664 2029 Imperio
682 2009 693 2025 ‚
729 1987 782 2021 sed
818 1988 935 2022 fastum
963 1987 1132 2021 dumtaxat

253 2036 390 2079 reperies
411 2036 470 2070 sub
492 2036 614 2080 Regno
635 2036 854 2071 Francorum.
885 2037 956 2070 Nec
971 2038 1034 2071 fuit
1047 2037 1131 2071 istud

256 2085 435 2119 universale
448 2110 455 2117 .
482 2085 616 2118 Etenim
639 2085 680 2118 de
700 2087 798 2130 Lupo
817 2087 1045 2120 Catalaunensi
1059 2087 1134 2130 Epi-

257 2136 358 2178 scopo
390 2133 489 2169 habet
516 2136 603 2168 sexta
628 2135 712 2169 aftio
748 2136 880 2169 secundi
908 2137 1133 2171 Sueffionenfis

256 2182 405 2218 Concilii
419 2196 426 2216 ε
455 2187 541 2228 ,Quia
552 2186 721 2226 Metropolis
734 2185 911 2219 Rbemorum
924 2185 1048 2227 Ecclesia
1059 2199 1133 2221 care·

252 2234 310 2267 bat
322 2233 458 2273 Pastore,
474 2235 571 2277 Juffus
581 2234 620 2274 est
632 2239 733 2278 Regiis
755 2237 865 2268 litteris
893 2239 1013 2269 Domini
1034 2238 1134 2270 Caroli

255 2284 372 2323 Calvi,
399 2292 431 2316 ut
455 2289 487 2316 in
503 2283 680 2325 coffeo‘lione
700 2283 873 2327 chrismatis
900 2308 911 2324 ,
947 2287 982 2320 (9
1002 2293 1037 2318 in
1062 2287 1133 2320 aliis

254 2333 482 2374 necessitatibus,
508 2335 645 2367 videlicet
663 2343 697 2367 ut
715 2333 781 2377 suae
793 2338 888 2367 Matri
899 2335 1033 2378 Ecclesiae
1047 2360 1059 2376 ,
1077 2346 1135 2378 pro

251 2381 309 2426 sua
325 2382 509 2425 poffibilitate
533 2386 565 2416 in'
587 2383 793 2426 Ecclesiasticir
829 2390 953 2429 negotiis
988 2385 1134 2429 consulere

252 2440 445 2475 procuraret.
474 2432 584 2467 Etiam
606 2434 756 2469 elericos
778 2434 901 2471 ibidem
924 2435 1037 2480 Lupus
1048 2437 1134 2471 ordi-

256 2493 366 2518 navit.

306 2533 363 2567 An
375 2532 636 2569 SanstiAndreae
647 2534 946 2581 Abbasaliquando
970 2537 1067 2572 fuerit
1090 2538 1134 2571 vi-

254 2583 360 2617 duatae
384 2584 614 2628 Lugdunensis
636 2586 786 2620 Ecclesia:
809 2586 969 2621 Vilitator
997 2587 1133 2631 ignoro.

252 2633 389 2668 Etenim
410 2634 499 2668 aliud
522 2634 648 2669 edicere
670 2635 798 2669 videtur
819 2635 854 2669 in
882 2638 963 2675 suo,
991 2648 1048 2679 per
1069 2638 1132 2672 Lu-

252 2693 327 2718 cam
348 2683 550 2718 Dacherium
573 2683 760 2728 publicato,
787 2684 826 2719 ad
854 2684 1061 2720 Edunensem
1074 2688 1133 2721 Ec-

251 2734 382 2768 clesiam
400 2734 519 2768 Edicto
540 2734 742 2769 Francorum
767 2735 841 2769 Rex
868 2732 1040 2779 Philippus
1063 2737 1131 2771 Au-

248 2784 367 2829 gustus
390 2797 401 2818 .·
430 2787 638 2827 Legitimorum
661 2784 810 2818 bominum
832 2784 988 2825 testimonio
1015 2789 1128 2829 Lugdu-

251 2833 347 2875 nenfis
368 2832 502 2876 Ecclefiae
505 2836 559 2875 jus
570 2836 621 2878 effe
636 2835 791 2868 didicimus
804 2861 814 2876 ‚
841 2845 874 2868 ut
887 2842 998 2878 quoties
1011 2838 1130 2870 Eduen-

249 2883 290 2925 fs
300 2882 383 2927 sedes
395 2891 572 2925 vacaverit,
599 2892 684 2918 toties
706 2886 909 2929 Lugdunensis
936 2885 1130 2929 Archiepifio-

250 2941 311 2975 pus
324 2936 357 2967 <zi
368 2936 493 2977 Regalia
506 2934 599 2975 nostra
612 2935 761 2976 Eduenfia
771 2960 782 2975 ,
808 2937 841 2969 (τ
856 2937 915 2968 alla
927 2947 992 2977 quae
1005 2938 1048 2968 ad
1057 2940 1131 2980 Epi-

249 2981 403 3026 scopatum
416 2984 587 3027 Eduensem
593 2992 743 3026 pertinent
754 3011 763 3025 ‚
789 2990 821 3018 in
832 2997 923 3018 manu
934 2985 990 3027 sua
999 2985 1126 3027 babeat,

253 3033 288 3065 e>-
314 3036 379 3065 vice
402 3032 489 3075 versa
509 3041 621 3076 quoties
646 3035 872 3079 Lugdunensem
893 3034 995 3078 sedem
1020 3047 1128 3070 vacare

253 3087 430 3126 contigerit,
457 3089 540 3116 toties
563 3083 724 3127 Episcopus
745 3085 888 3127 Eduenfis
910 3092 942 3118 in
964 3098 1053 3118 manu
1070 3086 1129 3129 sua

253 3132 364 3165 habeat
383 3133 416 3164 <n
437 3132 575 3172 custodiat
600 3134 739 3178 universa
767 3138 811 3168 ad
847 3134 1126 3178 archiepiscopatum

253 3231 390 3266 clerum
411 3232 446 3265 ὃ(
469 3233 624 3274 populum
649 3234 813 3276 Aymarus
835 3235 1058 3279 Lugdunensis
1069 3237 1127 3272 Ar-

253 3281 479 3324 chiepiscopus
491 3295 497 3313 :
528 3283 627 3315 Nobis
637 3284 746 3320 constat
758 3284 958 3328 vacantesede
984 3290 1126 3328 Metropw

252 3332 350 3365 litana
373 3331 562 3374 Lugdunenfi
583 3331 759 3375 Episcopum
779 3334 950 3377 Eduensem
975 3335 1077 3369 debere
1089 3340 1125 3370 de

252 3388 382 3425 antiqua
408 3383 442 3414 (ν
467 3381 634 3424 approbata
660 3383 865 3426 consuetudine
884 3385 996 3418 dietam
1021 3389 1125 3421 Metro—

351 3429 459 3473 Cbrist.
469 3435 549 3475 Lupi
559 3437 657 3475 Opera
668 3437 701 3467 T.
717 3438 765 3467 VI.

1887 125 1983 163 219

1182 191 1347 232 politanam
1363 186 1467 231 sedem
1484 195 1582 222 tenere
1603 212 1614 228 ,
1640 193 1674 224 ὦ*
1695 163 1809 225 omnib·
1826 192 2051 233 administratio·
2112 226 2117 228 a

1186 252 1251 273 nem
1263 244 1369 272 tamin
1381 238 1588 279 temporalibus
1602 263 1611 278 ,
1636 242 1726 280 quiim
1737 247 1770 273 in
1776 241 1985 284 spiritualibus
1999 243 2052 275 ba-

1186 290 1251 323 bere
1261 313 1271 329 ‚
1302 291 1335 323 <St
1349 294 1446 320 omnia
1456 287 1550 328 castra
1562 287 1755 329 &fortalitia
1767 314 1776 328 ,
1804 294 1893 325 villas
1904 294 1938 326 (ν
1948 295 2051 326 doinus

1181 339 1340 382 praedit‘lae
1357 338 1438 381 sedis
1458 348 1575 377 tenere,
1602 339 1636 371 (Ὗ
1649 337 1771 378 Ῑνιιέῖιιι
1785 340 1906 380 levare,
1932 345 1965 376 cr
1984 342 2052 385 suos

1167 388 1422 433 ,integrifacere3
1444 387 1515 429 ficut
1528 389 1657 420 econtra
1666 390 1747 420 idem
1750 390 1805 426 jus
1826 396 1879 428 per
1898 398 1995 423 omnia
2016 394 2055 425 de

1185 446 1311 481 antiqua
1337 440 1371 472 (9*
1397 438 1565 480 approbata
1589 436 1792 480 consuetudine
1818 438 2054 481 Arcbiepiscopus

1185 486 1382 533 Lugdunensis
1389 487 1460 531 sede
1480 486 1615 529 Eduenfi
1625 487 1872 521 vacanteobtinet
1894 494 1926 519 in
1945 492 2057 528 praedi-

1184 540 1261 572 ἄη.
1289 539 1391 584 Qiod
1404 539 1507 580 ipsum
1532 535 1725 580 Radulphus
1747 537 1975 580 Lugdunensis
1999 538 2059 570 Ar-

1184 589 1409 632 chiepiscopus
1420 588 1452 620 &
1469 586 1572 631 Hugo
1587 588 1742 621 Eduensis
1756 588 1937 630 Episcopus
1954 588 1988 620 in
2002 589 2059 621 suo

1185 640 1319 683 desuper
1332 637 1548 672 Concordato
1562 638 1718 670 testantur
1732 636 1852 675 ibidem
1866 649 1963 680 atque
1984 649 2062 671 con-

1189 690 1326 722 firmant.
1354 687 1626 732 Lugdunensis&
1642 687 1799 720 Eduenfis
1813 688 1959 721 Ecclesiae
1974 686 2062 723 ultro

1187 739 1335 782 citroque
1358 739 1511 771 videntur
1528 739 1559 771 se
1584 736 1747 775 habuisse,
1776 739 1823 769 uti
1847 738 2005 770 Roffenfis
2030 738 2061 770 se

1189 788 1302 822 habuit
1323 788 1363 822 ad
1387 787 1655 822 Cantuariensem
1681 812 1688 820 .
1730 785 1932 820 Vacontium
1956 788 2062 831 Rega-

1188 839 1268 872 lium
1280 838 1462 872 custodiam
1477 838 1549 871 Rex
1562 837 1628 870 illic
1642 848 1708 871 non
1721 835 1857 875 habuit,
1885 837 1917 869 ὅ(
1931 846 2063 879 uterque

1191 889 1369 931 Episcopus
1391 888 1453 921 fuit
1477 888 1640 931 utriusque
1662 888 1807 920 vacantis
1836 886 1985 920 Ecclefiae
2007 886 2066 919 Vi·

1188 939 1294 972 carius
1315 949 1352 970 ac
1379 937 1537 971 Visitator
1559 963 1566 969 .
1605 940 1659 970 An
1687 937 1846 970 Eduenfis
1867 936 1959 969 simul
1989 946 2064 970 cum

1187 987 1294 1021 Sanffi
1318 986 1457 1020 Andreae
1483 987 1612 1020 Abbate
1636 986 1786 1020 habuerit
1814 987 1906 1020 istam
1933 986 2067 1030 potesta·

1189 1049 1253 1072 tem
1268 1061 1279 1077 ‚
1305 1048 1346 1069 an
1364 1037 1421 1079 ipsi
1448 1037 1556 1070 exilia
1570 1039 1701 1070 extruso
1713 1037 1911 1076 successerit,
1940 1047 2067 1080 nequeo

1190 1088 1376 1121 adfirmare.
1405 1086 1607 1120 Vacantium
1626 1087 1835 1121 Ecclefiarum
1850 1087 2020 1125 facultates
2034 1086 2069 1119 in

1190 1136 1344 1172 omnibus
1382 1137 1518 1179 Europae
1555 1136 1682 1180 Regnis
1709 1137 1820 1180 passim
1845 1137 2069 1179 subjacuerunt

1191 1189 1325 1222 Ducum
1349 1187 1383 1220 δε
1406 1187 1578 1220 Comitum
1605 1187 1773 1220 violentiis
1794 1198 1831 1220 ac
1844 1187 1986 1229 rapinis:
2014 1186 2070 1218 An

1192 1237 1300 1272 Sancti
1323 1235 1462 1269 Andreae
1489 1235 1602 1269 Abbas
1623 1236 1662 1269 ad
1684 1237 1755 1279 ipsis
1771 1237 1976 1271 resistendum
1991 1236 2073 1272 suffi-

1191 1289 1313 1321 cientes
1336 1286 1418 1320 vires
1443 1297 1510 1320 non
1534 1284 1705 1326 habuerit,
1731 1287 1883 1329 atqueita
1897 1287 2011 1329 ejusin
2026 1286 2073 1319 lo-

1193 1349 1267 1371 cum
1288 1336 1515 1380 Lugdunensis
1541 1336 1679 1370 Ecclesia
1703 1336 1760 1370 sub
1784 1337 1896 1370 similis
1922 1335 2073 1379 adjutorii

1193 1385 1305 1422 debito
1328 1386 1527 1429 assumpserit
1550 1385 1731 1421 Eduensem
1758 1387 1983 1429 Episcopum,
2008 1397 2075 1429 per-

1196 1440 1293 1471 mitto
1317 1435 1534 1470 decidendum
1561 1436 1626 1469 illis
1648 1461 1659 1477 ‚
1695 1437 1752 1478 qui
1774 1438 1865 1478 plura
1887 1438 1919 1470 ὅ(
1940 1435 2075 1469 meliora

1198 1486 1369 1521 habuerint
1382 1499 1423 1520 ex
1438 1485 1579 1528 antiquis
1590 1486 1724 1519 scriniis
1734 1486 1931 1519 documenta
1947 1511 1953 1517 .
1974 1486 2079 1533 Qid-

1195 1538 1274 1581 quid
1287 1537 1325 1569 sit
1338 1561 1348 1576 ,
1375 1535 1486 1569 Abbas
1498 1535 1553 1569 ille
1564 1536 1678 1580 nequit
1691 1535 1783 1569 fuisse
1795 1535 1951 1570 Vifitator
1962 1560 1969 1567 .
1997 1537 2075 1571 Alia

1197 1588 1241 1621 est
1268 1586 1349 1620 ratio
1373 1586 1542 1620 Abbatum
1565 1585 1796 1619 Lobiensium.
1825 1586 1954 1619 Horum
1981 1586 2076 1629 primi

1203 1636 1383 1671 habuerunt
1398 1636 1624 1678 Epist-opalern
1636 1636 1915 1669 consecrationem
1927 1660 1938 1676 ,
1965 1636 2078 1669 viden-

1197 1698 1248 1721 tur
1262 1686 1489 1720 Leodiensium
1501 1684 1703 1723 Pontificum
1714 1685 1805 1718 fuiffe
1819 1683 2052 1728 Chorepiscopi
2065 1710 2076 1725 ‚

1199 1748 1296 1781 atque
1310 1737 1352 1770 ita
1365 1744 1515 1779 poterant
1539 1736 1601 1769 effe
1624 1734 1837 1768 Visitatores.
1866 1735 1990 1768 Verum
2011 1734 2077 1769 haeo

1201 1797 1344 1832 tangunt
1365 1785 1538 1831 singularia
1564 1783 1694 1821 archiva
1719 1784 1850 1819 istorum
1863 1784 2079 1820 Monasterioe

1200 1850 1290 1872 rum.

1249 1890 1413 1931 Aymarus
1435 1886 1710 1932 Archiepiscopus
1732 1887 1814 1922 recte
1836 1887 2009 1933 distinguit
2029 1888 2079 1922 im

1199 1949 1247 1973 ter
1271 1938 1485 1973 Ecclefiarum
1511 1939 1702 1983 temporalia
1726 1950 1763 1971 ac
1784 1940 1974 1981 spiritualia.
2003 1939 2078 1972 Ete-

1200 1989 1272 2023 nim
1293 1989 1383 2031 supr&
1403 1989 1497 2022 nobis
1521 1989 1690 2034 Agapetus
1712 1987 1867 2023 Pontifex
1880 1989 1962 2023 dixit
1974 1989 2077 2022 etiam

1201 2039 1343 2072 Reiensis
1375 2039 1518 2073 Eccleflae
1555 2038 1746 2083 temporalia
1786 2051 1840 2082 per
1868 2038 2080 2073 Archidiaco-

1202 2100 1281 2122 num
1307 2112 1317 2127 ‚
1345 2089 1523 2132 spiritualia
1548 2101 1602 2131 per
1623 2089 1831 2123 Vifitatorem
1855 2090 1917 2123 esse
1939 2089 2079 2122 admini-

1201 2138 1328 2172 stranda
1347 2163 1354 2170 .
1394 2137 1447 2171 De
1473 2137 1586 2172 eodem
1614 2138 1698 2171 dixit
1727 2139 1868 2181 Joannes
1895 2140 2078 2173 secundus.-

1200 2191 1282 2232 Quae
1304 2189 1349 2220 ad
1361 2187 1551 2230 sacrosant‘la
1572 2195 1723 2229 pertinent
1747 2189 1878 2227 Mysteria
1888 2198 2053 2230 exequatur
2069 2212 2076 2220 .

1202 2238 1244 2271 Et
1267 2238 1385 2271 iterum
1398 2251 1408 2271 .·
1437 2243 1474 2270 Ut
1488 2240 1584 2270 vidua
1597 2237 1722 2278 Ecclefia
1733 2241 1843 2270 Summi
1861 2239 2012 2280 Pontifiris
2030 2250 2078 2271 ne·

1199 2298 1289 2330 queat
1305 2287 1421 2331 solatiis
1445 2289 1576 2331 indigere
1600 2313 1606 2320 .
1645 2288 1729 2322 Vult
1754 2300 1809 2331 per
1832 2291 1937 2332 ipsum
1962 2289 2076 2325 Ponti-

1200 2338 1305 2372 ficalia
1319 2338 1492 2382 praesertim
1513 2339 1711 2372 exercenda.
1741 2338 1941 2372 Caturcenfis
1965 2339 2077 2372 Eccles-

1201 2389 1240 2421 sia
1264 2390 1297 2422 in
1322 2389 1404 2429 suo,
1430 2399 1498 2431 quo
1519 2388 1560 2421 ad
1583 2389 1702 2422 decimi
1730 2389 1832 2422 saculi
1854 2390 1951 2422 finem
1973 2390 2073 2433 elegit

1200 2438 1438 2476 Guasbermm,
1470 2439 1616 2472 Decreto
1629 2440 1784 2481 exponit:
1814 2442 1871 2472 Per
1892 2437 2071 2479 Visi‘tatorem

1202 2487 1378 2530 Epiftopum
1383 2488 1554 2531 perficiatur
1568 2489 1825 2530 Ecclesiasticarum
1844 2501 1940 2522 rerum
1962 2495 2071 2523 Inven-

1199 2545 1311 2571 tarium
1326 2564 1335 2578 ‚
1362 2548 1429 2571 tunc
1441 2542 1511 2572 vero
1520 2540 1672 2580 prioribus
1686 2541 1821 2572 viduatae
1831 2538 1914 2582 sedis
1929 2539 2072 2582 dispositis

1199 2587 1360 2622 OEconomis
1373 2591 1585 2622 commendetur
1601 2614 1607 2620 .
1637 2590 1749 2622 Exstat
1763 2590 1847 2632 apud
1867 2590 1990 2623 Lucarn
2006 2590 2070 2624 Da·

1198 2638 1364 2672 cherium.
1394 2639 1435 2671 Et
1449 2640 1482 2671 in
1497 2639 1704 2672 Nemausensi
1719 2638 1855 2681 Synodo
1869 2639 1979 2673 statuit
2003 2640 2069 2674 Ur·

1198 2688 1296 2722 banus
1322 2688 1499 2721 secundus:
1532 2691 1655 2730 ,Quoties
1676 2691 1803 2730 alicujus
1827 2689 1957 2731 Ecclesiae
1985 2694 2070 2723 Anti-

1189 2738 1247 2778 stes
1259 2749 1295 2770 ex
1308 2737 1364 2770 hac
1374 2744 1442 2770 vita
1459 2744 1670 2781 emigraverit,
1700 2740 1768 2772 duae
1778 2740 1814 2772 de
1826 2739 1991 2773 melioribus
1999 2749 2069 2781 per-

1193 2787 1274 2831 sonae
1286 2789 1429 2831 eligantur
1451 2786 1579 2830 eiusdem
1602 2788 1755 2831 Ecclefiae,
1782 2796 1833 2832 qui
1854 2801 1901 2823 res
1927 2789 2069 2833 Episcopi

1196 2837 1349 2879 defunffl,
1371 2837 1442 2877 ficut
1452 2836 1513 2881 ipse
1537 2837 1740 2881 disposuerat,
1766 2840 1893 2874 trac‘ient
1915 2841 2066 2882 fideliter,
2083 2863 2152 2891 Can.
2180 2873 2207 2897 ⁷-

1197 2891 1229 2922 &
1243 2899 1307 2930 quae
1323 2888 1366 2919 ad
1377 2887 1585 2931 Epiftopatum
1591 2895 1746 2930 pertinent
1757 2913 1767 2928 ‚
1789 2889 1943 2934 succeffuro
1957 2890 2066 2930 Pastori

1176 2937 1388 3003 {conservenu
1431 2938 1472 2971 Et
1495 2938 1534 2971 ad
1564 2939 1750 2973 Antonium
1777 2939 1933 2974 Romanae
1957 2940 2065 2974 Eccle-

1176 2988 1238 3032 zfiae
1260 2987 1505 3021 Subdiaconurn
1530 3013 1540 3029 ‚

1175 3037 1388 3074 {Patrimonii
1410 3038 1604 3079 Restorem‚
1633 3039 1740 3073 scribit
1766 3040 1912 3084 Magnus
1938 3041 2063 3084 Grego-

1576 3001 1613 3023 ac
1631 2989 1817 3033 Apostolici
1839 2992 1871 3023 in
1894 2990 2062 3024 Dalmatia

1193 3090 1276 3121 rius:
1306 3091 1350 3120 De
1360 3088 1447 3121 rebus
1459 3090 1686 3122 velornamento
1712 3089 1843 3129 Ecclefiae
1861 3090 1988 3131 fideliter
2013 3094 2061 3122 In·

1191 3143 1363 3172 ventarium
1381 3138 1480 3179 facito
1501 3148 1529 3172 te
1546 3138 1696 3182 praesente
1717 3138 1869 3181 conscribi.
1898 3142 1944 3171 Et
1965 3150 2001 3173 ne
2024 3142 2060 3175 de
2078 3130 2107 3159 ι’
2136 3140 2164 3159 ²⁹
2191 3130 2234 3159 3¹¹·

256 3181 484 3226 Lugdunensem
502 3189 702 3223 pertinentia.
736 3186 778 3219 Et
804 3186 965 3219 inlitteris
980 3187 1020 3219 ad
1036 3188 1128 3221 suum
1191 3189 1276 3221 rebus
1299 3185 1361 3228 ipfis

1659 3438 1696 3472 T
1743 3450 1766 3476 2

1965 3445 2009 3471 tia

2087 2478 2171 2507 Tom.
2197 2482 2223 2507 8.

1379 3190 1460 3229 poffit
1482 3189 1599 3230 aliquid
1610 3190 1739 3231 deperire
1750 3213 1760 3228 ,
1787 3187 1961 3232 Respet‘lum
1987 3193 2061 3223 Dia·
2075 3167 2199 3248 {¹5²4}
2209 3181 2234 3201 ¹⁶

1188 3250 1288 3271 conum
1310 3247 1399 3279 atque
1417 3238 1598 3280 Stephanum
1623 3241 1826 3272 Primicerium
1847 3242 2060 3282 Notariorum,

1189 3299 1222 3322 ut
1233 3287 1363 3330 ipsarum
1385 3299 1481 3321 rerum
1497 3290 1612 3321 omnino
1626 3298 1738 3332 gerant
1758 3287 1932 3330 custodiam,
1961 3290 2060 3323 admo·

1189 3349 1253 3371 neto
1266 3363 1275 3377 ‚
1303 3344 1501 3374 interminans
1524 3344 1567 3371 eis
1588 3339 1625 3371 de
1639 3344 1765 3380 propria
1784 3349 1830 3372 eos
1849 3337 2058 3382 satissat‘luros

1187 3387 1413 3432 essesubstantia
1424 3413 1435 3429 ,
1453 3387 1483 3430 si
1490 3389 1650 3431 quidquam
1668 3390 1778 3424 exinde
1799 3400 1894 3424 eorum
1915 3391 2060 3436 negligen-
