2372 3756
77 3343 151 3383 Cap.
165 3351 191 3377 8.

698 112 913 143 sexTuM
950 97 1257 140 Romnum
1293 94 1672 141 CONCILIUM.

275 187 438 222 fiimoniis
461 209 472 225 ,
497 185 531 218 δε
554 183 756 227 prosequitur
781 195 788 214 :
814 182 891 213 Sicut
916 180 1026 213 nullum
1052 186 1156 218 corpus

275 239 360 270 altud
376 246 431 277 pro
441 236 536 275 nostra
559 234 656 277 salute
677 234 826 266 traditum
847 239 962 272 praeter
978 225 1132 273 suumfcio
1146 251 1155 266 ‚

254 297 256 299 ’
273 295 321 319 ita
333 288 446 319 nullam
457 288 520 326 ejus
532 286 626 317 altam
636 295 755 315 carnem
768 305 779 321 ‚
803 292 894 324 quam
905 291 971 322 quae
983 287 1056 311 nata
1069 277 1105 317 est
1121 279 1157 309 de

273 340 376 369 Maria
387 341 508 380 Virgine
520 358 532 374 ‚-
558 336 591 367 Θ
601 332 762 376 resurrexit
786 333 823 364 de
832 329 984 375 sepulchro
995 353 1005 368 ‚
1031 329 1157 360 mandu-

274 393 339 420 cari
347 392 379 420 in
391 387 574 426 remiffionem
583 391 767 426 peccatorum
789 381 872 414 credo
884 405 894 420 ‚
921 391 973 412 nec
993 379 1084 411 altum
1097 376 1157 410 bibi
1186 394 1188 396 ·

270 436 467 480 sanguinem,
495 436 586 477 qucim
608 439 658 475 qui
664 433 812 475 profluxit
833 431 871 462 de
882 431 946 469 ejus
957 429 1073 467 latero,
1099 438 1157 459 non

275 487 392 519 dubito.
423 486 505 533 Qo
529 485 711 518 locutionis
737 491 856 526 genere
868 479 1051 522 frequenter
1062 486 1159 510 utun-

276 548 327 569 tur
353 535 540 580 Berengarii
569 535 811 577 impugnatores
839 554 845 561 .
886 529 1068 562 Rationem
1101 527 1157 560 dat

276 585 484 619 Venerabilis
505 583 681 619 Durandus
705 579 817 614 Abbas
840 578 1056 613 Troarnenfis
1082 590 1089 609 :
1117 581 1156 608 At

273 642 348 678 quia
357 634 429 678 sunt
442 635 571 668 nonnulli
584 632 632 664 his
644 631 844 673 aliquanto,ut
851 628 905 670 fibi
919 630 1076 668 videntur,
1085 636 1155 669 pru·

274 687 422 719 dentiores
435 695 525 727 atque
544 680 726 725 religiofiores
742 705 750 719 ,
778 686 828 723 qui
839 690 957 712 carnem
978 679 1097 720 quidem
1110 679 1154 710 di-

274 745 345 769 cunt
361 737 411 778 effi·
424 733 531 772 Christi
542 757 552 772 ,
578 742 635 763 non
655 741 756 764 tamen
776 732 860 763 illam
875 754 886 770 ,
915 740 1007 770 quam
1023 729 1065 761 de
1088 731 1153 760 Vir-

271 793 342 829 gine
358 783 465 827 sanda
490 781 624 819 christus
653 780 713 823 ipse
731 779 859 823 suscepit
882 804 893 818 ‚
918 785 950 810 in
976 789 1035 818 qua
1052 778 1154 820 passus

274 835 333 874 est,
360 834 426 866 &tt
444 838 567 865 mortuis
590 829 774 874 resurrexit,
802 840 893 871 quam
918 829 962 860 ad
970 826 1064 862 coelos
1087 838 1153 860 cum

272 882 421 924 triumpho
456 883 589 916 villoriae
615 886 708 914 vivus
741 882 775 913 (9⁹
798 889 895 915 verax
921 879 1046 911 devexit
1065 902 1075 918 ,
1097 876 1156 919 sed

271 935 425 976 quandam
446 944 554 966 novam
566 957 575 970 ,
603 943 693 973 quam
719 928 877 963 benedictio
893 939 993 961 recens
1010 925 1151 969 consecra·

273 991 340 1017 vit.
369 985 404 1018 ln
429 994 491 1016 tres
513 981 670 1015 factiones
693 980 813 1014 divisus
838 979 899 1012 fuit
912 978 1152 1021 Berengarius:

271 1034 380 1067 Prima
404 1033 504 1067 solam
526 1034 685 1076 figuram,
710 1029 848 1064 secunda
872 1028 1153 1072 impanatione-,m

272 1085 367 1117 tertia
389 1081 771 1116 transubstantiationem
795 1079 921 1114 admisit
945 1101 959 1118 2
982 1077 1094 1114 verum
1117 1078 1151 1111 in

272 1134 383 1167 nescio
393 1143 493 1177 quam
503 1142 623 1166 novam
645 1142 776 1165 carnem
792 1155 798 1162 .
827 1130 868 1162 Et
883 1128 920 1161 ha
927 1140 967 1162 nc
979 1139 1019 1162 ex
1031 1128 1150 1160 Sancto

271 1182 447 1218 Ambrofio
469 1207 480 1223 ,
506 1182 641 1226 aliisque
664 1180 805 1224 antiquis
831 1177 981 1212 Ecclesiae
1002 1175 1152 1212 Patribus

269 1233 378 1267 lucide
401 1243 568 1277 expugnat
592 1231 741 1267 laudatus
767 1228 946 1264 Durandus
966 1253 973 1259 .
1002 1228 1152 1262 Eandem

270 1284 435 1326 impetunt
458 1283 592 1317 adducta
607 1281 701 1315 verba
721 1279 942 1323 professionis.

322 1333 431 1366 Prima
444 1332 578 1376 quaestio
601 1331 643 1365 est
657 1354 666 1369 ,
693 1331 747 1363 An
765 1329 849 1362 hanc
871 1328 1099 1372 profeffionern
1117 1327 1150 1359 in

269 1381 334 1416 hac
353 1383 490 1425 Synodo
513 1382 622 1415 fecerit
636 1379 873 1425 Berengarius?
899 1377 938 1412 In
962 1378 1096 1411 eruditis
1113 1377 1151 1411 ad

270 1432 568 1466 SanstiLansranci
594 1432 692 1464 vitam
711 1430 812 1466 Notis
836 1438 932 1472 negat
955 1427 1063 1460 Lucas
1085 1428 1153 1460 Da·

270 1482 422 1515 cherius:
451 1482 583 1513 Alteram
607 1479 802 1520 confefflonem
826 1489 922 1510 coram
941 1479 1063 1510 Summo
1078 1480 1152 1509 Pon-

268 1532 347 1573 tifice
359 1535 497 1574 Gregorio
516 1529 660 1572 septimo,
684 1528 736 1571 seu
748 1528 872 1570 potius,
896 1538 963 1560 mea
978 1525 1130 1569 sententia
1145 1550 1153 1564 ,

267 1589 373 1623 partes
387 1584 495 1624 Legati
514 1586 546 1612 in
567 1580 667 1612 Gallia
690 1588 815 1621 agente,
844 1578 1012 1611 Alexandri
1029 1575 1152 1619 secundi

260 1632 343 1675 jussu
356 1654 367 1670 ‚
386 1630 619 1672 praefidenteque
640 1630 767 1661 Concilio
778 1628 955 1668 Turonenst‘,
981 1624 1070 1668 emisti*
1097 1628 1155 1659 Be-

267 1687 422 1725 rengarius
450 1705 457 1712 .
485 1680 683 1724 Respondeo
706 1689 815 1712 tamen
841 1675 982 1712 omnino
1006 1678 1152 1712 emiliam

268 1733 305 1765 in
328 1733 387 1764 hac
411 1730 567 1773 synodo.
596 1730 647 1764 Ita
667 1729 757 1763 enim
780 1726 896 1762 diserte
920 1727 1079 1761 testantur
1099 1738 1154 1759 au-

268 1781 417 1816 thentica
442 1779 546 1813 nostra
564 1779 645 1813 Aeta
669 1778 867 1821 Synodalia.
900 1777 941 1811 Et
954 1777 1043 1821 supra
1059 1776 1153 1811 nobis

267 1832 356 1865 dixit
370 1832 500 1864 Sanetus
523 1831 726 1865 Lanfrancus
748 1829 841 1862 fuisse
866 1829 1012 1862 emissam
1027 1828 1059 1860 in
1074 1839 1152 1862 tem·

265 1881 324 1924 plo
335 1880 508 1915 Salvatoris
518 1906 527 1921 ‚
541 1882 591 1914 seu
605 1881 640 1914 in
653 1878 787 1913 Basilica
801 1879 1022 1913 Lateranensi.
1050 1877 1152 1927 Qod

265 1933 371 1974 ipsum
394 1930 595 1965 disertissime
621 1930 869 1974 tessaturHugo
883 1929 1151 1964 Flaviniacenfis.

265 1983 380 2017 Etiam
402 1974 582 2015 maledicus
608 1981 744 2014 Benno.
773 1979 972 2024 Improbatas
993 1979 1153 2015 enimase

267 2043 378 2076 preces
388 2030 497 2065 scribit
511 2043 577 2065 non
599 2030 631 2064 in
646 2031 835 2064 Turonenfi
848 2053 859 2068 ‚
885 2031 938 2063 scd
952 2033 984 2063 in
998 2031 1151 2065 Romana

266 2082 408 2125 Synodo
435 2081 527 2114 fuisse
547 2081 704 2116 indistas.
735 2080 776 2111 Et
799 2080 1023 2120 Gregoriusin
1040 2081 1148 2116 Turo-

269 2132 358 2165 nerifi
370 2130 506 2174 Synodo
519 2143 587 2165 non
602 2130 807 2170 Alexandri,
825 2128 876 2164 sed
892 2129 1031 2165 Vidioris
1043 2132 1156 2185 secun--

267 2182 302 2216 di
316 2183 377 2215 fuit
388 2182 550 2226 Legatus.

320 2231 432 2265 Altera
445 2232 578 2274 quaestio
591 2233 634 2266 est
649 2258 658 2273 ,
685 2234 755 2267 Cur
775 2233 841 2268 haec
853 2247 900 2268 vei
908 2233 946 2268 ba
959 2259 969 2274 ,
995 2233 1150 2276 Consentio

261 2290 367 2324 corpus
389 2279 606 2325 &fitnguinem
621 2286 740 2316 Domini
761 2296 818 2316 non
828 2283 920 2327 solum
939 2287 1129 2317 sacramento
1140 2309 1150 2325 ‚

259 2331 322 2376 sed
330 2339 363 2365 in
375 2337 502 2365 veritate
521 2333 661 2366 manibus
673 2337 693 2367 5
694 2335 861 2367 acerdotum
872 2335 998 2367 tradiart
1020 2334 1150 2376 &fran-

259 2388 297 2426 gi
321 2404 332 2420 ,
356 2383 390 2415 ὁ*
406 2380 543 2423 fidelium
565 2384 704 2417 dentibus
727 2390 838 2424 atteri,
864 2393 932 2428 quae
956 2385 1053 2427 priori
1078 2396 1148 2428 pro-

1941 109 2035 154 149

1218 184 1249 206 re
1270 197 1278 204 .
1306 173 1349 206 Et
1371 172 1405 205 in
1429 172 1519 206 libris
1545 174 1585 207 de
1606 176 1819 210 sacramento
1841 173 1963 209 Altaris
1983 174 2094 209 scribit

1221 222 1435 256 Innocentius
1458 224 1587 258 tertius:
1614 227 1689 256 solet
1709 229 1728 257 ἃ
1748 228 1850 259 multis
1872 232 1982 267 inquiri
2003 250 2014 266 ‚
2035 223 2095 267 sed

1217 275 1238 305 ἃ
1247 278 1351 314 pauct‘s
1373 273 1521 315 intelligi,
1549 275 1623 315 quid
1643 273 1774 311 christus
1798 282 1829 307 in
1854 274 1954 318 mensa
1967 275 2067 319 fregit
2080 299 2092 315 ,

1217 325 1251 356 (9
1273 323 1349 364 quid
1369 325 1507 355 sacerdos
1534 329 1566 359 in
1595 323 1690 355 altari
1704 322 1827 365 frangit
1845 349 1852 355 .
1880 329 2013 359 Fuerunt
2038 330 2092 368 qui
2112 328 2170 359 Lib.
2191 339 2218 365 4.
2238 341 2264 362 c,

1217 374 1349 405 dicerent
1368 395 1379 410 ‚
1403 374 1482 416 quod
1487 371 1558 413 ficut
1565 373 1627 415 post
1650 371 1887 415 confi-crationem
1909 387 1983 408 vera
1996 380 2091 418 punit
2109 379 2138 406 9·
2162 379 2207 400 ¹0·

1218 423 1375 456 remanent
1394 424 1559 456 accidentia
1571 448 1581 462 ‚
1600 422 1641 464 fic
1661 426 1694 457 Θ
1706 433 1780 455 vera
1798 427 1889 463 panis
1906 423 2091 464 substantia.

1220 475 1304 516 ,Quia
1321 473 1394 514 ficut
1417 472 1583 515 subjedlum
1603 484 1659 506 non
1676 472 1768 514 potest
1777 470 1921 514 subsistere
1937 471 1997 513 fine
2019 482 2093 509 acci·

1221 523 1355 556 dentibus
1367 546 1377 560 ‚
1397 521 1436 564 fic
1447 525 1611 557 accidentia
1632 535 1689 555 non
1697 523 1814 565 possunt
1833 520 2016 564 existerefine
2024 525 2094 567 sub·

1200 573 1311 613 jecto.
1339 575 1493 616 ,Quoniam
1503 576 1663 606 accidentis
1687 575 1738 616 effe
1758 584 1815 605 non
1840 572 1878 612 est
1898 572 1984 605 aliud
2000 585 2091 615 quam

1216 624 1299 666 inesse
1309 649 1321 659 .,
1346 624 1506 657 Adfirmat
1529 624 1637 657 doceri
1660 623 1702 657 ab
1723 623 1788 657 illis
1808 623 2092 666 inminationem,

1217 675 1250 707 ὅ(
1263 674 1412 717 adjungit
1433 687 1440 706 :
1465 676 1503 705 Hi
1514 675 1616 707 dicunt
1628 673 1878 717 quodsubslann‘a
1893 679 1987 715 panis
1997 675 2092 717 fran-

1209 730 1293 767 gitur
1315 725 1348 757 65
1372 730 1510 757 atteritur
1536 748 1543 755 .
1572 725 1724 758 Errorem
1748 725 1860 758 multis
1881 726 2000 758 refutat
2018 751 2028 767 ‚
2055 735 2093 760 ac

1217 775 1421 817 prosequitur
1434 788 1445 808 .·
1471 776 1609 807 Dicamus
1620 786 1685 818 ergo
1709 777 1788 816 quod
1791 775 1896 817 forma
1903 781 1995 816 panis
1999 776 2095 818 fran-

1210 828 1293 866 gitur·
1319 826 1354 858 Q?
1378 831 1523 859 atteritur·
1543 849 1554 864 ,
1576 823 1632 868 sed
1651 829 1765 866 Corpus
1784 824 1893 863 christi
1907 824 2035 868 fitmitur
2059 829 2095 862 (θ’

1213 876 1373 908 comeditur
1383 900 1390 906 .
1419 873 1567 913 Eandem
1579 875 1772 909 sententiam
1784 877 1907 910 secutus
1917 876 1978 910 fuit
1988 878 2097 912 noster

1215 923 1396 966 Gregorius
1422 950 1434 965 ‚
1460 927 1492 959 ὃς
1519 925 1750 970 Berengarium
1778 951 1789 968 ,
1824 927 1881 970 qui
1908 927 2007 969 priori
2034 930 2097 962 suae

1215 974 1402 1015 profeffioni
1430 975 1581 1009 insertam
1609 977 1701 1010 istam
1734 977 1873 1020 phrasim
1909 977 2096 1020 horruerat,

1215 1023 1327 1056 multis
1352 1023 1461 1066 postea
1485 1030 1695 1070 impugnarat
1716 1051 1726 1066 ‚
1753 1028 1786 1061 &
1807 1029 1988 1061 etiamnum
2010 1028 2096 1063 arer-

1216 1073 1343 1106 sabatur
1355 1097 1366 1112 ,
1391 1074 1431 1107 ad
1453 1072 1553 1118 ipsam
1576 1074 1686 1109 denuo
1698 1077 1792 1111 duxit
1806 1090 1875 1111 non
1887 1078 2072 1119 cogendum
2084 1104 2093 1112 .

1215 1123 1262 1156 Ita
1275 1123 1371 1158 nobis
1385 1123 1620 1162 demonstravit
1635 1137 1709 1159 curn
1722 1130 1950 1161 convertendis
1965 1128 2094 1168 tincti,-

1216 1173 1260 1206 cis
1271 1172 1334 1208 esse
1356 1175 1440 1207 circa
1453 1174 1597 1217 quaedam
1620 1175 1847 1217 dispensatorie*—
1859 1177 2022 1221 agendum
2035 1204 2043 1211 .

1265 1222 1410 1267 Pergunt
1424 1225 1505 1259 Ae‘ta
1517 1225 1699 1267 Synodalia
1719 1238 1725 1256 :
1754 1230 1834 1259 Tunc
1846 1231 1989 1261 Dominus
2004 1231 2094 1271 Papa

1215 1279 1354 1315 praecepit
1368 1275 1551 1318 Berengario
1570 1286 1609 1308 ex
1620 1275 1800 1310 nulloritate
1811 1280 1864 1310 Dei
1874 1281 2094 1320 Omnipotentis

1215 1324 1247 1355 Cn·
1270 1324 1443 1357 strncqorum
1466 1325 1658 1367 Apostolorum
1684 1327 1770 1359 Petri
1795 1328 1830 1361 (τ
1855 1329 1943 1360 Pauli
1963 1352 1974 1367 ,
2000 1338 2035 1362 ut
2057 1330 2095 1362 de

1215 1378 1342 1414 Corpore
1363 1376 1555 1418 &sanguine
1567 1378 1686 1408 Domini
1707 1388 1859 1419 nunquam
1885 1378 2007 1411 ulterius
2030 1390 2096 1412 cum

1215 1425 1313 1466 aliquo
1335 1424 1509 1466 disputare,
1537 1427 1590 1459 vel
1612 1427 1739 1468 aliquem
1764 1430 1862 1461 docere
1875 1427 2096 1471 praesumeret»,

1215 1482 1337 1515 excepta
1359 1473 1445 1517 causa
1455 1477 1615 1509 reducendi
1633 1478 1678 1508 ad
1681 1476 1773 1517 fidem
1785 1476 1863 1510 banc
1885 1489 1931 1511 eos
1943 1502 1954 1518 ,
1980 1484 2032 1520 qui
2040 1488 2096 1521 per

1215 1526 1281 1564 ejus
1294 1523 1459 1557 doctrinam
1479 1525 1517 1558 ab
1527 1538 1562 1559 ea
1582 1527 1749 1568 recesserant
1761 1552 1769 1559 .
1796 1528 1900 1575 QOd
1922 1529 2027 1572 ipsum
2039 1531 2098 1564 eis>-

1215 1574 1289 1607 dem
1314 1573 1381 1608 fere
1403 1573 1506 1609 verbis
1528 1576 1672 1612 scribunt
1692 1578 1827 1612 Sanctus
1839 1578 2043 1614 Lanfrancus
2061 1581 2096 1615 δε

1217 1624 1321 1668 Hugo
1342 1624 1610 1660 Flaviniacenfis.
1637 1627 1731 1675 Qin
1755 1628 1789 1661 &
1812 1630 2099 1666 commendatitias

1217 1674 1359 1713 litteras,
1386 1674 1420 1707 ὃ(
1433 1677 1602 1710 oculatum
1618 1701 1629 1717 ‚
1654 1676 1709 1722 qui
1731 1676 1838 1722 ipsum
1854 1678 1991 1723 pristino
2013 1680 2099 1726 apud

1215 1735 1330 1758 omnes
1344 1721 1464 1760 honori
1486 1726 1654 1771 redderet,
1684 1727 1837 1765 Astorem
1855 1756 1866 1772 ‚
1890 1732 1924 1766 δε
1936 1742 2014 1765 verae
2026 1745 2102 1767 con,

1216 1775 1367 1810 versionis
1394 1777 1507 1815 testem
1529 1779 1620 1816 dedit
1646 1780 1694 1815 illi
1724 1780 1885 1816 Pontifex
1908 1795 1915 1815 :
1943 1786 2106 1828 Gregorius*

1213 1825 1318 1869 servus
1330 1827 1485 1872 servorum
1503 1835 1580 1872 Dei,
1606 1831 1741 1865 omnibus
1762 1832 1849 1867 beato
1861 1836 1955 1868 Petro.
1956 1834 2101 1876 fidelibus·

1213 1877 1340 1921 salutem
1365 1882 1399 1915 (tt
1412 1881 1601 1924 Apostolicam
1613 1882 1839 1917 benedillionem
1850 1908 1857 1915 .
1885 1889 2001 1919 Notum
2014 1887 2101 1920 vobis

1216 1930 1347 1963 omnibus
1356 1931 1488 1972 facimus
1502 1957 1512 1973 ,
1540 1944 1591 1966 nos
1604 1933 1768 1968 anathema
1771 1934 1869 1978 fi’ciffe
1892 1947 1928 1969 ex
1943 1937 2102 1971 audoma-

1216 1990 1244 2013 te
1259 1985 1316 2013 Dei
1340 1986 1559 2025 Omnipotentis
1586 1987 1714 2023 Patris,
1732 1986 1771 2018 (35
1792 1987 1888 2025 Filii,
1915 1988 1952 2020 Θ
1971 1989 2103 2029 5ptritus

1216 2032 1319 2065 sanai
1334 2057 1346 2073 ‚
1374 2035 1408 2067 Θ
1434 2034 1590 2067 beatorum·
1608 2035 1801 2077 Apostolorum
1828 2039 1911 2069 Petri
1931 2038 1966 2071 o·
1987 2040 2100 2078 Pauli,

1215 2082 1348 2114 omnibus
1371 2088 1419 2125 qui
1430 2086 1573 2124 injuriam
1594 2086 1838 2127 aliquamfacere
1853 2086 2105 2131 praesumpserint*

1216 2135 1397 2177 Berengario
1410 2158 1420 2173 ,
1444 2136 1589 2167 Romanae
1610 2135 1743 2176 Ecclefiae
1758 2136 1822 2178 filio
1841 2158 1852 2174 ‚
1878 2139 1931 2170 vel
1950 2142 1984 2171 in
1997 2138 2102 2183 perso-

1216 2196 1277 2224 na,
1307 2185 1359 2217 vel
1368 2189 1401 2216 in
1410 2189 1488 2217 omni
1507 2184 1726 2227 poffeffionesua
1739 2210 1748 2225 ‚
1775 2185 1828 2219 vel
1837 2191 1889 2227 qui
1903 2198 1969 2220 eum
1979 2190 2097 2224 vocabit

1212 2237 1390 2266 Haeretieum
1413 2258 1422 2273 ,
1448 2245 1533 2276 quem
1556 2235 1617 2276 post
1645 2237 1756 2268 multas
1783 2258 1794 2274 ,
1821 2246 1896 2276 quas
1917 2239 2002 2281 apud
2019 2251 2095 2282 nos,

1212 2293 1345 2326 quantas
1369 2285 1514 2318 voluimus
1528 2309 1538 2325 ,
1555 2284 1634 2325 feeit
1657 2297 1774 2325 moras,
1803 2287 1926 2320 domum·
1938 2287 2030 2331 suam
2050 2303 2096 2326 re-

1212 2339 1357 2367 mittimus
1381 2358 1391 2373 ,
1417 2337 1450 2369 (5
1477 2337 1543 2368 cum
1569 2346 1599 2367 eo
1615 2334 1732 2376 fidelem
1772 2335 1899 2376 nostrum
1934 2340 2093 2376 Falconem

1209 2390 1345 2419 nomine.
1374 2385 1516 2420 Litteras
1538 2396 1641 2430 nuper
1662 2385 1808 2432 vulgavit
1835 2386 1942 2424 Lucas
1963 2390 2092 2428 Dache-

263 2431 394 2466 feffioni
416 2431 542 2474 jusserat
563 2433 846 2467 inseriNicolaus
870 2434 1030 2469 secundus
1056 2459 1066 2474 ‚
1094 2432 1148 2469 hic
1208 2436 1293 2469 rius.

263 2481 473 2516 intermiserit
485 2481 591 2516 noster
603 2482 809 2528 Gregorius?
835 2483 1030 2527 Respondeo
1053 2486 1147 2518 ratio-

262 2543 342 2566 mem
356 2531 471 2576 colligi
492 2543 534 2565 ex
546 2531 684 2566 laudatis
697 2534 854 2567 Anastalii
878 2534 1040 2567 Monachi
1063 2534 1147 2568 litte-

261 2583 309 2615 ris
331 2593 338 2613 ε
367 2581 432 2620 Post
457 2587 539 2614 tanti
565 2582 691 2622 Mystern
718 2582 957 2625 consecrationem
976 2583 1014 2624 fic
1040 2595 1144 2617 veram

262 2636 412 2664 Dominici
432 2634 571 2672 Corporis
597 2631 812 2671 Eucharistiam
837 2645 884 2666 me
909 2635 992 2666 credo
1008 2632 1143 2675 sumere,

261 2690 409 2715 attamen
430 2682 507 2714 nullo
528 2682 612 2714 modo
630 2693 730 2726 negem
750 2681 885 2725 infigura
897 2685 950 2716 vel
957 2685 1142 2717 sacramento

260 2732 332 2774 effi.
359 2733 494 2773 Alioquin
509 2729 540 2772 fi
556 2730 665 2774 absque
682 2735 872 2766 sacramento
895 2734 948 2766 vel
962 2733 1061 2777 figura
1084 2737 1141 2768 Dei

262 2789 380 2824 Agnum
399 2781 536 2814 dentibus
556 2788 657 2814 vorari
668 2783 818 2816 crederem
830 2807 841 2822 ,
867 2788 899 2815 in
922 2795 1081 2826 magnum,
1109 2792 1141 2817 ut

259 2841 304 2864 ait
321 2834 411 2865 Pater
422 2831 616 2875 Augustinus,
635 2832 759 2873 facinus
778 2837 969 2866 incurrerem.
999 2833 1059 2867 Ait
1071 2844 1138 2867 non

256 2881 364 2924 ipsum
384 2880 684 2925 DominiCorpus,
711 2880 763 2916 sed
788 2883 870 2916 solas
889 2883 1139 2918 Sacramentales

257 2931 380 2974 species
398 2930 552 2966 dentibus
575 2933 668 2966 atteri
689 2943 726 2966 ac
748 2933 864 2976 tang-i,
890 2932 1134 2976 ideoqueillos,

257 2982 315 3025 qui
333 2982 438 3014 solum
460 2981 529 3016 illic
555 2982 623 3016 stne
645 2982 870 3016 accidentibus
909 2982 994 3016 istud
1020 2995 1137 3028 corpus

256 3028 481 3070 crediderunt,
507 3040 579 3066 toto
600 3033 686 3067 coelo
708 3031 916 3066 hallucinari.
945 3032 1043 3066 Hanc
1064 3046 1135 3076 pro-

254 3082 450 3127 positionem
462 3102 473 3118 ,
498 3084 619 3114 Domini
638 3086 755 3124 corpus
775 3084 795 3114 ἁ
814 3081 953 3124 fidelibus
974 3087 1005 3115 in
1018 3083 1135 3118 Eucha-

252 3133 335 3172 rtflm
361 3135 496 3174 tangitur
516 3154 527 3170 ‚
553 3131 615 3166 esse
641 3132 867 3166 authenticam
894 3133 928 3166 δε
953 3132 1131 3168 multorum

252 3180 591 3218 Patrumtestimonio
612 3180 740 3216 firmam
760 3181 1061 3225 ostendisuperius3
1088 3184 1132 3217 est

251 3242 364 3268 tamen
385 3229 541 3274 ambigua
562 3253 573 3269 ,
599 3231 634 3264 &
648 3230 692 3266 ju
712 3239 883 3275 utramque
903 3232 1132 3267 contradictio-

250 3284 305 3318 nis
331 3289 454 3326 partem
482 3280 594 3314 versari
620 3280 716 3323 poffit
742 3282 945 3326 argumentis
970 3307 980 3323 ,
1013 3283 1130 3326 quibus

250 3332 338 3367 hanc
351 3355 362 3372 ,
389 3333 511 3363 Domini
530 3332 644 3371 Corpus
659 3329 839 3373 frangitur,
866 3333 968 3366 versat
993 3332 1025 3366 in
1041 3333 1131 3371 sexto

1259 2487 1303 2519 Et
1325 2484 1404 2520 hinc
1428 2487 1531 2522 oritur
1550 2487 1643 2522 tertia
1665 2488 1799 2533 quaestio
1813 2512 1824 2529 ‚
1849 2487 1906 2524 An
1917 2493 1989 2536 post
2002 2494 2090 2533 hanc

1209 2536 1415 2570 noviffimam
1444 2539 1670 2581 professionem
1697 2539 1731 2572 &
1757 2538 1998 2579 absolutionem
2027 2546 2088 2582 Be-

1206 2586 1371 2630 rengarius
1397 2588 1494 2622 fuerit
1519 2588 1627 2622 adhuc
1660 2590 1800 2633 relapsus
1835 2591 1848 2623 ?
1887 2591 2087 2638 Respondet>

1207 2635 1318 2669 fuiffe.
1345 2637 1480 2671 Etenim
1499 2638 1539 2671 ad
1562 2649 1684 2672 annum
1705 2639 1797 2673 istius
1810 2640 1915 2675 saeculi
1934 2646 2085 2691 odiogefi-

1207 2696 1296 2719 mum
1322 2686 1430 2720 scribit
1456 2687 1623 2722 laudatum
1636 2690 1742 2724 Sansti
1760 2688 1927 2725 Maxentii
1942 2694 2085 2731 Chroni-

1205 2748 1289 2769 con:
1317 2739 1391 2767 Fuit
1400 2738 1565 2771 concilium
1587 2740 1763 2783 Burdigalae
1777 2764 1788 2780 ,
1814 2745 1848 2774 in
1870 2753 1925 2784 quo
1936 2746 2083 2791 Berenga-

1202 2792 1263 2818 rius
1288 2786 1423 2819 reddidit
1443 2786 1517 2829 fidei
1541 2787 1606 2831 suae
1631 2797 1778 2824 rationem
1804 2815 1811 2823 .
1839 2792 1941 2840 Qod
1966 2798 2083 2842 nempe

1203 2836 1277 2869 effer
1293 2836 1409 2870 iterum
1423 2838 1582 2881 relapsus,
1610 2850 1666 2873 aut
1677 2841 1763 2874 certe
1785 2840 1826 2875 de
1836 2843 1957 2888 relapsu
1981 2848 2081 2891 suspe-

1202 2887 1268 2919 stus
1290 2886 1323 2918 &
1341 2888 1514 2922 ·accusatus
1534 2914 1541 2921 .
1570 2889 1743 2937 Qidquid
1767 2891 1804 2925 sit
1826 2914 1836 2931 ,
1861 2896 2023 2935 poenitens
2045 2898 2081 2932 δε

1200 2933 1393 2970 Catholicus
1420 2935 1548 2972 decessit
1569 2951 1609 2972 ex
1633 2937 1694 2974 hac
1717 2942 1802 2974 vita.
1833 2943 1887 2977 De
1898 2944 1966 2987 ipso
1989 2948 2078 2981 enim

1203 2985 1307 3020 scribit
1330 2987 1368 3019 ad
1394 2985 1488 3030 hujus
1511 2989 1607 3022 seculi
1629 2991 1860 3035 octogesimum
1882 2997 2009 3029 tertium
2025 3009 2079 3029 an-

1201 3046 1278 3068 num
1300 3035 1426 3070 Clarius
1448 3039 1636 3073 Monachus
1658 3041 1692 3073 in
1707 3041 1878 3075 Chronico
1902 3045 2079 3082 SanstiPe-

1199 3086 1238 3118 tri
1273 3087 1359 3119 vivi:
1388 3088 1585 3132 Ber-engenius
1597 3089 1767 3131 Turonenfis
1793 3092 1952 3136 Magister,
1977 3097 2076 3131 &ad-

1199 3136 1345 3169 mirabilis
1373 3135 1585 3181 Philosophus,
1612 3150 1727 3173 amator
1735 3149 1903 3183 pauperum
1927 3144 2073 3186 effloruit,

1198 3191 1252 3217 Hic
1275 3185 1430 3229 composuit
1449 3195 1608 3222 orationem
1633 3191 1716 3223 illam
1738 3215 1748 3231 ,
1791 3201 1858 3232 quae
1874 3191 1914 3233 fic
1943 3199 2048 3238 inciplt
2066 3213 2077 3233 .-

1197 3237 1283 3279 Juste
1304 3236 1408 3279 Judex
1431 3237 1543 3280 JESU
1571 3239 1720 3274 Christe.
1749 3240 1814 3281 Post
1837 3241 1899 3276 haec
1914 3243 2015 3286 fidelis
2036 3250 2071 3283 &

1197 3288 1266 3319 vere
1290 3285 1461 3320 catholicus
1484 3294 1582 3322 vitam
1604 3290 1736 3331 finivit,
1759 3289 1849 3334 fitper
1870 3296 1954 3334 qu'us
1974 3304 2072 3331 tumu-

1193 3337 1252 3367 lum
1266 3334 1431 3378 bujufinodi
1451 3339 1652 3381 Epitaphium
1675 3339 1731 3381 est:
1763 3343 1862 3384 ,Quem
1883 3347 1968 3378 modo
1978 3354 2070 3381 mira-

251 3382 293 3418 de
309 3380 525 3418 Sacramentis
548 3382 682 3414 tractatu
704 3380 812 3426 Hugo
831 3381 872 3417 de
890 3382 1008 3417 Sancto
1021 3380 1131 3419 Victo·
1184 3395 1240 3420 -tur
1266 3410 1278 3427 ,
1307 3385 1427 3430 semper
1462 3389 1617 3423 mirabitur
1643 3390 1720 3424 orbis
1747 3415 1759 3433 ,
1788 3393 1839 3427 ille
1865 3395 2066 3440 Berengarius

351 3430 459 3472 christ.
473 3434 552 3473 Lupi
563 3433 663 3473 Opera
676 3432 760 3465 T.V1.

1602 3438 1638 3473 N
1691 3451 1710 3488 3

1962 3457 2018 3478 non
