2372 3756
60 1006 98 1034 Α.
118 1012 190 1039 1042

59 1171 98 1200 A·
119 1173 201 1207 1048.

600 79 906 111 sePnMUM
943 63 1267 108 Romanu
1303 64 1744 113 Concanum*

237 162 328 198 aliis,
356 154 462 198 qulbus
472 152 583 187 laboris
607 151 697 192 hujus
710 159 819 193 partes
841 155 1011 193 expetierat
1024 173 1035 189 ,
1061 148 1130 182 binc

233 208 315 256 gesta
336 210 536 240 Romanorum
561 201 733 244 Pontificum
747 225 757 241 ‚
783 200 853 234 hinc
874 212 972 235 eorum
986 203 1128 238 Decreta,

237 261 307 294 hinc
318 255 498 292 authenticos
510 258 650 287 Canones
663 254 823 295 drligenter
839 251 997 285 revolvens
1010 274 1020 290 ‚
1052 249 1129 283 nihil

237 310 342 349 aliud,
370 318 460 350 quam
477 304 628 349 summum
644 302 817 344 Pontificem
830 326 840 343 ‚
867 299 1069 344 cujuscumque
1078 306 1124 334 vt·-

238 370 281 394 8ae
294 358 391 401 fuerit
405 382 416 398 ‚
438 355 554 400 summo
574 353 678 387 honere
700 353 804 388 debere
823 352 939 390 attolli,
961 352 982 383 ἃ
1007 354 1125 384 nemine

234 408 357 453 prorsus
384 407 488 441 debere
502 406 640 447 judicari
659 429 670 445 ,
699 402 811 436 nulllus
840 401 992 443 inferioris
1007 402 1125 444 gradus

236 458 449 502 accusationem
459 453 789 498 adversussuperlorem
806 452 912 485 debere
939 456 1055 492 recipi,
1080 457 1123 483 in-

236 515 341 544 venire
357 513 460 552 potuit
474 531 481 539 .
508 506 571 539 lsta
593 504 638 539 est
662 503 809 538 doctrina
825 524 837 540 ‚
863 512 960 545 quam
985 502 1026 535 de
1045 501 1125 544 judi·

236 560 344 594 cando
384 569 423 591 ac
448 554 660 601 degradando
688 554 919 586 Romanorum
958 551 1123 594 Episcopo

235 610 318 645 olim
341 603 716 644 tenueruntLeodienfis
735 602 879 636 Ecclesia
902 625 913 642 ,
940 601 1047 635 nostra
1068 600 1124 634 hic

235 660 413 694 Brabantia
437 682 446 697 ,
471 655 644 696 omnisque
665 652 865 686 Germanica
891 652 925 685 ὅ(
948 651 1122 685 Gallicana

235 710 400 745 Ecclesia.
427 706 588 740 Wazonis
613 705 724 738 litterae
736 702 834 736 serius
847 710 1062 746 pervenerunt
1082 698 1123 734 ad

235 761 424 802 Principem
436 783 443 790 .
473 757 563 790 Ante
577 755 716 798 ipsarum
729 753 909 786 adventum
924 750 1039 794 Poppo
1054 751 1121 784 Bri-

234 810 379 844 xinenfis
403 807 584 850 Episcopus
605 813 673 836 erat
695 813 867 845 promotus
892 801 925 835 in
942 801 1123 834 Damasum

234 859 435 895 secundum.
465 853 628 897 Alioquin
650 851 852 885 audiendum
874 856 1068 887 VVazonem
1088 853 1122 885 &

235 909 434 954 Gregorium
457 905 550 939 fuisse
561 902 796 943 restituendum
812 925 822 941 ‚
849 900 1028 935 Anselmus
1047 912 1122 935 con-

236 962 355 994 stanter
375 957 533 991 affirmat.
561 953 615 986 De
638 953 787 986 Wazone
808 951 917 985 scribit
939 951 1123 996 Sigebertus

238 1007 499 1045 Gemblacenfis:
527 1006 631 1036 Wazo
650 1014 687 1035 ex
710 1003 796 1035 Clero
817 1001 919 1035 sanlli
942 1001 1123 1041 Lamberti,

238 1068 289 1096 vir
305 1058 416 1104 spiritu
433 1055 593 1100 sapientia·
618 1051 813 1095 &scientiae‚
839 1051 998 1093 &fervore
1016 1053 1124 1101 religio-

238 1117 287 1145 nis
308 1108 461 1153 insignitus
485 1130 496 1146 ,
521 1106 677 1138 ordinatur
701 1101 898 1143 Leodienfium
936 1100 1120 1144 Episcopus.

237 1161 282 1195 Et
305 1161 516 1194 Hermannus
540 1155 739 1189 Contrastus
753 1167 763 1186 .·
791 1151 937 1194 Defundlo
956 1158 1022 1184 viro
1042 1151 1123 1184 doHo

237 1214 376 1244 Wazone
398 1233 409 1249 ,
436 1206 539 1241 Leodt‘i
567 1203 708 1245 Pontifice
734 1228 744 1243 ‚
772 1202 957 1235 Theoduinus
979 1199 1119 1244 succeffit.

237 1262 318 1305 Ejus
335 1261 454 1293 virtute
480 1256 652 1289 confirmat
667 1254 802 1296 positum
818 1253 870 1295 ipfi
887 1251 1120 1294 Epitaphium:

235 1318 313 1345 Ante
334 1318 399 1343 ruer
425 1307 573 1344 mundus,
598 1306 690 1346 quaim
707 1302 813 1346 surgat
838 1303 936 1334 Wazo
955 1300 1119 1345 secundus.

234 1361 314 1406 Ejus
328 1361 426 1403 igitur
439 1369 504 1390 non
518 1356 562 1389 est
576 1354 706 1388 modica
720 1353 920 1386 authoritas.

285 1411 330 1444 Et
343 1408 503 1442 Wazonis
514 1406 672 1448 judicium
683 1403 892 1437 confirmavit
906 1402 1014 1436 noster
1027 1401 1119 1444 septi-

231 1473 306 1496 mus
326 1458 528 1502 Gregorius,
556 1454 650 1488 sacris
672 1453 897 1497 legitimorum
914 1452 1118 1485 Pontificum

231 1510 353 1546 tabulis
373 1506 511 1542 reddens
534 1515 571 1538 ac
595 1503 705 1537 denuo
731 1501 911 1537 inscribens
934 1502 1014 1536 sexti
1039 1500 1119 1534 Gre-

229 1559 394 1607 goriijam
418 1555 559 1590 defuncti
583 1564 703 1587 nomen
718 1578 729 1593 ,
755 1554 789 1587 &
812 1554 1020 1595 semetipsum
1044 1551 1118 1585 titu-

229 1612 302 1645 lans
328 1608 501 1652 septimum
525 1604 615 1639 istius
638 1603 783 1636 nominis
810 1603 1030 1637 Pontificem.
1061 1601 1115 1634 Est

228 1673 302 1695 vera
324 1670 362 1693 ac
374 1658 467 1702 plena
479 1654 564 1690 male
586 1653 754 1697 degradati
771 1652 924 1695 Episcopi
937 1650 1096 1694 reparatio
1111 1676 1118 1682 .

228 1711 305 1745 Hac
318 1708 405 1744 enirn
417 1706 469 1740 via
482 1703 616 1749 reparati
631 1703 763 1737 fuerunt
775 1702 875 1736 etiam
902 1702 1039 1735 Sanstus
1054 1699 1116 1732 Eu-

227 1761 342 1795 statius
366 1756 555 1791 Antiochia:
576 1751 788 1792 patriarcha,
813 1752 947 1788 Sanstus
975 1752 1116 1795 Joannes

228 1808 486 1853 chrysostomus
512 1831 523 1847 ,
561 1804 629 1848 ejus
664 1803 698 1836 in
737 1801 1115 1845 Constantinopolitano

229 1861 429 1906 Episcopatu
453 1856 608 1890 successor
628 1854 761 1887 Sanctus
784 1852 983 1891 Flavianus,
1008 1852 1042 1884 &
1056 1850 1113 1883 alii

227 1912 351 1957 plures.
380 1908 453 1942 Effe
464 1916 572 1940 veram
594 1903 806 1947 reparationis
832 1904 970 1945 speciem
994 1899 1115 1934 discere

226 1960 324 2006 possis
345 1957 521 1994 exmutuis
545 1954 657 1989 hacde
679 1952 935 1995 relittefisinter
959 1953 1129 2011 sanctum!

228 2010 397 2055 Cyl-illum
411 2005 621 2040 Alexandria:
643 2003 889 2043 patriarcham,
915 2000 1112 2035 &Atticum

229 2060 346 2106 Regiae
364 2056 508 2092 civitatis
523 2055 741 2098 Episcopum.
767 2053 862 2087 Licet
883 2050 1054 2085 defunctos
1078 2052 1109 2083 in

230 2108 408 2145 Catholica
435 2117 513 2150 pace
540 2104 720 2147 Episcopos
742 2101 897 2136 damnare
923 2100 1112 2134 haesitaverit

231 2158 429 2205 quandoque
455 2154 599 2190 Ecclesia
627 2177 637 2193 ,
665 2151 776 2196 inique
803 2162 912 2185 tamen
938 2148 1111 2185 damnatos

229 2219 374 2254 reparare
394 2206 465 2250 post
490 2214 629 2239 mortem
656 2204 778 2245 semper
805 2199 927 2236 studuit
950 2225 961 2241 ,
987 2212 1025 2234 ac
1051 2200 1109 2233 fre-

228 2268 368 2304 quenter
384 2254 559 2300 reparavit.
587 2254 632 2287 Et
646 2251 804 2286 Wazonis
825 2251 950 2295 judicio
972 2251 1106 2285 Sandius

228 2311 345 2344 Petrus
366 2303 522 2341 Damiani
547 2303 641 2337 nullo
653 2301 756 2336 modo
770 2302 966 2336 adversatur.
995 2300 1032 2333 ln
1054 2299 1106 2333 da-

229 2361 273 2394 tis
296 2359 336 2392 ad
348 2357 557 2391 Clementem
566 2352 744 2388 secundum
759 2352 873 2386 litteris
883 2351 1011 2384 locutus
1022 2349 1085 2384 fuit
1095 2373 1106 2389 ‚

231 2422 269 2444 ac
282 2408 374 2452 loqui
387 2405 501 2440 debuit
522 2404 613 2447 juxta
636 2403 805 2446 imperiale
829 2414 866 2436 ac
877 2400 1043 2443 Synodale
1064 2399 1106 2455 de

230 2458 397 2504 Gregorio
415 2455 596 2500 judicium,
623 2453 712 2497 quod
723 2463 803 2487 tunc
828 2452 956 2485 millum
977 2460 1046 2484 erat
1070 2461 1104 2484 in

229 2510 361 2554 plenam
387 2505 620 2541 executionem
647 2528 659 2544 ,
684 2504 719 2537 &
744 2503 830 2546 quasi
857 2500 1043 2537 transiverat
1070 2501 1105 2534 in

229 2570 300 2593 rem
323 2557 499 2601 judicatam
522 2578 529 2586 .
556 2552 670 2588 Petrus
690 2564 758 2587 erat
782 2563 862 2586 tunc
882 2551 1016 2594 simplex
1029 2549 1107 2584 Ere·

230 2610 311 2643 mita
332 2633 342 2650 ,
369 2608 403 2641 in
424 2603 631 2639 Monasterio
655 2602 783 2637 clausus
808 2611 975 2645 tamquam
999 2600 1034 2633 in
1063 2600 1129 3436 sel

229 2656 367 2704 pulchro
381 2669 389 2689 ε
417 2655 496 2699 Ejus
506 2653 609 2688 officii
621 2664 688 2687 non
700 2663 766 2686 erat
786 2651 951 2694 Synodale
960 2650 1001 2684 de
1012 2658 1106 2683 tanto

231 2709 373 2754 negotio
392 2706 554 2750 judicium
567 2705 758 2748 impugnare
772 2712 827 2736 aut
839 2700 980 2743 judicare
992 2725 999 2732 .
1028 2699 1105 2735 Erat

230 2759 280 2793 vir
303 2757 396 2792 liberi
423 2756 488 2790 oris
509 2780 519 2795 ‚
557 2754 706 2797 praeditus
731 2750 850 2785 virtute
887 2750 1017 2785 laudata
1051 2761 1106 2794 per

231 2809 379 2854 Regium
403 2803 619 2849 prophetam.-
647 2803 801 2845 Loquebar
822 2802 859 2835 de
870 2800 1104 2840 testimoniistuls

231 2867 266 2892 tn
293 2856 443 2902 conspe-Ha
469 2860 581 2899 Regum
610 2878 620 2894 ,
646 2855 680 2888 (9·
706 2864 763 2885 non
786 2851 987 2893 confundebar
1012 2875 1019 2883 .
1056 2849 1105 2886 At

231 2909 339 2942 forsan
361 2907 539 2951 Imperator
562 2903 728 2939 Henricus
750 2927 760 2942 ‚
787 2912 823 2936 ut
844 2903 950 2945 ipsum
976 2900 1105 2936 obtura-

231 2967 281 2992 ret
306 2981 317 2998 ,
343 2956 549 2991 Clementem
575 2953 773 2989 Pontificem
800 2953 846 2986 illi
885 2949 1104 2993 adjuvandum

230 3006 477 3042 commendavit
498 3030 506 3037 .
542 3003 647 3052 Qod
674 3003 839 3037 modicam
865 3001 907 3036 de
932 3001 1104 3036 Clemente

229 3056 426 3101 opinionem
449 3054 563 3089 Petrus
574 3054 721 3089 habuerit
735 3077 746 3094 ,
772 3051 948 3087 ostendunt
959 3051 1025 3085 haec
1036 3051 1104 3095 ejus

229 3106 268 3143 in
306 3104 443 3140 laudatis
479 3105 596 3138 litteris
630 3103 755 3139 verba:
794 3100 859 3136 Nos
885 3100 1102 3145 sperabamus,

229 3158 315 3201 quod
338 3165 372 3189 tu
397 3155 601 3196 redempturus
626 3154 694 3197 effes
720 3151 815 3196 Israel
841 3178 847 3184 .
876 3153 919 3187 Et
944 3152 1103 3187 consonat

228 3205 466 3246 Caffinensium
495 3203 608 3239 Abbas
634 3203 821 3237 Defiderius
847 3228 854 3236 .
885 3202 1036 3237 Affirmat
1061 3204 1103 3238 se-

228 3257 379 3294 cundum
397 3256 603 3289 Clementem
615 3252 729 3287 vixisse
739 3253 910 3287 dumtaxat
932 3252 972 3286 ad
985 3263 1102 3288 novem

229 3309 356 3343 menses
375 3329 386 3346 ,
412 3305 520 3350 Regia
540 3303 771 3339 nominatione
791 3301 963 3337 succeffiffe
983 3302 1102 3339 Dama-

228 3360 299 3394 sum
312 3356 492 3393 secundum
504 3379 516 3397 ,
541 3355 576 3390 δε
587 3353 700 3389 vixiffe
711 3352 920 3389 solummodo
932 3352 972 3389 ad
984 3354 1102 3400 viginti

1910 85 2008 130 237

1191 158 1254 183 tres
1264 148 1333 182 dies
1346 172 1357 188 ,
1383 160 1421 182 ac
1433 152 1556 195 pergit:
1583 154 1784 196 Huicsucceffic
1798 158 1855 189 Leo
1872 166 1968 189 nomes
1989 181 1999 197 ‚
2019 162 2072 191 vir

1189 209 1244 242 per
1255 206 1355 232 omnia
1368 200 1540 242 Apostolicus
1554 225 1576 239 ‚.
1593 205 1697 245 Regali
1704 217 1812 247 genere
1829 217 1908 240 ortus
1919 231 1929 247 ‚
1951 205 2072 248 sapien·

1192 250 1395 291 riapraedltus
1407 273 1418 289 ‚
1443 251 1583 294 rehgione
1595 251 1760 293 conspicuus
1771 279 1781 294 ‚
1806 265 1941 299 omnique
1963 257 2068 290 dolin-

1192 313 1232 334 na
1242 299 1437 342 Ecclefiastr'ca
1447 302 1584 343 apprime
1600 303 1735 335 eruditus
1749 327 1759 341 ,
1785 314 1817 336 ut
1829 313 1880 347 qui
1892 331 1902 346 ‚
1929 308 2071 349 quemad-

1190 352 1307 384 modum
1325 349 1471 394 scrlptum
1494 352 1553 392 est,
1579 357 1665 393 carpit
1680 356 1819 385 invocare
1842 365 1945 389 nomen
1968 360 2069 390 Domi-

1191 407 1223 434 ni
1246 426 1252 433 .
1281 406 1306 434 A
1329 412 1382 444 quo
1403 407 1501 435 omnia
1528 400 1726 444 Ecclefiastica
1743 402 1845 441 studia
1868 416 2012 438 renovata
2034 416 2069 440 ac

1189 451 1352 492 restaurata
1374 476 1384 492 ,
1413 464 1547 495 novaque
1571 454 1624 486 lux
1650 453 1761 485 mundo
1786 450 1854 495 visa
1885 453 1921 492 est
1948 456 2066 488 oboriri.

1189 501 1327 536 Viventi
1339 502 1447 536 adhuc
1459 503 1623 547 Gregorio
1641 503 1904 546 superordinatos
1919 504 2068 538 Clemen-

1189 562 1255 586 tem
1268 564 1305 587 ac
1318 553 1497 586 Damasum
1511 553 1599 596 parvi
1620 553 1716 587 facit.
1744 553 1786 586 Et
1799 553 1905 587 revera
1922 555 2067 588 neutrius

1188 604 1330 637 actiones
1349 602 1489 637 habuere
1501 604 1676 637 successum
1691 628 1698 635 .
1725 602 1829 638 Porro
1846 614 1922 637 ante
1944 603 2069 638 Leonis

1189 653 1267 686 noni
1297 653 1543 697 promotionem
1578 653 1751 688 defunstus
1775 663 1841 687 erat
1868 650 2066 698 Gregorius.

1189 703 1324 737 Etenim
1345 704 1443 738 frater
1463 702 1713 738 -Hrldebtandus
1737 727 1748 744 ‚
1773 705 1829 746 qui
1856 705 1969 737 vivum
1996 715 2089 738 non·

1185 752 1380 798 dereliquit,
1406 764 1474 788 erat
1494 763 1572 788 tunc
1587 754 1682 788 Prior
1707 754 1739 787 in
1756 754 1965 788 Cluniacensi
1988 754 2069 789 Mo·

1189 803 1326 837 nasterio
1339 829 1347 836 .
1373 804 1467 838 Hinc
1483 804 1592 845 illius,
1618 803 1734 848 utpote
1743 803 1806 846 jam
1820 803 1914 848 plene
1927 804 2067 848 legitimi

1187 853 1379 896 pontificis,
1404 856 1546 888 aulones
1559 855 1682 890 Divina
1701 855 1806 900 gratia
1827 854 1948 890 direxit
1965 867 2004 889 ac
2016 854 2068 889 be-

1189 903 1315 937 nedixit
1327 928 1335 935 .

1237 953 1364 1000 Qarta
1376 954 1508 997 quaestio
1530 954 1575 989 est
1588 954 1735 1003 ,sQiare
1745 954 1926 999 Imperator
1948 954 2068 988 Henri-

1187 1014 1242 1036 cus
1263 1004 1389 1037 sextum
1412 1005 1611 1048 Gregorium
1638 1005 1855 1048 deportaverit
1880 1006 1914 1039 in
1936 1005 2068 1038 Germa-

1190 1054 1276 1087 niam
1291 1054 1308 1085 ?
1333 1053 1596 1097 Respondeoad
1619 1055 1809 1089 Romanam
1833 1055 2010 1089 Ecclesiam
2032 1055 2069 1089 li-

1188 1103 1360 1138 berandam
1386 1104 1404 1136 a
1426 1104 1591 1138 turbarum
1617 1105 1651 1138 ὅτ,
1670 1116 1831 1139 novorum
1854 1104 2067 1139 schismatum

1189 1154 1356 1196 periculis.
1384 1154 1428 1187 Et
1441 1154 1501 1187 isto
1527 1154 1630 1188 modo
1649 1153 1831 1189 Christiani
1852 1156 2068 1199 Imperatores

1191 1206 1307 1247 semper
1324 1204 1559 1238 consueverunt
1580 1206 1710 1239 tractare
1730 1203 1984 1246 schismaticos,
2011 1215 2069 1240 aut

1189 1255 1298 1297 quavis
1320 1252 1361 1288 de
1380 1255 1475 1288 causa
1501 1254 1696 1299 degradatos
1724 1255 1902 1299 Episcopos
1928 1281 1939 1297 ‚
1967 1255 2069 1289 etiam

1190 1305 1378 1338 Romanos.
1406 1305 1540 1338 Etenim
1566 1303 1763 1339 Christianis
1786 1305 1986 1349 temporibus
2006 1307 2070 1348 pri-

1189 1365 1257 1387 mus
1286 1354 1490 1398 Anti-Papa
1524 1356 1587 1389 fuit
1610 1355 1760 1390 adversus
1781 1354 1950 1390 Liberium
1972 1356 2070 1390 Felix

1188 1405 1357 1439 secundus.
1389 1404 1431 1438 Et
1457 1404 1499 1439 de
1521 1406 1591 1448 ipso
1616 1406 1657 1439 ad
1679 1406 1907 1440 Theodosium
1930 1406 2070 1449 Impera-

1186 1465 1287 1488 torem
1313 1455 1504 1497 scripserunt
1534 1455 1694 1489 Romanae
1717 1455 1863 1490 Ecclesiae
1884 1455 2070 1499 Presbyteri

1184 1504 1357 1539 Faustinus
1379 1505 1411 1538 δε
1427 1504 1662 1539 Marcellinus:
1690 1509 1788 1539 Tertio
1811 1518 1890 1539 anno
1910 1507 1991 1540 redu
2015 1510 2073 1539 Ll-

1183 1556 1282 1588 berius
1302 1580 1313 1596 ,
1340 1560 1384 1587 cui
1403 1554 1524 1588 obvlam
1552 1567 1618 1588 cum
1633 1557 1745 1599 gaudio
1766 1558 1893 1598 populus
1914 1560 2069 1590 Romanus

1180 1610 1280 1639 exivit
1292 1629 1302 1644 ,
1329 1605 1422 1639 Felix
1435 1614 1554 1638 notatus
1565 1608 1584 1638 ἃ
1597 1609 1616 1639 5
1618 1614 1709 1640 enata
1735 1607 1786 1639 vel
1794 1608 1901 1649 populo
1911 1631 1921 1647 ,
1947 1608 1984 1639 de
1996 1606 2069 1640 urbe

1180 1654 1374 1696 propellitur,
1401 1656 1435 1688 (ἓν
1447 1655 1509 1695 post
1529 1664 1643 1697 parum
1667 1662 1809 1698 temporis
1822 1681 1833 1697 ‚
1860 1655 1987 1699 impulsu
2001 1659 2070 1690 Cle·

1180 1710 1304 1737 ricorum
1325 1726 1335 1742 ,
1361 1709 1412 1746 qui
1431 1707 1667 1745 perjuraverant
1690 1729 1700 1745 ,
1727 1711 1868 1749 irrumpit
1892 1712 1925 1739 in
1945 1706 2069 1747 urbem,

1179 1756 1213 1788 &³
1231 1755 1386 1795 stationem
1415 1758 1447 1786 in
1468 1757 1556 1799 Julil
1580 1754 1709 1796 Bafilica
1735 1765 1823 1788 trans
1844 1756 1975 1789 Tiberim
1994 1756 2068 1790 dare

1173 1804 1333 1849 pra-sumit
1346 1828 1356 1844 ,
1383 1815 1469 1846 quem
1492 1811 1589 1838 omnis
1613 1806 1773 1839 multitudo
1787 1806 1923 1848 fidelium
1946 1807 2069 1840 &Pro-

1176 1866 1253 1888 ceres
1277 1854 1318 1887 ab
1337 1854 1408 1887 urbe
1432 1855 1538 1887 iterum
1563 1866 1628 1888 cum
1650 1866 1758 1900 magno
1783 1858 1918 1890 dedecore
1934 1859 2066 1899 proJ'ece-

1177 1914 1263 1938 runt.
1295 1904 1530 1947 proiecerunt,
1554 1906 1714 1950 quoniam
1726 1907 1779 1940 sua
1789 1906 2068 1941 violentiaintru-

1177 1957 1244 1990 sum
1265 1952 1436 1989 hominem
1462 1955 1595 1990 fovebat
1618 1955 1800 1999 Imperator
1822 1956 2062 1998 Constantius,

1176 2005 1373 2049 volebatque
1398 2004 1531 2039 Liberio
1553 2005 1796 2050 Coepiscopum
1815 2007 1946 2042 affidere
1972 2032 1979 2039 .
2008 2008 2063 2041 Se·

1174 2056 1300 2089 cundus
1310 2055 1392 2088 Anti
1404 2054 1490 2098 Papa
1514 2055 1575 2090 fuit
1587 2055 1739 2091 adversus
1751 2058 1905 2091 Sanstum
1939 2058 2062 2091 Dama-

1175 2107 1246 2139 sum
1257 2104 1424 2137 Ursicinus
1436 2129 1446 2144 ,
1475 2105 1516 2138 de
1537 2117 1605 2148 quo
1617 2106 1657 2139 ad
1673 2107 1873 2149 Aquilinum
1896 2107 2058 2142 Romanas

1175 2154 1280 2190 Urbis
1292 2153 1464 2189 Vicarium
1479 2154 1668 2197 scripserunt
1692 2155 1906 2199 Imperatores
1927 2158 2057 2191 Gratia-

1174 2216 1235 2238 nus
1255 2216 1293 2238 ac
1317 2203 1592 2238 Valentinianus:
1620 2204 1778 2246 Urfict'num
1800 2208 1902 2239 Gallia
1924 2217 2053 2248 coercet,

1172 2256 1206 2288 Θ
1227 2267 1264 2289 ne
1284 2263 1380 2287 motus
1407 2254 1520 2296 aliquos
1546 2260 1693 2297 inquietos
1733 2267 1865 2290 exerceat
1890 2281 1901 2296 ‚
1937 2257 2050 2291 cohibet

1175 2310 1338 2349 Agrippina
1344 2303 1466 2348 smffiv·
1492 2304 1683 2339 Turbidum
1702 2303 1871 2341 hominem
1885 2308 1918 2341 in
1931 2308 2052 2352 Agrip-

1175 2357 1283 2400 pinam
1306 2354 1486 2389 Coloniam
1500 2354 1684 2399 relegarunt
1701 2379 1708 2386 ·
1737 2356 1781 2390 Et
1795 2356 1855 2390 hac
1875 2358 2050 2392 occasione

1172 2406 1292 2449 prodiit
1313 2404 1554 2449 prudentissima
1582 2405 1636 2440 lex
1664 2429 1675 2446 ‚
1713 2417 1785 2450 quae
1810 2406 2050 2451 degradatum,

1169 2457 1203 2490 &
1225 2456 1392 2490 sententia:
1417 2454 1618 2498 acquiescere
1642 2455 1811 2490 nolentem
1850 2457 2048 2502 Episcopum

1170 2506 1261 2550 jubet
1283 2506 1413 2540 exulare
1434 2503 1473 2539 ad
1497 2515 1629 2540 centum
1656 2505 1762 2540 millia
1783 2509 1927 2550 passuum
1949 2508 1968 2542 a
1989 2510 2048 2542 suae

1172 2557 1252 2590 olim
1276 2554 1357 2589 sedis
1376 2556 1529 2590 civitate.
1556 2556 1600 2590 Et
1625 2556 1838 2591 Benedictum
1859 2559 2014 2601 quintum
2036 2582 2048 2598 ,

1172 2617 1270 2649 quem
1300 2606 1333 2638 in
1347 2605 1483 2649 Joannis
1504 2604 1891 2652 duodecimidegradati,
1916 2618 1952 2641 ac
1963 2609 2048 2642 Leo-

1175 2658 1223 2689 nis
1244 2655 1348 2689 ostavi
1368 2654 1603 2696 superordinati
1624 2656 1734 2690 locum
1759 2667 1966 2700 promoverat
1978 2657 2050 2691 Ro·

1173 2716 1268 2740 mana
1290 2705 1429 2738 Ecclesia
1453 2728 1464 2744 ,
1489 2713 1656 2750 tamquam
1682 2705 1922 2742 schismaticum
1941 2707 2046 2754 Impe-

1174 2767 1259 2790 rator
1281 2757 1367 2789 Otto
1387 2754 1509 2798 primus
1520 2756 1629 2790 secum
1641 2756 1736 2791 duxit
1751 2757 1786 2791 in
1807 2757 2019 2792 Germaniam
2033 2782 2044 2798 ,

1174 2806 1344 2850 posuitque
1366 2805 1401 2838 in
1435 2805 1569 2840 civitate
1588 2806 1826 2852 Hamburgensi
1849 2832 1857 2841 .
1885 2808 2043 2843 Attamen

1172 2867 1281 2901 graves
1311 2855 1487 2897 Scriptores
1511 2856 1674 2892 affirmant
1709 2856 1925 2892 Benedictum
1951 2858 2043 2892 fuisse

1172 2906 1356 2951 legitimum
1368 2905 1563 2941 Pontificem
1575 2930 1586 2947 ‚
1612 2905 1754 2951 ideoque
1773 2906 1955 2954 gravissime
1976 2907 2043 2941 cul-

1173 2966 1248 3001 pant
1266 2959 1428 2991 Ottonem
1452 2980 1460 2987 .
1488 2956 1617 2990 Eodem
1650 2957 1751 3002 igitur
1772 2958 1873 2993 modo
1904 2958 2042 3000 Impera·

1171 3018 1221 3041 tor
1246 3005 1411 3040 Henricus
1429 3007 1575 3041 tractavit
1595 3008 1722 3042 sextum
1742 3007 1955 3053 Gregorium.
1984 3005 2044 3039 Et·

1171 3058 1234 3091 iam
1257 3055 1470 3090 Benedictum
1499 3067 1626 3091 nonum
1649 3056 1779 3092 volebat
1809 3059 1918 3092 secum
1945 3056 2041 3091 duce-

1170 3119 1220 3142 re.
1247 3109 1317 3143 Cur
1342 3117 1410 3140 non
1434 3106 1566 3146 fecerit,
1592 3106 1685 3150 supra
1703 3107 1790 3142 dixit
1806 3107 2038 3142 Caffineusium

1171 3157 1282 3192 Abbas
1308 3155 1507 3191 Desiderius:
1535 3157 1713 3190 Benedlcffus
1732 3157 1767 3191 in
1785 3163 1918 3200 propriis
1934 3155 2039 3200 seCa-

1163 3208 1255 3249 stellis
1275 3212 1440 3248 recipiens,
1464 3206 1536 3240 urbe
1561 3208 1651 3246 ceffit.
1679 3207 1724 3241 Et
1744 3206 1927 3242 Cardinalis
1954 3207 2038 3242 Ben-

1171 3271 1215 3292 no
1237 3269 1244 3289 ε
1285 3261 1429 3290 Henricus
1460 3256 1699 3297 Theopbylacqum
1726 3262 1759 3290 in
1781 3257 1892 3302 fugam
1924 3262 2015 3301 coegit
2028 3283 2038 3292 .

1171 3308 1301 3349 Utique
1323 3305 1414 3350 quod
1440 3318 1507 3340 non
1532 3306 1632 3350 posset
1655 3304 1942 3350 comprehendere.
1968 3309 2038 3342 sear-

1167 3366 1230 3394 tum
1251 3361 1422 3404 Gregortum
1448 3360 1481 3390 in
1509 3355 1665 3397 custodiam
1700 3356 1809 3400 reclufit
1830 3382 1843 3402 ‚
1875 3368 1962 3402 quem
1984 3367 2038 3400 po-

1924 3406 1988 3447 steri
