2372 3756
125 733 255 773 Cap.65.

128 1072 199 1109 Cap.
210 1077 256 1108 64.

683 122 765 166 Da
803 134 1153 179 QuiausDAM
1191 119 1436 164 PATRUM
1471 122 1682 169 Locus.

281 207 378 242 detur
388 206 481 241 fuiffe
491 205 617 244 abusus,
628 203 824 238 authoritate
846 202 954 236 Sanffi
975 200 1162 241 Ambrosii,

282 256 558 302 quiEucharistiae
580 256 751 289 veritatem
771 253 835 296 jam
856 252 968 286 statim
992 251 1089 285 nobis
1111 263 1163 286 ex-

283 309 427 354 planavit
439 319 492 350 per
501 306 688 349 exemplum
703 303 889 337 Dominicae
902 301 1143 336 Incarnationis
1154 326 1162 334 .

282 359 385 406 Qod
400 359 502 401 ipsum
515 358 642 390 faciunt
656 356 688 388 ὃς
701 354 757 387 alii
772 353 880 387 Patres
894 377 901 384 .
930 353 973 385 Et
986 351 1070 385 istud
1086 353 1160 391 Wa-

282 409 395 442 lerami
410 409 532 452 dogma
545 406 627 440 adeo
641 404 762 449 placuit
775 402 894 447 Joauni
918 402 1075 435 Wicleffo
1087 426 1098 442 ,
1123 410 1160 435 ut

284 460 388 501 ipsum
410 457 608 501 quandoque
634 454 858 492 Ambrosium,
888 451 1086 495 quandoque
1109 452 1157 484 ffi-

280 510 398 542 dorum
416 533 425 546 ‚
447 507 643 551 quandoque
654 503 830 539 titulaverit
842 502 1006 547 Magnum
1022 500 1158 534 Ambro-

280 558 542 600 siidiscipulum.
573 557 680 590 Etiam
692 555 754 594 de,
782 553 891 586 nescio
914 564 981 596 quo
996 577 1006 592 ,
1033 551 1156 585 Dosto-

281 619 315 642 τε
326 608 450 651 joanne
464 606 627 641 Parifienfi
646 603 753 638 scribit
767 603 800 636 in
813 614 909 646 opere
920 603 961 636 de
973 604 1155 636 Sacramen-

280 660 323 691 εἰς
349 658 502 691 Thomas
529 654 728 688 Waldenfis:
757 656 840 686 Alius
862 653 925 695 post
948 653 1155 685 Waleramum

280 708 448 748 Parisi’enlis
470 706 599 748 surrexit
621 730 630 744 ‚
667 714 781 745 ponens
807 710 899 736 etiam
923 707 1154 744 impanationem

280 764 409 799 corporis
436 755 567 795 christi,
594 765 628 787 ut
644 752 700 795 fibi
722 756 843 787 videtur
858 777 868 793 ,
895 755 978 785 modo
1002 751 1153 792 distintio,

274 817 332 850 per
352 806 587 849 adsumptionem
606 806 731 845 panisa
757 803 850 836 Verbo
864 827 875 842 ,
901 805 1050 837 mediante
1061 810 1153 843 corpo-

277 868 310 890 re
322 881 332 896 ‚
354 864 443 898 parte
453 879 463 894 ,
482 854 554 896 ficut
566 855 669 887 albedo
681 852 718 885 ab
733 852 880 893 AEthiope
890 875 900 891 ,
925 853 1074 885 mediante
1085 854 1154 885 den-

278 916 306 939 te
318 931 325 939 .
352 910 398 939 Et
405 905 529 948 separat
537 902 571 948 sc
583 904 622 937 ab
633 909 768 945 opinione
791 905 961 936 Walerami
983 909 1043 936 viis
1052 904 1155 946 *pluri-

279 958 333 990 bus
347 981 354 988 .
382 956 557 990 Fabulosas
585 950 820 996 Theologastri
847 953 990 986 hominis
1014 953 1153 995 ineptias

279 1019 348 1040 non
374 1017 464 1040 vacat
490 1015 654 1047 exponere
667 1029 674 1035 .
712 1004 860 1047 Exponit
888 1003 1037 1037 laudatus
1064 1003 1155 1035 Wal-

279 1057 383 1089 densis
396 1081 402 1087 .
433 1056 476 1088 Et
486 1056 578 1089 addit
593 1068 599 1087 :
619 1059 651 1100 J
655 1066 764 1087 oannes
776 1056 814 1087 de
826 1052 947 1094 Parisiis
962 1052 1067 1096 scribit
1078 1052 1154 1085 banc

278 1113 362 1139 viam
375 1112 589 1147 impanationis
601 1108 644 1137 ad
653 1115 773 1136 tantum
783 1105 924 1146 placuiffe
948 1104 1064 1136 Doc‘lori
1084 1106 1153 1135 Gui-

282 1159 374 1194 doni,
401 1155 486 1195 nostri
503 1157 618 1188 ordinis
633 1158 703 1188 FF.
720 1156 951 1187 Carmelitarum
963 1177 973 1192 ‚
999 1162 1068 1185 tunc
1094 1159 1153 1194 qui-

277 1209 344 1239 dem
359 1205 558 1249 &chrisum
575 1207 710 1244 Palatii,
737 1203 804 1244 utfi
811 1203 893 1245 foret
925 1206 1011 1244 Papa
1022 1228 1032 1243 ,
1057 1201 1154 1245 ipsam

277 1259 443 1290 decerneret
454 1258 634 1300 eligendam.
669 1255 715 1287 lta
729 1253 869 1288 humana
885 1254 1043 1287 subtilitas
1055 1277 1065 1292 ‚
1075 1253 1152 1286 dum

276 1306 430 1349 antiquos
444 1305 592 1340 Ecclefiae
617 1305 725 1339 Patres
745 1316 810 1337 non
832 1303 1008 1347 intelligit,
1035 1302 1152 1337 titubat

275 1358 310 1389 δε
321 1357 408 1390 cadit
425 1382 431 1389 .
458 1357 591 1390 Interim
603 1355 686 1387 circa
701 1355 868 1387 veritatem
883 1355 986 1396 lapsus
995 1352 1038 1386 est
1057 1353 1154 1397 longe

277 1406 424 1449 gravior.
454 1407 588 1440 Etenim
602 1406 742 1437 studiosa
759 1404 791 1437 &
805 1404 970 1437 unanimis
981 1429 990 1443 ,
1004 1415 1065 1446 qua
1079 1403 1151 1436 San-

276 1458 316 1489 fh
331 1456 477 1489 Ecclefiae
487 1456 596 1488 Patres
610 1454 675 1487 haec
687 1454 838 1495 mysteria
862 1455 986 1496 semper
1007 1453 1152 1486 velarunt

273 1507 373 1538 etiarn
384 1503 468 1548 apud
480 1505 608 1538 fidelem
623 1504 748 1545 plebem
761 1527 772 1543 ,
794 1513 867 1536 cura
879 1503 943 1537 alte
954 1503 1073 1536 clamat
1086 1503 1151 1545 ipsa

271 1555 333 1588 effe
344 1555 511 1588 tremenda
527 1579 538 1594 ,
566 1553 742 1587 ineffabilia
753 1578 763 1593 ,
787 1552 1128 1596 incomprehensibilia
1143 1577 1153 1593 ,

271 1604 366 1647 plene
391 1605 535 1638 Divina.
567 1604 645 1637 Alte
667 1604 786 1637 clamat
808 1601 1016 1637 Eucharistiae
1039 1603 1151 1637 verita-

271 1665 339 1688 tem
357 1680 365 1687 .
391 1654 520 1689 Nullibi
532 1654 616 1687 dixit
629 1654 725 1687 latere
737 1653 771 1686 in
785 1664 868 1696 aqua
880 1664 935 1687 aut
949 1653 1025 1686 oleo
1038 1678 1048 1694 ‚
1059 1653 1148 1695 quod

271 1703 392 1739 assidue
403 1705 521 1739 clamat
533 1704 631 1738 latere
646 1704 677 1736 in
692 1714 773 1745 pane
785 1703 818 1736 ὃς
829 1704 908 1737 vino
920 1727 928 1734 .
955 1702 1066 1736 Nostri
1079 1702 1150 1735 Ma-

272 1754 356 1796 jores
368 1755 402 1789 ἀ
416 1756 582 1789 veritatem
595 1754 805 1798 praedicarunt
818 1754 852 1787 δε
865 1754 1002 1797 figuram
1016 1765 1024 1785 ε
1054 1754 1149 1786 Erro·

271 1805 371 1838 neum
384 1805 486 1849 aliqui
499 1805 531 1837 in
548 1804 631 1838 hanc
644 1803 743 1838 solam
757 1826 767 1842 ‚
778 1802 877 1845 aliqui
891 1804 925 1837 in
938 1803 1040 1837 solam
1056 1803 1148 1836 istam

270 1852 462 1893 direxerunt
472 1855 588 1888 oculos
601 1879 610 1895 ‚
636 1865 733 1895 atque
745 1854 789 1888 ita
802 1854 833 1888 se
843 1854 878 1888 in
890 1854 1058 1897 oppositos
1083 1855 1150 1887 sco·

269 1904 364 1947 pulos
377 1905 611 1948 praecipitarunt
622 1926 632 1936 .
792 1920 796 1922 -
873 1909 875 1912 ⁴

279 1966 284 1974 ⁷
319 1954 432 1999 Pergit
458 1954 576 1989 ex‘his
600 1955 768 1999 principiis
783 1953 924 1989 *Sanetus
951 1953 1146 1989 Anselmus:

269 2003 445 2046 Ubicumque
453 2007 586 2047 prudens
608 2005 709 2038 Let‘lor
731 2011 764 2038 in
786 2006 870 2038 libris
893 2007 1010 2047 aliquid
1028 2015 1147 2039 invene-

267 2060 310 2086 rit
320 2055 356 2088 de
367 2066 456 2087 carne
465 2056 516 2088 vel
527 2057 705 2096 corporessDei
725 2055 836 2089 IESU
854 2079 864 2094 ‚
892 2064 1025 2088 recurrat
1048 2057 1092 2087 ad
1115 2057 1148 2088 il·

269 2104 332 2135 lam
343 2104 488 2144 triplicem
499 2105 699 2146 definitionem
718 2108 817 2136 carnis
842 2106 894 2137 vel
912 2110 1037 2145 corporis
1057 2107 1120 2144 eius
1133 2129 1144 2145 ‚

267 2164 358 2194 quam
366 2152 458 2197 supra
468 2160 526 2186 'n'on
536 2153 881 2197 praesumptionei'nvent
893 2178 903 2194 ‚
931 2165 982 2187 nec
1002 2165 1063 2187 meo
1075 2153 1143 2196 sen·

263 2202 459 2245 ficformavi,
480 2202 538 2246 sed
561 2206 673 2245 protuli
694 2215 731 2236 ex
749 2206 882 2236 ‘Parrum
902 2201 1058 2245 sententiis
1071 2227 1081 2244 ,
1109 2208 1142 2238 'ut

267 2254 372 2285 videat
384 2255 417 2287 Θ·
428 2250 577 2296 discernat
588 2277 598 2292 ,
619 2252 730 2294 fiilicet
743 2255 992 2294 quemadmodum
1004 2255 1064 2286 illic
1074 2266 1144 2297 aga·

266 2313 317 2336 tur
327 2304 364 2335 de
373 2303 550 2345 corpore-vel
557 2313 645 2336 carne
658 2302 769 2346 JESU
781 2325 791 2341 ,
810 2302 902 2344 ficque
922 2305 966 2335 ad
984 2306 1141 2344 Scriptoris

262 2351 379 2394 sensum
382 2353 497 2394 formet
503 2352 589 2396 suum
600 2353 779 2386 intelleeium
791 2378 799 2385 .
827 2355 921 2386 Aliter
935 2359 1013 2386 enim
1039 2353 1076 2393 est
1097 2365 1140 2386 co-

262 2404 395 2445 gitanda
405 2413 471 2435 caro
479 2399 534 2436 'illa
543 2403 596 2436 vel
603 2412 704 2445 corpus
716 2423 726 2441 ‚
751 2404 831 2444 quod
838 2405 982 2444 pependit
1008 2409 1040 2435 in
1063 2405 1141 2447 ligno

269 2454 304 2485 Θ
312 2450 495 2495 sacrificatur
505 2460 538 2486 in
549 2455 642 2487 altari
654 2478 664 2493 ,
692 2455 779 2488 aliter
791 2465 859 2486 caro
868 2455 931 2493 ejus
942 2453 993 2486 vel
1013 2462 1116 2495 corpus
1128 2478 1139 2495 ,

268 2503 348 2543 quod
355 2509 405 2544 qui
417 2505 643 2536 manducaverit
654 2503 743 2536 habet
755 2510 786 2535 in
795 2501 827 2546 se
838 2510 936 2536 vitam
947 2513 1117 2536 manentem
1129 2528 1138 2543 ‚

267 2555 355 2586 aliter
375 2564 441 2586 caro
459 2552 511 2587 vel
521 2561 633 2594 ‘scor-pus
652 2555 717 2594 ejus
738 2554 816 2594 quod
834 2553 872 2592 est
894 2551 1017 2593 Ecclefia
1030 2578 1037 2586 .
1065 2558 1138 2586 Non

259 2604 341 2645 qufid
350 2610 489 2644 tricorpor
501 2605 521 2635 ᾶ
534 2604 616 2636 nobis
627 2602 760 2642 christus
776 2600 965 2643 describatur
982 2626 991 2641 ,
1011 2602 1086 2644 ficut
1099 2605 1136 2637 de

261 2657 385 2691 Geryone
404 2654 453 2686 illo
472 2654 579 2694 ferunt
597 2652 738 2695 fabulae,
768 2663 832 2685 cum
846 2663 937 2684 unum
960 2653 1011 2695 effe
1032 2661 1134 2695 corpus

261 2702 371 2742 Christi
383 2703 499 2744 testetur
512 2703 657 2745 Apostolus
670 2726 680 2742 ,
705 2700 730 2744 s
725 2704 765 2735 ed
773 2703 900 2743 quodam
909 2701 984 2743 fidei
1004 2701 1132 2745 respedlu

260 2754 424 2786 intellectus
445 2754 497 2786 vel
516 2752 636 2794 offellus
639 2752 720 2793 facit
733 2751 809 2784 hanc
820 2750 1020 2792 diversitatem
1033 2778 1040 2784 .
1068 2756 1127 2787 Res

259 2815 330 2836 vero
339 2802 405 2846 ipsa
408 2802 609 2845 fimplicttatis
618 2801 681 2844 suae
689 2809 797 2843 puram
819 2802 930 2835 obtinet
950 2808 1127 2836 veritatem.

258 2856 327 2886 Haec
340 2860 418 2887 enim
427 2859 551 2886 trinitas
566 2858 692 2894 corporis
710 2854 828 2883 Domini
841 2863 898 2883 non
920 2850 957 2891 est
978 2853 1064 2885 aliud
1085 2860 1129 2886 in-

257 2905 417 2947 tellgenda
429 2928 439 2944 ‚
465 2915 556 2945 quam
568 2901 663 2945 ipsum
676 2905 794 2934 Domini
815 2909 917 2942 corpus
940 2904 1127 2945 cogitandum

253 2950 415 2994 ficundum
433 2955 584 2996 effemiam
605 2975 615 2991 ‚
636 2951 794 2995 secundum
820 2957 981 2984 veritatem
994 2973 1004 2990 ,
1024 2951 1124 2996 secun·

257 3001 329 3033 dum
338 3001 487 3041 effec‘lum.
514 3003 711 3045 Respondeo
725 3001 811 3035 hanc
831 3001 990 3043 triplicem
1011 3002 1124 3036 Domi-

257 3052 481 3094 nicicorporis
501 3051 744 3086 distinstionem
768 3050 830 3085 esse
851 3050 993 3093 antiquis
1015 3051 1123 3087 Eccle·

256 3099 307 3134 fiae
328 3100 477 3135 Patribus
496 3102 746 3140 ufitatiffimam,
773 3100 825 3135 sed
845 3101 914 3144 ejus
935 3101 1079 3135 membra
1104 3103 1120 3136 a

255 3150 545 3185 sanetoAnseimo
571 3163 637 3185 non
658 3151 740 3185 recte
761 3151 866 3184 tradi.
895 3151 1028 3184 Etenim
1055 3150 1120 3188 haec

253 3202 338 3244 apud
352 3200 461 3234 Patres
473 3201 544 3233 sunt
557 3201 699 3234 Domini
712 3212 828 3244 corpus
841 3211 951 3234 verum
976 3201 1097 3236 visibile
1109 3226 1120 3244 ,

252 3261 369 3294 corpus
387 3261 496 3284 verum
520 3249 703 3290 invisibile,
729 3251 762 3284 ὅ(
784 3262 900 3293 corpus
921 3250 988 3293 ejus
1009 3252 1118 3294 mysti-

251 3312 327 3334 cum
341 3315 351 3334 .·
375 3301 421 3335 At
433 3300 508 3334 vero
521 3301 653 3334 sanetus
666 3299 837 3334 Anselmus
850 3301 916 3333 duo
928 3302 1031 3342 priora
1043 3312 1118 3337 cou.,

252 3351 363 3385 fundit
378 3377 389 3392 ,
412 3352 443 3385 δε
457 3361 513 3394 pro
524 3350 668 3384 secundo
681 3350 829 3384 membro
840 3351 973 3384 adducit
986 3351 1116 3385 sanctifi-

252 3411 379 3436 cantem
391 3402 530 3447 gratiam
542 3425 553 3442 ,
580 3400 778 3435 Sacramenti
799 3400 945 3434 effectum
962 3425 968 3433 .
996 3401 1116 3436 Nullus

1221 200 1315 234 Pater
1326 200 1425 242 ipsam
1438 199 1583 234 titulavit
1595 201 1716 237 Christi
1729 215 1857 241 carnem
1870 215 1926 242 aut
1951 219 2069 250 corpus
2081 210 2092 242 .“

1221 249 1275 284 Est
1287 251 1352 284 veri
1367 252 1512 294 corporis
1533 250 1683 292 donum,
1709 253 1742 286 δε
1771 257 1870 289 nostri
1898 258 2091 292 transmissio

1219 300 1251 334 io
1266 311 1383 344 corpus
1395 300 1592 344 mysticum,
1618 300 1652 333 in
1679 303 1836 344 populum
1863 305 1995 340 Christo
2020 305 2091 341 Do-

1218 350 1311 385 mino
1332 350 1699 386 circumsubstantialem
1719 376 1725 382 .
1762 353 1801 385 Et
1823 355 1879 387 ista
1905 359 2020 399 triplex
2043 355 2090 391 di-

1217 400 1345 435 stinctio
1357 401 1582 446 intelligendis
1593 399 1725 434 Patrum
1737 400 1818 435 locis
1831 403 1874 436 est
1889 407 2018 446 penitus
2035 418 2092 440 ne-

1215 452 1362 485 cessaria.
1390 452 1459 497 Qi
1483 453 1583 496 ipsam
1605 452 1737 496 ignorat
1760 475 1773 493 ‚
1798 463 1867 486 non
1889 456 1992 495 potest
2020 468 2089 494 non

1214 502 1410 546 cespitare&
1422 500 1486 536 labi
1498 527 1505 534 .

1381 688 1921 746 CAPUTVI.

1194 840 1196 844 v
1245 816 1496 879 Exponuntur
1531 808 1700 877 quiedam
1734 806 1815 857 loca
1841 810 2057 855 Graecorum

1548 888 1711 929 Parrum
1727 916 1740 929 .

1322 1000 1384 1035 Era
1396 1001 1538 1036 Ecclesia
1549 1002 1594 1035 est
1619 1001 1791 1036 Catholica
1804 1025 1814 1041 ,
1841 1011 1895 1044 per
1918 999 2031 1034 omnia
2052 999 2087 1032 &

1345 1061 1488 1094 tempora
1503 1053 1618 1086 &loca
1632 1053 1840 1086 universalis.
1867 1050 1961 1087 Hinc
1973 1050 2014 1084 de
2034 1051 2088 1084 sua

1216 1101 1399 1143 paucitate,
1425 1103 1508 1136 &ad
1522 1113 1606 1135 certa
1631 1104 1700 1135 loca
1722 1102 1945 1136 contraffione
1965 1102 2089 1144 semper

1214 1149 1409 1185 erubuerunt
1423 1151 1578 1186 haeretici:
1597 1151 1762 1185 Viderunt
1780 1151 1871 1194 istam
1884 1151 2090 1194 praescriptio-

1218 1213 1291 1235 nem
1302 1202 1364 1234 esse
1377 1203 1637 1243 peremptoriam.
1667 1202 1759 1235 Hinc
1773 1203 1803 1238 se
1814 1201 1906 1234 unire
1917 1212 1992 1235 cum
2015 1197 2091 1247 alia?

1217 1262 1283 1284 rum
1296 1252 1446 1296 gentium
1459 1252 1606 1286 Seflariis
1617 1255 1739 1295 semper
1750 1251 1861 1285 conati
1874 1254 1947 1285 sunt
1957 1275 1968 1291 ,
1994 1260 2091 1295 atque

1218 1303 1259 1335 ita
1274 1303 1304 1335 se
1316 1300 1488 1337 extendere
1502 1327 1509 1334 .
1538 1302 1585 1337 Ita
1596 1302 1637 1336 de
1652 1303 1776 1344 Joanne
1787 1300 2041 1348 Wicleffscribit
2055 1300 2091 1333 in

1216 1362 1310 1394 opere
1330 1352 1371 1385 de
1395 1353 1613 1387 sacramentis
1636 1351 1790 1386 Thomas
1813 1350 2016 1385 Waldenfis:
2044 1351 2091 1382 Su-

1213 1401 1303 1442 perest
1311 1400 1396 1444 spem
1418 1404 1483 1443 ejus
1505 1410 1661 1441 truncare,
1686 1414 1776 1444 quam
1792 1407 1880 1444 ponit
1904 1406 1936 1434 in
1954 1400 2088 1434 homine.

1216 1454 1300 1494 ,Quia
1314 1459 1344 1485 in
1358 1456 1471 1486 Graecis
1489 1460 1600 1494 putat,
1627 1454 1679 1486 vel
1694 1454 1767 1485 alios
1786 1460 1899 1493 putare
1923 1450 2088 1492 defiderat‚

1214 1500 1307 1544 adeffe
1316 1501 1367 1545 fibi
1379 1511 1508 1537 turmam
1518 1502 1631 1541 testium
1659 1504 1898 1545 longinquorum.
1927 1503 1976 1534 Ad
1996 1500 2091 1534 orbem

1213 1551 1304 1584 alium
1317 1564 1368 1585 nos
1395 1550 1597 1594 transmittit,
1624 1564 1660 1587 ne
1673 1551 1766 1594 facile*
1786 1557 1949 1592 vincatur,
1974 1552 2011 1584 id
2029 1551 2068 1592 est
2079 1577 2090 1592 ,

1209 1603 1326 1643 procul,
1357 1608 1499 1644 quamvis
1521 1607 1553 1636 in
1578 1602 1626 1635 his
1643 1603 1785 1644 partibus
1804 1601 1842 1643 fit
1861 1601 1996 1635 devictus
2012 1627 2019 1634 .
2046 1602 2090 1637 Et

1213 1651 1306 1684 istam
1333 1652 1479 1686 Wicleffi
1507 1654 1595 1696 spem
1624 1652 1807 1687 Waldenfis
1829 1651 1913 1686 reste
1935 1661 2091 1687 truncat:

1213 1705 1286 1734 Non
1297 1701 1334 1741 est
1346 1702 1448 1744 neceffe
1462 1702 1574 1743 referre
1585 1726 1595 1741 ,
1620 1703 1696 1745 quid
1701 1701 1755 1744 ipsi
1761 1703 1958 1742 litteratiffimi
1970 1706 2067 1736 Graeci
2075 1728 2086 1744 ‚

1212 1757 1262 1794 qui
1274 1752 1386 1785 dudum
1400 1763 1463 1785 cum
1474 1756 1509 1784 N
1511 1759 1594 1786 uncio
1601 1751 1649 1795 sui
1659 1752 1976 1794 Constantinopolitani
1997 1757 2091 1795 Impe-

1211 1807 1319 1835 ratorIs
1332 1804 1541 1836 Emmanuelis
1553 1827 1563 1844 ,
1584 1803 1761 1846 temporibus
1773 1807 1862 1846 Regis
1875 1805 1993 1836 Henrici
2004 1815 2091 1846 quar·

1210 1857 1257 1892 ti,
1283 1858 1314 1885 in
1325 1854 1430 1897 anglia
1438 1862 1660 1895 pervenerunt,
1687 1855 1786 1891 nosde
1808 1854 1946 1887 moderna
1973 1857 2090 1888 Graeco-

1210 1914 1276 1935 rum
1292 1902 1355 1945 fide
1375 1904 1541 1938 docuerint.
1571 1907 1706 1939 Mamm?
1725 1905 1762 1937 de
1780 1903 1843 1946 fide
1866 1902 2064 1946 Eucharistiae
2078 1929 2090 1943 ‚

1209 1955 1306 1995 quoad
1330 1952 1526 1996 substantiam
1546 1980 1553 1987 .
1594 1956 1772 1999 Imperator
1807 1953 1868 1988 iste
1889 1951 2089 1989 Emmanuel

1211 2005 1270 2037 fuit
1287 2004 1485 2039 Emmanuel
1508 2005 1708 2051 Paleologus
1731 2005 1787 2049 qui
1808 2005 1909 2039 etiam
1934 2005 1968 2038 in
1991 2005 2088 2051 Fran-

1209 2054 1293 2087 ciam
1317 2055 1403 2088 misit
1426 2056 1570 2098 Legatos
1591 2068 1648 2099 pro
1670 2056 1797 2090 auxilio
1818 2054 1986 2088 adversum
1999 2055 2088 2089 Tut-

1208 2114 1276 2136 cas.
1308 2105 1667 2139 VVicleffumimitatur
1679 2105 1813 2147 Joannis
1836 2105 1969 2138 Calvini
1992 2105 2088 2141 sesta-

1207 2161 1258 2186 tor
1271 2151 1436 2186 Henricus
1458 2153 1628 2196 Artopaeus
1644 2179 1654 2195 ,
1679 2155 1713 2187 dc
1738 2154 1864 2187 scribit:
1895 2157 1931 2186 In
1952 2158 2083 2189 Concilio

1208 2203 1380 2236 Florentino
1402 2227 1412 2242 ,
1450 2202 1551 2236 habito
1572 2203 1630 2246 sub
1656 2208 1792 2247 Eugenio
1817 2211 1924 2245 quarto
1949 2206 2081 2239 Romano

1207 2251 1368 2294 Pontifice‚
1384 2252 1538 2294 ¹ubifalla
1558 2253 1594 2294 est
1608 2259 1674 2287 unio
1686 2258 1808 2287 Latinae
1829 2256 1863 2287 (ν
1884 2258 1998 2287 Graecae
2020 2258 2080 2289 Ec-

1205 2302 1353 2343 clefiarum
1376 2327 1387 2342 ,
1411 2303 1530 2345 tametfi
1550 2306 1570 2336 ἃ
1597 2304 1736 2346 Pontifice
1756 2310 1888 2346 corrupti
1908 2308 2078 2339 orientales

1201 2353 1346 2394 pleraque
1356 2356 1492 2386 Romana
1517 2354 1635 2386 Placita
1653 2360 1836 2396 receperint,
1863 2356 1953 2387 nullis
1975 2364 2077 2391 tamen

1205 2408 1388 2446 argumentis
1393 2404 1518 2445 perpelli
1525 2413 1685 2445 potuerunt
1708 2414 1740 2437 ut
1762 2403 1919 2444 monstrum
1937 2405 2077 2448 transub-

1197 2452 1400 2491 stantiationis
1413 2460 1575 2495 reciperent
1591 2479 1597 2486 .
1623 2458 1755 2498 Cumque
1772 2460 1889 2488 unionis
1909 2456 2020 2490 litterae
2035 2456 2076 2500 es-

1198 2500 1265 2545 sent
1270 2501 1443 2549 formanda·
1456 2505 1488 2537 (5·
1495 2505 1687 2546 publicanda·
1698 2529 1709 2545 ,
1735 2506 1890 2548 diligenter
1909 2514 2053 2540 caverunt
2062 2531 2075 2548 ‚

1204 2562 1236 2584 ut
1248 2551 1334 2585 huius
1345 2560 1387 2586 rei
1401 2555 1480 2587 nulla
1491 2560 1598 2587 mentio
1604 2554 1688 2596 fieret
1700 2579 1707 2589 .
1734 2554 1856 2596 Namst'
1862 2561 1942 2588 tanti
1952 2568 2074 2589 momen-

1203 2607 1227 2633 ti
1246 2602 1350 2644 fuiffet
1370 2605 1424 2636 illa
1450 2603 1723 2646 transubstantiittio
1745 2630 1755 2646 ‚
1783 2604 1906 2646 Ecclesia
1936 2610 2073 2640 Romana

1202 2663 1354 2693 nunquam
1367 2654 1494 2695 voluisset
1515 2665 1581 2686 cum
1603 2658 1711 2687 Graeca
1733 2657 1891 2698 conjungi,
1917 2668 1986 2698 quae
2004 2668 2071 2690 eam

1203 2713 1262 2734 non
1271 2700 1432 2745 susceperit
1444 2728 1450 2735 .
1483 2707 1571 2736 Nam
1582 2702 1711 2746 baerefim
1720 2706 1823 2738 dicunt
1834 2705 1918 2739 hodie
1927 2707 1979 2749 effe
1984 2706 2072 2748 pesti·

1191 2751 1294 2792 feram
1307 2777 1317 2792 ‚
1341 2764 1407 2786 eam
1419 2764 1475 2785 non
1489 2754 1646 2787 admittere
1662 2779 1668 2786 .
1696 2760 1768 2788 Non
1779 2765 1880 2789 autem
1891 2757 2070 2790 credendum

1198 2802 1234 2841 est
1246 2805 1392 2835 Latinam
1404 2802 1559 2842 Ecclesiam
1570 2805 1685 2847 voluisse
1690 2803 1725 2848 se
1747 2816 1811 2838 cum
1834 2804 1982 2839 haereticis
2003 2818 2070 2840 con-

1189 2854 1315 2895 jungere
1327 2875 1337 2890 ‚
1363 2854 1398 2886 <vt
1409 2863 1472 2885 cum
1483 2854 1542 2886 illis
1555 2861 1762 2888 communicare
1776 2881 1782 2887 .
1811 2855 1919 2889 Gatrit
1933 2868 2000 2890 non
2021 2858 2069 2891 so·

1196 2902 1263 2935 lum
1278 2902 1406 2938 Graecos
1421 2927 1432 2941 ‚
1458 2903 1512 2937 sed
1525 2904 1623 2937 etiam
1644 2906 1873 2940 Florentinam
1894 2905 2067 2948 synodum

1193 2952 1247 2986 fibi
1262 2951 1446 2986 consentire
1456 2964 1494 2988 ac
1504 2955 1700 2997 patrocinari
1712 2980 1719 2989 .

2107 1482 2237 1522 (Ἀρ-44·

1259 3163 1417 3214 Saralius
1442 3167 1461 3211 I
1475 3183 1500 3212 R
1518 3184 1539 3210 a
1553 3182 1582 3211 N
1597 3182 1629 3210 ,ιε
1644 3183 1670 3210 U
1685 3183 1701 3211 s
1740 3163 1945 3230 Lugdunen
1961 3187 1993 3213 ts

1427 3231 1572 3280 Archi·
1582 3231 1785 3301 Episcopus
1803 3269 1815 3280 .

1289 3355 1357 3389 Olo
1383 3354 1497 3388 omnia
1529 3354 1718 3388 Graecorum
1745 3351 1875 3389 Parrum
1914 3355 2058 3391 testimo·

1314 3406 1369 3440 nia
1395 3403 1584 3440 adducere:
1621 3403 1709 3438 Effet
1745 3405 1917 3440 infinitum
1937 3418 2054 3490 ἔξω.
