2372 3756
403 105 498 173 1'54

329 198 586 239 commentarioe
615 188 777 233 domu-tais
788 201 915 247 donatus
924 198 1091 244 estsanguit
1102 201 1201 230 Domi-

332 258 366 287 ni
375 254 558 285 innocentis.
584 252 631 283 Et
641 247 735 292 ipsum
753 248 951 294 sanguineis,
976 260 1062 290 quem
1080 258 1137 292 per
1157 254 1204 280 in-

707 110 749 155 5.
787 108 1102 157 Quocum
1138 123 1373 155 sepi-rm
1410 112 1767 162 Ponr11=1c1s

1271 200 1346 231 dens
1360 208 1458 231 autem
1471 199 1537 243 ipsa
1546 202 1583 241 est
1590 201 1752 243 personalis
1775 208 1890 238 veritas
1901 229 1911 245 ,
1936 211 1974 239 in*
1987 218 2079 249 quam
2098 219 2142 241 re-

1261 247 1359 288 fertur
1372 250 1407 281 6·
1418 250 1817 296 identificaturfignificatum
1829 279 1836 286 .
1863 257 1957 298 ,Quod
1963 264 2042 298 enim
2051 256 2140 300 obsiti

329 302 451 349 faniam
464 300 618 344 fuderunt
636 324 647 340 ,
677 308 735 342 per
753 306 888 345 gratiam
907 299 1042 332 biberunt
1062 323 1070 330 .
1102 299 1202 332 Hanc
1267 305 1435 330 memoriam
1445 302 1574 333 tradidit
1578 301 1755 343 faciendum
1772 327 1783 343 ‚
1808 304 1963 337 indubiam
1976 305 2041 348 suae
2059 317 2140 349 prae-

333 349 461 397 phrasin
488 349 694 393 Augustinus
714 351 809 384 ufitat
830 350 864 383 in
893 348 1072 383 innumeris
1102 348 1182 381 locis
1194 370 1201 377 .

333 403 484 439 Eandem
505 399 637 436 adsidue
656 402 785 443 usurpat
804 400 937 434 Sanetus
948 398 1087 440 Ioannes
1099 397 1202 439 Chry-

333 453 492 489 sostomus
502 475 514 491 ‚
537 450 719 493 ideoque&
732 450 827 493 ipsius
838 447 988 492 Licurgia
1000 446 1098 482 habet
1108 461 1120 480 e
1146 449 1201 478 Do-

333 511 414 538 mine
425 514 482 537 non
491 501 560 546 sum
572 503 681 544 dignus
689 524 701 539 ,
728 509 761 532 ut
766 496 824 541 sub
828 496 985 541 sordidum
996 503 1107 530 animae
1128 506 1202 529 meae

331 553 440 588 redum
450 553 629 597 ingrediaris
640 573 650 589 ,
672 548 730 592 sed
737 549 982 591 quemadmodum
992 552 1069 590 aequi
1081 548 1114 580 (ς’
1133 545 1201 578 boni

330 603 492 648 consuluisti
501 607 533 634 in
539 600 677 644 spelunca
690 600 724 634 6·
731 596 860 641 praesepi
871 597 1115 631 irrationabilium
1134 601 1204 628 ani-

330 657 453 688 malium
463 650 621 685 recumbere
634 674 644 688 ‚
670 651 705 683 6*
716 654 748 682 in
757 650 840 682 domo
852 650 979 680 Simonis
990 645 1092 688 leprosi
1108 653 1202 677 etiam

321 705 448 748 fimilem
457 700 531 734 mibi
543 705 717 733 meretricem
729 723 740 739 ‚
761 704 954 741 peccatricem
966 697 1012 728 ad
1018 705 1046 728 te
1068 697 1202 728 acceden-

328 764 389 788 tem
397 750 545 796 suscepisti
558 776 568 792 ‚
592 748 655 793 ipse
670 750 794 792 dignare
802 755 897 780 ettam
907 753 939 778 in
945 743 1081 789 praesepe
1090 749 1200 779 animae

325 815 399 839 meae
418 807 544 836 rationis
564 806 718 843 expertis,
745 800 779 833 (5
793 803 825 830 in
846 797 1086 831 commaculatum
1105 806 1200 828 meum

324 862 429 897 corpus
442 850 718 897 ingredimortui&
738 846 850 890 leprosi.
875 846 984 880 Etiam
996 845 1117 890 Magni
1140 847 1202 880 Ba-

326 905 384 938 silii
400 903 549 947 Liturgia
563 899 679 934 habet:
706 901 787 931 Hunc
797 897 914 929 calicem
927 895 996 937 fore
1019 894 1117 939 ipsum
1133 905 1203 938 pre-

325 952 432 998 tiosum
452 952 628 996 sanguinem
655 951 773 980 Domini
804 946 891 986 nostri
915 945 1027 988 JESU
1057 941 1169 987 Christi
1189 971 1199 987 ,

324 1010 377 1046 qui
394 1009 450 1044 pro
470 1001 573 1033 mundi
596 1005 664 1032 vita
689 996 796 1040 effusus
816 996 871 1037 est.
898 997 940 1030 Et
953 996 1018 1039 ipse
1032 996 1199 1031 Dominus

323 1053 429 1087 dixit:
457 1057 513 1086 Hic
533 1050 570 1089 est
589 1047 709 1093 sanguis
730 1058 813 1081 meus
836 1072 848 1088 ‚
887 1051 938 1089 qui
955 1054 1010 1088 pro
1030 1049 1132 1079 multis
1157 1047 1199 1088 ef-

314 1102 468 1145 fundetur
483 1125 490 1132 .
520 1109 579 1137 Hoc
597 1098 635 1139 est
661 1106 762 1140 corpus
786 1108 902 1137 meum,
938 1098 1017 1139 quod
1031 1106 1088 1140 pro
1111 1097 1195 1131 vobis

320 1154 432 1186 datur.
463 1151 596 1194 Utique
609 1150 643 1184 in
656 1158 795 1182 mortem
807 1173 814 1180 .
842 1147 885 1181 Et
898 1148 1004 1180 revera
1027 1147 1094 1181 hzec
1108 1147 1197 1191 phra-

319 1203 359 1237 fis
377 1204 422 1236 est
447 1199 633 1246 profitendo
657 1198 812 1242 mysterio
834 1197 934 1241 longe
956 1198 1082 1240 aptior,
1112 1197 1198 1231 &ab

317 1252 414 1287 omni
439 1249 686 1286 subintrudendi
713 1248 828 1282 erroris
864 1248 1008 1289 periculo
1036 1248 1197 1287 securior,

317 1304 460 1347 ideoque
478 1299 582 1345 ipsam
603 1299 707 1334 valere
720 1299 822 1332 solam
835 1297 915 1331 reste:
929 1297 1031 1331 voluit
1045 1299 1197 1339 septimus

317 1354 500 1398 Gregorius
522 1364 529 1383 ε
561 1350 739 1384 Adversam
776 1347 902 1391 phrafin
941 1347 1023 1381 reste
1061 1349 1196 1381 circum-

315 1404 436 1446 scripsit
459 1404 493 1437 ὅ(
519 1401 680 1436 abolevit.

369 1454 411 1487 Et
427 1453 490 1486 hoc
506 1452 538 1485 in
552 1450 684 1485 cardine
698 1448 814 1492 pendet
828 1447 868 1480 lis
881 1471 890 1487 ,
917 1457 1014 1489 quam
1035 1458 1108 1480 cum
1120 1447 1194 1481 San·

313 1504 358 1537 sti
385 1501 538 1536 Medardi
564 1498 648 1543 apud
673 1499 852 1532 Sueffiones
874 1495 1052 1530 Monachis
1082 1496 1195 1531 habuit

313 1551 513 1587 venerabilis
533 1549 714 1584 Guibertus
738 1573 749 1588 ,
784 1547 898 1581 Abbas
934 1547 1053 1580 sanciae
1080 1547 1195 1582 Maria*

313 1602 401 1647 apud
415 1602 641 1646 Novigentum
652 1623 660 1631 .
690 1598 872 1631 Audiamus
882 1596 950 1640 ejus
962 1596 1084 1631 litteras
1096 1622 1106 1637 ‚
1117 1609 1192 1640 ope·

312 1655 339 1687 ti
361 1653 403 1687 de
426 1652 618 1686 sanctorum
640 1647 832 1692 pignoribus
854 1646 1014 1690 praefixas,
1042 1648 1082 1681 ad
1105 1648 1194 1682 odo-

311 1714 390 1747 nem
416 1702 584 1736 Abbatem
607 1701 714 1734 Sanc'ii
729 1696 961 1740 symphoriani
977 1709 989 1728 .·
1014 1697 1192 1730 Subnotavit

312 1752 525 1787 Adversarius
539 1761 650 1789 meus,
675 1750 755 1790 quod
776 1752 869 1788 panis
891 1757 925 1778 ac
945 1752 1014 1779 vini
1034 1747 1193 1786 mysterium
1213 1774 1217 1780 .

312 1807 469 1838 Vicarium
490 1799 600 1840 Christi
623 1799 838 1841 appellaverim
861 1809 868 1828 ε
896 1798 990 1839 ‚Quod
1008 1797 1041 1830 ob
1068 1797 1119 1830 boc
1139 1797 1193 1837 fibi

313 1854 413 1887 minus
435 1852 539 1884 idone?
562 1850 672 1883 dilium
682 1845 780 1891 visum
794 1846 832 1887 est
846 1871 856 1886 ,
885 1847 1003 1888 quiaid
1013 1871 1023 1886 ,
1050 1849 1133 1889 quod
1142 1851 1191 1879 Vi-

312 1909 425 1937 varium
444 1902 552 1934 dicitur
564 1925 575 1941 ,
603 1905 700 1932 minus
717 1910 746 1931 oo
758 1922 768 1935 ,
793 1899 874 1937 cujm
888 1900 1036 1930 Vicarium
1048 1898 1085 1936 esi
1097 1922 1108 1937 ,
1133 1897 1190 1931 ali-

313 1965 368 1996 quo
389 1954 473 1986 modo
493 1951 678 1991 aestimatur.
704 1950 764 1981 sea'
777 1946 805 1988 fi
822 1947 903 1979 dreia
924 1959 989 1979 mea
998 1950 1167 1990 attendisset
1180 1972 1191 1987 ‚

316 2002 421 2047 quibus
431 2028 438 2035 .
455 2027 463 2037 .
536 2027 543 2034 .
555 2026 562 2033 .
572 2026 582 2042 ‚
609 2001 690 2042 quod
698 1997 734 2037 es!
745 2010 781 2030 ex
794 2003 913 2040 virgine
924 2021 933 2035 ,
963 1998 998 2031 Θ
1011 1995 1168 2041 significati
1182 2021 1191 2036 ,

314 2056 394 2096 quod
414 2059 446 2085 in
463 2075 598 2084 .......
625 2049 755 2090 conflat,
781 2050 800 2079 ἄ
824 2059 869 2079 me
874 2046 1073 2089 saepssmcmero
1083 2049 1191 2080 identi-

314 2114 365 2138 ras
385 2107 560 2137 enuntiatur
580 2124 591 2140 ,
616 2107 711 2131 omnis
734 2099 797 2137 ejus
820 2098 895 2129 illico
917 2096 1097 2139 ambiguitas
1114 2095 1194 2138 sopi-

314 2163 383 2194 ret,
408 2164 474 2185 cum
494 2149 559 2193 ipsa
581 2149 676 2182 verba
698 2151 852 2180 Dominica
873 2158 942 2179 mox
962 2145 1036 2178 inibi
1061 2144 1191 2190 [iebjee‘la

556 2200 600 2231 ad
617 2197 664 2241 siri
686 2203 854 2229 memoriam
878 2197 912 2228 id
931 2193 995 2236 fieri
1016 2201 1190 2238 imperant,

317 2262 481 2295 numquam
503 2252 540 2282 de
562 2249 753 2288 viciffitudine
772 2245 888 2288 quaestio
897 2254 1081 2278 moveretur.
1108 2248 1190 2289 ‚Quis

317 2309 397 2338 enim
418 2306 504 2335 Vicar
529 2323 658 2332 .......
682 2295 918 2338 repraesentandi
939 2295 1097 2336 qu'uslibet
1106 2296 1187 2330 dubi-

319 2362 368 2387 tat
383 2377 393 2392 ,
419 2352 498 2394 quod
509 2348 600 2393 sup‘er
621 2346 803 2389 repraefentae
820 2369 932 2379 ......
956 2351 1125 2378 memorum
1148 2350 1190 2377 in·

320 2403 440 2436 novat?
466 2403 565 2442 Magis
583 2399 676 2441 plane
697 2402 728 2429 in
751 2394 838 2436 causa
858 2395 909 2438 effe
931 2396 1054 2429 videtur
1074 2418 1085 2434 ,
1110 2396 1193 2436 quiid

316 2210 379 2238 met
402 2224 532 2234 .......

1261 344 1368 389 seneiae
1390 356 1560 384 memoriam
1582 352 1694 394 refert.
1722 355 1804 396 ,ραι
1824 361 1925 387 tamen
1943 353 1991 388 bic
2008 356 2141 400 praej‘en·

1267 403 1312 429 tia
1324 421 1334 437 ,
1349 397 1380 439 fi
1387 400 1473 432 aliud
1480 401 1545 444 effer
1557 427 1567 441 ,
1592 405 1684 445 quaeim
1693 401 1761 445 ipsa
1767 411 1940 445 proprietas
1950 428 1961 445 ‚
1979 417 2036 438 non
2042 409 2140 448 major

1266 447 1331 490 effer
1343 450 1434 490 quaim
1444 454 1551 485 annuli
1575 454 1739 497 conjugalis
1758 461 1850 495 penes
1873 466 1992 488 uxorem
2008 455 2140 498 proesen-

1266 504 1330 529 tia.
1358 500 1409 530 Ad
1415 506 1517 533 uxoris
1529 508 1609 535 enim
1618 509 1789 537 memoriam
1798 506 1925 538 annulus
1943 505 2032 547 fieret
2053 505 2141 549 vicis-

1258 546 1357 589 fitudo
1368 555 1485 582 mariti.
1514 554 1647 586 Alterum
1656 555 1722 597 ergo
1734 578 1745 594 ‚
1764 552 1839 596 ficut
1859 553 2003 598 ruofi-endo
2020 556 2058 588 de
2077 561 2140 589 vir·

1261 602 1334 640 gine
1345 621 1356 637 ‚
1376 602 1523 639 patiendo
1533 608 1565 634 in
1576 614 1657 636 cruce
1670 628 1680 643 ‚
1705 605 1897 646 aliquantula
1912 613 2073 646 temporum
2083 617 2140 638 mo-

1265 659 1301 679 ra
1305 649 1461 689 praeceffit‚
1486 652 1569 684 dedit
1578 652 1683 696 causat
1693 655 1801 692 alteri,
1828 656 1909 697 quod
1927 656 1973 687 ad
1993 657 2076 697 ejus,
2103 665 2139 689 ut

1258 696 1299 739 fic
1325 700 1438 741 dicam,
1465 706 1614 736 vicariam
1637 705 1827 737 identitatem
1846 703 1904 747 sub
1923 706 1986 746 ejus
2006 708 2138 748 exemplo

1261 750 1402 789 praeceffit
1418 775 1425 782 .
1452 752 1793 795 Indea‘mepotiffimum
1814 755 1890 787 illud
1905 761 2039 796 primum
2059 761 2138 791 veri·

1265 806 1314 830 tas
1325 800 1496 840 appellatur
1509 826 1520 841 ‚
1545 804 1582 835 de
1597 815 1652 846 quo
1672 803 1746 844 ista,
1773 815 1838 846 quae
1858 810 1975 848 agimus
1988 829 1999 846 ‚
2025 805 2138 839 tralla-

1266 847 1338 881 bilia
1350 848 1431 883 nobis
1442 853 1462 883 5
1464 863 1637 886 aeramenta
1649 864 1814 887 manarunt
1822 879 1832 895 ,
1860 861 1930 896 quia
1942 855 2138 897 qualemcum-

1263 909 1319 939 que
1328 905 1450 941 recipiat
1463 908 1622 937 veritatem
1633 905 1725 942 illud,
1750 907 1855 947 quoda
1876 911 1972 945 primo
1989 904 2046 948 sub
2062 905 2137 949 figu-

1263 960 1300 980 ra
1323 950 1485 984 dimittitur
1499 976 1511 991 ‚
1534 960 1786 994 primumtaemen
1802 955 2009 997 principaliter
2031 966 2136 989 verum

1263 997 1321 1038 est,
1350 1001 1428 1041 quod
1445 1000 1562 1043 causam
1579 1003 1784 1046 subministrat
1803 1005 1867 1044 ilii,
1894 1006 1975 1047 quod
1996 1005 2034 1038 ab
2043 1016 2075 1038 eo
2084 1006 2138 1038 de·

1262 1055 1398 1082 rivatum
1410 1051 1466 1090 est.
1495 1052 1576 1084 illud
1594 1059 1672 1086 enim
1688 1055 1789 1094 procul
1806 1055 1893 1087 dubio
1912 1059 2026 1088 veritas
2049 1062 2137 1097 prin·

1263 1101 1370 1141 cipalis
1406 1102 1440 1134 (5
1458 1099 1496 1141 est
1520 1103 1555 1136 <li
1581 1104 1640 1136 dici
1661 1103 1752 1145 potest
1771 1127 1782 1143 ,
1812 1109 1849 1136 in
1874 1115 1928 1146 quo
1953 1105 2030 1138 nibil
2051 1105 2139 1138 aliud

1264 1150 1479 1190 adumbratur,
1504 1153 1595 1193 quam
1616 1159 1684 1194 capi
1705 1159 1879 1187 intuentium
1901 1163 1990 1196 atque
2002 1155 2136 1189 tracian-

1264 1205 1337 1232 iium
1357 1209 1421 1232 tam
1436 1199 1565 1243 senfibus
1584 1206 1676 1245 qua‘rn
1696 1203 1891 1237 intelleHibus
1913 1205 1997 1238 valet
2009 1229 2017 1237 .
2041 1209 2081 1237 ln
2091 1206 2136 1237 al-

1264 1260 1324 1282 tero
1347 1260 1468 1291 autem,
1493 1251 1548 1292 etfi
1561 1258 1656 1286 omnis
1677 1252 1815 1286 habenda
1837 1260 1955 1287 veritas
1966 1254 2026 1294 est,
2048 1260 2138 1296 prin·

1263 1300 1354 1340 cipale
1376 1308 1477 1334 tamen
1496 1312 1555 1334 non
1574 1302 1613 1342 est
1625 1325 1636 1342 ,
1661 1309 1735 1344 quia
1754 1305 1774 1335 ἆ
1792 1305 1951 1346 principali
1976 1304 2136 1344 inflet‘litur

1262 1351 1343 1390 quod
1367 1348 1403 1387 est
1416 1373 1426 1389 ,
1453 1351 1487 1384 θ
1507 1352 1551 1383 ad
1572 1353 1612 1384 id
1635 1359 1809 1394 reciprocari
1822 1353 1878 1394 fibi
1897 1352 2014 1396 semper
2032 1365 2136 1387 conve-

1264 1406 1329 1439 nit,
1355 1401 1438 1441 eujus
1458 1398 1572 1442 species
1593 1412 1629 1434 ac
1649 1404 1777 1443 relatum
1799 1402 1837 1443 est
1851 1427 1858 1435 .
1880 1402 1923 1437 Et
1950 1404 2056 1437 firmat
2070 1403 2136 1436 haec

1262 1459 1358 1492 atque
1378 1451 1517 1493 exponit
1527 1453 1684 1494 exemplo
1695 1451 1800 1486 Patris
1814 1476 1824 1491 ,
1849 1453 1884 1486 &
1897 1452 1972 1486 Filii
1987 1477 1998 1493 ,
2023 1453 2056 1487 δι
2067 1453 2136 1495 Spi-

1261 1501 1340 1533 ritus
1360 1500 1466 1534 San&
1479 1525 1490 1539 ,
1515 1499 1661 1545 equibus
1671 1501 1758 1535 solus
1769 1501 1864 1535 Pater
1877 1502 1912 1535 in
1938 1503 2033 1537 sacris
2053 1503 2136 1537 litte-

1262 1550 1303 1583 ris
1329 1549 1478 1584 titulatur
1500 1551 1638 1594 Spiritus
1658 1551 1871 1595 Principalis:
1898 1557 1972 1585 Non
1994 1554 2075 1595 quid
2087 1550 2135 1594 se·

1258 1600 1387 1632 eundum
1411 1600 1562 1643 effenttam
1583 1602 1662 1634 Filio
1685 1602 1720 1635 &¹
1738 1603 1859 1643 Spiritui
1869 1602 2136 1644 sanHoprincipa-

1258 1658 1330 1689 tur',
1351 1647 1410 1692 sed
1417 1652 1500 1692 quod
1511 1651 1766 1693 Pilatuspiritus
1785 1651 1887 1685 Sanc‘li
1906 1658 1983 1695 origo
2009 1651 2048 1685 ab
2070 1649 2134 1694 ipso

1256 1700 1429 1732 deducitur.
1460 1700 1550 1734 Rosa·
1576 1701 1610 1734 δι
1635 1701 1700 1735 rasa
1723 1701 1869 1744 Epistola
1895 1703 1988 1746 cogit
2008 1712 2069 1736 nos
2090 1700 2132 1736 ad
2174 1735 2177 1741 ,

1255 1750 1469 1793 conjeeiuras.
1495 1749 1673 1784 Guibertus
1682 1751 1833 1785 distinxit
1842 1751 1966 1795 duplex
1987 1751 2132 1786 Domini

1256 1810 1389 1843 corpus:
1417 1799 1622 1842 Principale,
1649 1800 1932 1843 &mysticumseu
1957 1800 2131 1835 vicarium.

1261 1849 1444 1893 Principale
1464 1849 1552 1883 dixit
1567 1859 1686 1884 ‘natum
1713 1851 1754 1884 de
1779 1851 2074 1896 Virgine‚.fixum
2094 1851 2131 1888 iu

1255 1910 1367 1938 cruce,
1392 1900 1426 1933 δε
1438 1899 1687 1934 modoin‘coelis
1696 1899 1894 1945 gloriosum;
1921 1901 2079 1936 vicarium
2092 1911 2132 1935 ac

1256 1949 1429 1992 mysticum
1454 1949 1516 1983 effe
1538 1948 1706 1984 nobiscum
1724 1950 1758 1985 in
1782 1948 2002 1985 Eucharistia.
2033 1949 2131 1985 Dixit

1256 2000 1413 2034 vinacium
1426 2024 1438 2040 ,
1462 2000 1539 2043 quia
1557 2011 1611 2045 per
1629 2000 1734 2044 ipsum
1755 1999 1818 2043 jam
1837 2001 1942 2044 specie
1964 2000 2131 2045 gerimus,

1256 2049 1343 2092 quod
1355 2050 1414 2084 suo
1426 2059 1574 2091 tempore
1599 2061 1655 2092 per
1678 2050 1852 2093 principale
1870 2061 1977 2085 rerum
1995 2050 2131 2084 veritate

1255 2100 1417 2143 capiemus
1429 2123 1436 2129 .
1461 2098 1555 2131 Hinc
1565 2099 1651 2133 dixit
1663 2099 1697 2134 ἀ
1706 2099 1883 2142 mysticum
1896 2113 1904 2133 ι
1924 2099 2026 2145 Qud
2039 2109 2130 2133 nem·

1256 2148 1296 2191 pe
1316 2149 1354 2184 sit
1376 2147 1572 2191 Principalis
1589 2147 1780 2193 mysterium
1798 2173 1811 2192 ,
1850 2150 1997 2195 imago,
2029 2158 2129 2194 atque

1253 2202 1375 2243 figura,
1681 2219 1684 2223 ·
1706 2217 1711 2231 }
1845 2227 1849 2229 t
1901 2228 1902 2231 ,

1307 2249 1494 2283 Sueffionen
1500 2250 1531 2282 se
1544 2249 1651 2283 Sancti
1665 2248 1816 2282 Medardi
1824 2249 2062 2285 Monasserium
2072 2247 2137 2284 ad-.

1255 2299 1375 2332 serebat
1394 2298 1451 2331 fibi
1463 2299 1526 2331 effe
1537 2297 1660 2332 Christi
1682 2299 1824 2333 Domini
1847 2299 2002 2339 dentem,
2028 2307 2127 2342 atque

1254 2349 1298 2382 ita
1314 2348 1361 2380 illi
1385 2347 1504 2388 fiebat,
1531 2346 1619 2391 quod
1644 2348 1763 2391 Joanni
1784 2348 2025 2391 Hierosolymae
2050 2347 2127 2391 Epi-

1253 2399 1352 2440 scopo
1362 2397 1501 2431 eveniffe
1511 2396 1620 2431 scribit
1632 2398 1765 2432 Sanetus
1776 2398 2003 2440 Hieronymus
2014 2411 2025 2431 .-
2046 2399 2128 2430 Sum

319 2456 450 2495 spiritus
470 2450 598 2482 santius
623 2448 746 2491 Pignus
766 2448 895 2486 dicitur,
922 2446 1006 2487 qubd
1020 2445 1104 2487 filius
1127 2443 1208 2487 ipse!
1250 2447 1356 2490 ptibus
1379 2447 1515 2480 abundas
1540 2471 1552 2488 ‚
1588 2449 1622 2481 <55
1647 2454 1738 2481 totius
1763 2449 1868 2481 mundi
1894 2448 1993 2491 religio
2012 2448 2128 2481 tucrum

319 2501 480 2546 Splendor
501 2500 635 2544 gloriae,
661 2498 780 2540 Figura
805 2494 986 2528 substantia:
1003 2519 1015 2536 ‚
1052 2496 1087 2528 t&
1112 2497 1190 2527 alitis

320 2553 437 2595 Imago
459 2551 523 2584 Dei
546 2549 715 2591 appellatur
736 2571 742 2578 .
784 2549 828 2578 Ee
848 2545 924 2578 certi?
946 2548 1095 2577 Vicarium
1121 2544 1196 2586 quid

321 2601 429 2644 obfistat
442 2604 562 2638 vocari,
589 2610 645 2631 non
655 2597 761 2630 video.
794 2592 1003 2638 Quod&ipfi³
1013 2596 1194 2627 cotidianum

322 2652 454 2694 appellat
465 2674 472 2681 .
503 2653 541 2682 Ac
544 2647 573 2692 fi
575 2647 739 2692 suggereret
744 2645 783 2688 sic
792 2657 822 2678 eo
833 2652 864 2677 in
873 2643 1019 2686 prasenti
1031 2668 1041 2682 ‚
1068 2645 1137 2678 dum
1152 2646 1192 2676 di-

321 2707 419 2742 citur,
445 2701 558 2740 Hodie,
578 2698 727 2731 utendum
740 2721 749 2734 ,
776 2704 809 2730 ut
825 2696 870 2727 ad
889 2695 968 2727 illud
978 2694 1194 2735 aeternefruen·

324 2752 417 2788 dum,
442 2751 518 2791 quod
538 2748 659 2789 confidet
680 2749 821 2780 Paternae
845 2745 999 2784 dextera,
1025 2755 1078 2776 nos
1090 2745 1197 2782 ducat,

325 2801 418 2843 ,Quod
426 2799 518 2840 plane
522 2797 561 2838 fic
571 2803 602 2829 in
615 2797 667 2829 hoc
685 2796 792 2839 saeculo
804 2794 970 2836 fruendum
992 2795 1141 2835 mandat,
1166 2802 1197 2826 ut

327 2855 360 2884 in
367 2849 484 2892 saeculis
494 2846 663 2889 saeculorum
675 2868 685 2884 ,
709 2856 773 2878 cum
783 2848 827 2878 ad
832 2843 956 2887 speciem
968 2843 1058 2885 hujus
1077 2849 1196 2886 origiriis

324 2903 531 2943 pertigerimus
548 2921 557 2936 ,
584 2895 649 2937 fieri
661 2907 717 2927 non
729 2902 810 2938 egeat
823 2918 832 2933 ‚
855 2892 966 2936 sentire
991 2905 1049 2926 non
1065 2895 1174 2936 poffum
1188 2916 1198 2932 ,

329 2954 401 2992 quin
423 2947 585 2990 opportune
607 2950 683 2979 vicis
704 2943 858 2986 cujusdam
876 2942 1022 2986 speciem,
1047 2941 1110 2987 ipsa
1132 2944 1196 2979 licet

329 2999 495 3032 omnimoda
520 3001 633 3029 veritas
656 3019 666 3034 ‚
687 3002 795 3039 gerat.
822 2994 989 3027 Secundus
1008 2995 1049 3027 de
1070 2992 1193 3027 sandid-

330 3060 401 3083 rum
426 3045 616 3091 pignoribus
638 3044 718 3077 liber
740 3043 834 3076 habet
856 3042 944 3076 hunc
964 3044 1100 3079 titulum
1118 3055 1125 3074 :
1152 3044 1197 3084 De

332 3103 458 3140 Corpore
479 3099 597 3132 DomIni
621 3094 761 3135 bipartito
780 3117 791 3132 ,
812 3093 973 3136 principali
981 3092 1088 3134 scilicet
1098 3103 1132 3124 ac
1143 3105 1195 3131 my·

324 3149 411 3189 stit-0.
439 3146 482 3181 Et
503 3145 584 3180 liber
605 3144 706 3188 ipsum
729 3143 866 3185 exponit
886 3156 896 3177 .·
923 3141 993 3183 Etsi
1005 3141 1127 3185 probari
1145 3151 1195 3185 po-

199 3192 272 3228 C³i²
288 3199 312 3219 ¹·
332 3198 382 3237 test
399 3197 447 3229 hoc
467 3202 499 3229 in
519 3206 599 3229 terra
623 3192 752 3237 resediffe
773 3193 812 3225 de
835 3194 899 3233 ejus
922 3199 1042 3235 proprio
1062 3217 1074 3233 ‚
1110 3197 1203 3225 miror

333 3258 423 3289 quam
446 3246 668 3286 vicfftudinem
689 3245 812 3276 noluerit
834 3242 916 3275 nobis
938 3244 1088 3275 dimittere
1099 3247 1130 3273 in
1139 3253 1193 3275 cor-

330 3294 552 3340 porefigurato.
580 3299 743 3337 Figuram,
769 3297 912 3334 inquam,
939 3293 1018 3334 quod
1030 3291 1071 3333 fic
1090 3291 1194 3324 umbra

328 3344 369 3391 fit
390 3342 544 3386 fi‘cundum
561 3342 685 3386 speciem
699 3367 709 3383 ,
735 3352 768 3376 ut
789 3353 845 3375 non
869 3340 1009 3384 discrepet
1029 3344 1049 3373 a
1070 3346 1194 3375 virtutis

334 3396 460 3439 efficacia
474 3392 632 3437 ficundum
649 3393 862 3437 praecedentem
883 3397 1055 3427 veritatem.
1085 3393 1195 3427 Praee-

1253 2506 1336 2531 tuum
1357 2496 1417 2536 est.
1442 2497 1568 2530 Omnia
1593 2496 1660 2531 hec
1683 2497 1779 2532 editis
1802 2498 1893 2532 libris
1915 2496 2042 2532 strenue
2067 2496 2129 2531 im-

1257 2546 1423 2595 pugnavit
1438 2546 1617 2581 Guibertus
1631 2571 1642 2587 ,
1667 2547 1772 2582 nullas
1792 2542 1966 2582 Dominici
1979 2547 2127 2591 corporis

1255 2596 1407 2639 reliquias
1428 2597 1488 2631 sub
1510 2596 1596 2631 coelo
1618 2599 1745 2641 reperiri
1766 2597 1943 2635 adfirmans
1959 2622 1971 2638 ,
1995 2608 2039 2631 ex
2064 2595 2126 2630 hac

1257 2643 1365 2691 regula
1383 2661 1394 2680 .·
1421 2647 1513 2690 ,Quod
1531 2647 1658 2680 Verbum
1675 2646 1767 2690 semel
1773 2646 1952 2690 adsumpfie,
1975 2657 2127 2688 nunquam

2147 2376 2233 2414 Epist.
2250 2381 2301 2409 61.

2143 2427 2168 2448 c.
2195 2429 2226 2455 4.

1258 2696 1362 2738 dimifit
1386 2722 1391 2728 .
1428 2697 1575 2730 Omnem
1593 2698 1737 2740 corporis
1756 2706 1878 2739 partem
1898 2719 1909 2736 ,
1947 2697 2048 2730 etiam
2069 2696 2129 2730 cir—
2193 2730 2208 2744 ,

1257 2746 1434 2780 cumcisum
1458 2745 1655 2790 Ptaeputium
1669 2772 1679 2788 ,
1705 2746 1789 2780 dixit
1807 2747 1966 2789 resumpta
1987 2746 2005 2780 ὲ
2031 2747 2128 2783 resur-

1258 2806 1353 2841 gente
1375 2797 1527 2830 Domino
1549 2819 1559 2835 ‚
1583 2797 1617 2830 &
1637 2796 1742 2830 delata
1765 2797 1799 2829 in
1825 2796 1943 2830 coelum
1963 2820 1972 2829 .
2007 2795 2127 2838 Hujus-

1259 2847 1348 2880 modi
1372 2846 1510 2880 lucrosas
1533 2846 1700 2888 Reliquias
1721 2846 1933 2891 impugnare,
1958 2845 2126 2879 &sordidis

1259 2897 1392 2929 Clericis
1413 2907 1451 2929 ac
1472 2893 1648 2930 Monachis
1667 2896 1811 2929 censetur
1843 2894 2126 2938 atrociffimainju-

1258 2948 1322 2986 ria,
1349 2947 1488 2990 ideoque
1508 2947 1542 2980 δε
1564 2945 1792 2981 Medardenses
1810 2945 1922 2980 fratres
1942 2945 2030 2979 Patri
2043 2946 2126 2980 Gui-

1260 2994 1348 3029 berto
1371 2996 1580 3030 reddiderunt
1598 2995 1755 3029 talionem
1778 3018 1789 3034 ,
1816 2994 1998 3029 adserentes
2018 2994 2125 3038 ipsum

1260 3057 1332 3079 rum
1359 3046 1555 3090 Berengario
1579 3055 1723 3089 pugnare
1746 3045 1780 3077 in
1803 3045 2033 3079 sacrosanctam
2060 3044 2125 3078 Eu-

1259 3094 1441 3129 charistiam
1454 3119 1464 3136 ,
1490 3094 1603 3138 utpote
1625 3095 1682 3138 qui
1702 3093 1822 3128 diceret
1843 3094 1879 3128 in
1892 3095 1956 3138 ipsa
1968 3106 2034 3128 nou
2047 3105 2124 3129 con-

1259 3146 1354 3179 tineri
1377 3147 1480 3189 ipsum
1503 3145 1680 3188 principale
1699 3144 1740 3178 de
1761 3144 1904 3189 Virgine
1916 3153 2028 3178 natum
2040 3144 2136 3178 acin.

1258 3207 1351 3230 cruce
1374 3197 1494 3238 passum
1517 3205 1633 3237 corpus
1654 3195 1820 3234 Domini,
1848 3194 1898 3228 sed
1914 3194 2012 3228 illam
2034 3193 2127 3227 dum·

1258 3256 1342 3279 taxat
1365 3246 1427 3279 effe
1452 3244 1517 3287 ejus
1544 3243 1700 3277 vicarium
1731 3254 1848 3287 corpus
1865 3267 1876 3283 ‚
1918 3244 2134 3286 mysterium,

1259 3296 1451 3340 imaginem,
1479 3294 1616 3337 figuram
1631 3318 1638 3325 .
1661 3293 1785 3327 Verum
1797 3293 1974 3328 Guibertus
1985 3293 2128 3336 reposuit

1258 3345 1433 3389 imaginem
1443 3355 1479 3376 ac
1491 3344 1627 3388 figuram
1639 3345 1702 3378 effe
1711 3342 1872 3386 duplicem
1886 3356 1893 3376 z
1921 3341 2030 3375 Aliam
2041 3353 2129 3376 eam·

1257 3394 1330 3429 dem
1351 3405 1425 3429 cum
1447 3394 1652 3438 significato,
1678 3394 1775 3428 aliam
1798 3392 1840 3427 ab
1861 3392 1931 3436 ipso
1950 3391 2128 3475 divpzrsam.

2038 3451 2082 3475 te-
