<?xml version="1.0" encoding="UTF-8"?>
<!DOCTYPE html PUBLIC "-//W3C//DTD XHTML 1.0 Transitional//EN"
    "http://www.w3.org/TR/xhtml1/DTD/xhtml1-transitional.dtd">
<html xmlns="http://www.w3.org/1999/xhtml" xml:lang="en" lang="en">
 <head>
  <title>
</title>
<meta http-equiv="Content-Type" content="text/html;charset=utf-8" />
  <meta name='ocr-system' content='tesseract 3.04.00' />
  <meta name='ocr-capabilities' content='ocr_page ocr_carea ocr_par ocr_line ocrx_word'/>
</head>
<body>
  <div class='ocr_page' id='page_1' title='image "./operaomniastudio06lupuuoft/operaomniastudio06lupuuoft_0277.png"; bbox 0 0 2352 3756; ppageno 0'>
   <div class='ocr_carea' id='block_1_1' title="bbox 546 75 1685 124">
    <p class='ocr_par' dir='ltr' id='par_1_1' title="bbox 546 75 1685 124">
     <span class='ocr_line' id='line_1_1' title="bbox 546 75 1685 124; baseline 0.002 -1"><span class='ocrx_word' id='word_1_1' title='bbox 546 93 618 123; x_wconf 70' lang='lat' dir='ltr'>nc</span> <span class='ocrx_word' id='word_1_2' title='bbox 668 89 1192 122; x_wconf 69' lang='lat' dir='ltr'>sarlsrncrrouum</span> <span class='ocrx_word' id='word_1_3' title='bbox 1227 75 1685 124; x_wconf 80' lang='lat' dir='ltr'><strong>INDULGENTIIS.</strong></span> 
     </span>
    </p>
   </div>
   <div class='ocr_carea' id='block_1_2' title="bbox 273 160 1152 308">
    <p class='ocr_par' dir='ltr' id='par_1_2' title="bbox 273 160 1152 308">
     <span class='ocr_line' id='line_1_2' title="bbox 275 160 1152 211; baseline -0.008 -9"><span class='ocrx_word' id='word_1_4' title='bbox 275 169 341 204; x_wconf 68' lang='lat' dir='ltr'>sirm</span> <span class='ocrx_word' id='word_1_5' title='bbox 353 167 487 202; x_wconf 77' lang='lat' dir='ltr'>deviare.</span> <span class='ocrx_word' id='word_1_6' title='bbox 514 166 632 210; x_wconf 87' lang='lat' dir='ltr'>Neque</span> <span class='ocrx_word' id='word_1_7' title='bbox 644 166 735 211; x_wconf 78' lang='lat' dir='ltr'>enim</span> <span class='ocrx_word' id='word_1_8' title='bbox 748 164 803 198; x_wconf 91' lang='lat' dir='ltr'>hic</span> <span class='ocrx_word' id='word_1_9' title='bbox 813 162 983 198; x_wconf 70' lang='lat' dir='ltr'>adversum</span> <span class='ocrx_word' id='word_1_10' title='bbox 994 160 1152 201; x_wconf 69' lang='lat' dir='ltr'>moechos,</span> 
     </span>
     <span class='ocr_line' id='line_1_3' title="bbox 273 212 1151 263; baseline -0.008 -11"><span class='ocrx_word' id='word_1_11' title='bbox 273 222 331 263; x_wconf 85' lang='lat' dir='ltr'>qui</span> <span class='ocrx_word' id='word_1_12' title='bbox 354 219 387 251; x_wconf 94' lang='lat' dir='ltr'>in</span> <span class='ocrx_word' id='word_1_13' title='bbox 401 217 540 252; x_wconf 84' lang='lat' dir='ltr'>metallis</span> <span class='ocrx_word' id='word_1_14' title='bbox 561 215 714 259; x_wconf 81' lang='lat' dir='ltr'>Martyrii</span> <span class='ocrx_word' id='word_1_15' title='bbox 738 214 971 249; x_wconf 86' lang='lat' dir='ltr'>histrionatum</span> <span class='ocrx_word' id='word_1_16' title='bbox 991 212 1131 257; x_wconf 85' lang='lat' dir='ltr'>agebant</span> <span class='ocrx_word' id='word_1_17' title='bbox 1140 235 1151 252; x_wconf 92' lang='lat'>‚</span> 
     </span>
     <span class='ocr_line' id='line_1_4' title="bbox 273 262 1151 308; baseline -0.01 -4"><span class='ocrx_word' id='word_1_18' title='bbox 273 270 327 304; x_wconf 86' lang='lat' dir='ltr'>sed</span> <span class='ocrx_word' id='word_1_19' title='bbox 340 267 508 303; x_wconf 75' lang='lat' dir='ltr'>adversum</span> <span class='ocrx_word' id='word_1_20' title='bbox 529 267 604 301; x_wconf 84' lang='lat' dir='ltr'>illos</span> <span class='ocrx_word' id='word_1_21' title='bbox 617 265 725 300; x_wconf 78' lang='lat' dir='ltr'>scribit</span> <span class='ocrx_word' id='word_1_22' title='bbox 737 264 913 308; x_wconf 78' lang='lat' dir='ltr'>Septimius</span> <span class='ocrx_word' id='word_1_23' title='bbox 926 288 939 304; x_wconf 97' lang='lat'>,</span> <span class='ocrx_word' id='word_1_24' title='bbox 964 264 1020 306; x_wconf 85' lang='lat' dir='ltr'>qui</span> <span class='ocrx_word' id='word_1_25' title='bbox 1031 262 1050 295; x_wconf 72' lang='grc' dir='ltr'>ὲ</span> <span class='ocrx_word' id='word_1_26' title='bbox 1064 262 1151 296; x_wconf 87' lang='lat' dir='ltr'>dam-</span> 
     </span>
    </p>
   </div>
   <div class='ocr_carea' id='block_1_3' title="bbox 249 312 1151 358">
    <p class='ocr_par' dir='ltr' id='par_1_3' title="bbox 249 312 1151 358">
     <span class='ocr_line' id='line_1_5' title="bbox 249 312 1151 358; baseline -0.01 -4"><span class='ocrx_word' id='word_1_27' title='bbox 249 338 253 345; x_wconf 80' lang='lat'><em>,</em></span> <span class='ocrx_word' id='word_1_28' title='bbox 271 319 360 354; x_wconf 84' lang='lat' dir='ltr'>natis</span> <span class='ocrx_word' id='word_1_29' title='bbox 381 319 421 353; x_wconf 90' lang='lat' dir='ltr'>ad</span> <span class='ocrx_word' id='word_1_30' title='bbox 442 317 572 352; x_wconf 87' lang='lat' dir='ltr'>metalla</span> <span class='ocrx_word' id='word_1_31' title='bbox 582 315 831 351; x_wconf 80' lang='lat' dir='ltr'>Confessoribus</span> <span class='ocrx_word' id='word_1_32' title='bbox 842 315 929 358; x_wconf 87' lang='lat' dir='ltr'>pacis</span> <span class='ocrx_word' id='word_1_33' title='bbox 950 312 1073 347; x_wconf 85' lang='lat' dir='ltr'>litteras</span> <span class='ocrx_word' id='word_1_34' title='bbox 1092 312 1151 345; x_wconf 91' lang='lat' dir='ltr'>im-</span> 
     </span>
    </p>
   </div>
   <div class='ocr_carea' id='block_1_4' title="bbox 147 1274 249 1312">
    <p class='ocr_par' dir='ltr' id='par_1_4' title="bbox 147 1274 249 1312">
     <span class='ocr_line' id='line_1_6' title="bbox 147 1274 249 1312; baseline -0.039 -8"><span class='ocrx_word' id='word_1_35' title='bbox 147 1274 249 1312; x_wconf 81' lang='lat' dir='ltr'>Ep.67.</span> 
     </span>
    </p>
   </div>
   <div class='ocr_carea' id='block_1_5' title="bbox 141 2364 244 2402">
    <p class='ocr_par' dir='ltr' id='par_1_5' title="bbox 141 2364 244 2402">
     <span class='ocr_line' id='line_1_7' title="bbox 141 2364 244 2402; baseline -0.01 -9"><span class='ocrx_word' id='word_1_36' title='bbox 141 2364 244 2402; x_wconf 79' lang='lat' dir='ltr'>Ep.62·</span> 
     </span>
    </p>
   </div>
   <div class='ocr_carea' id='block_1_6' title="bbox 258 361 1152 1901">
    <p class='ocr_par' dir='ltr' id='par_1_6' title="bbox 258 361 1152 1901">
     <span class='ocr_line' id='line_1_8' title="bbox 271 361 1151 417; baseline -0.009 -14"><span class='ocrx_word' id='word_1_37' title='bbox 271 367 458 413; x_wconf 85' lang='lat' dir='ltr'>petrabant.</span> <span class='ocrx_word' id='word_1_38' title='bbox 485 364 806 417; x_wconf 71' lang='lat' dir='ltr'>Qpropterlonge</span> <span class='ocrx_word' id='word_1_39' title='bbox 815 362 932 399; x_wconf 88' lang='lat' dir='ltr'>melior</span> <span class='ocrx_word' id='word_1_40' title='bbox 951 362 999 397; x_wconf 89' lang='lat' dir='ltr'>est</span> <span class='ocrx_word' id='word_1_41' title='bbox 1019 361 1151 397; x_wconf 88' lang='lat' dir='ltr'>Gabrie-</span> 
     </span>
     <span class='ocr_line' id='line_1_9' title="bbox 273 412 1150 461; baseline -0.01 -8"><span class='ocrx_word' id='word_1_42' title='bbox 273 420 315 453; x_wconf 88' lang='lat' dir='ltr'>lis</span> <span class='ocrx_word' id='word_1_43' title='bbox 338 417 535 461; x_wconf 85' lang='lat' dir='ltr'>Albaspinaei</span> <span class='ocrx_word' id='word_1_44' title='bbox 560 415 814 451; x_wconf 88' lang='lat' dir='ltr'>commentarius</span> <span class='ocrx_word' id='word_1_45' title='bbox 834 428 846 448; x_wconf 87' lang='grc'>.-</span> <span class='ocrx_word' id='word_1_46' title='bbox 873 413 932 446; x_wconf 70' lang='lat' dir='ltr'>Alii</span> <span class='ocrx_word' id='word_1_47' title='bbox 952 412 1150 454; x_wconf 83' lang='lat' dir='ltr'>fornicatores</span> 
     </span>
     <span class='ocr_line' id='line_1_10' title="bbox 272 463 1151 509; baseline -0.009 -7"><span class='ocrx_word' id='word_1_48' title='bbox 272 471 320 502; x_wconf 82' lang='lat' dir='ltr'>ad</span> <span class='ocrx_word' id='word_1_49' title='bbox 337 473 482 506; x_wconf 65' lang='lat' dir='ltr'>Martyres</span> <span class='ocrx_word' id='word_1_50' title='bbox 495 491 506 507; x_wconf 95' lang='lat'>,</span> <span class='ocrx_word' id='word_1_51' title='bbox 533 473 582 509; x_wconf 82' lang='lat' dir='ltr'>qui</span> <span class='ocrx_word' id='word_1_52' title='bbox 603 468 647 499; x_wconf 80' lang='lat' dir='ltr'>ad</span> <span class='ocrx_word' id='word_1_53' title='bbox 663 466 786 499; x_wconf 83' lang='lat' dir='ltr'>metalla</span> <span class='ocrx_word' id='word_1_54' title='bbox 797 465 939 497; x_wconf 84' lang='lat' dir='ltr'>damnati</span> <span class='ocrx_word' id='word_1_55' title='bbox 953 463 1039 506; x_wconf 80' lang='lat' dir='ltr'>effent</span> <span class='ocrx_word' id='word_1_56' title='bbox 1051 487 1062 503; x_wconf 91' lang='lat'>‚</span> <span class='ocrx_word' id='word_1_57' title='bbox 1088 473 1151 495; x_wconf 82' lang='lat' dir='ltr'>con-</span> 
     </span>
     <span class='ocr_line' id='line_1_11' title="bbox 265 515 1152 561; baseline -0.007 -10"><span class='ocrx_word' id='word_1_58' title='bbox 265 519 393 561; x_wconf 80' lang='lat' dir='ltr'>fugiunt</span> <span class='ocrx_word' id='word_1_59' title='bbox 415 543 422 550; x_wconf 91' lang='lat'><strong>.</strong></span> <span class='ocrx_word' id='word_1_60' title='bbox 450 520 495 550; x_wconf 87' lang='lat' dir='ltr'>Et</span> <span class='ocrx_word' id='word_1_61' title='bbox 515 519 585 551; x_wconf 74' lang='lat' dir='ltr'>inde</span> <span class='ocrx_word' id='word_1_62' title='bbox 604 519 857 549; x_wconf 76' lang='lat' dir='ltr'>communicatores</span> <span class='ocrx_word' id='word_1_63' title='bbox 881 515 1006 547; x_wconf 79' lang='lat' dir='ltr'>redeunt</span> <span class='ocrx_word' id='word_1_64' title='bbox 1029 536 1036 544; x_wconf 92' lang='lat'>.</span> <span class='ocrx_word' id='word_1_65' title='bbox 1074 515 1152 545; x_wconf 86' lang='lat' dir='ltr'><em>Pace</em></span> 
     </span>
     <span class='ocr_line' id='line_1_12' title="bbox 267 564 1149 611; baseline -0.006 -12"><span class='ocrx_word' id='word_1_66' title='bbox 267 567 379 611; x_wconf 67' lang='lat' dir='ltr'>scilicet</span> <span class='ocrx_word' id='word_1_67' title='bbox 403 572 564 610; x_wconf 82' lang='lat' dir='ltr'>impetrata</span> <span class='ocrx_word' id='word_1_68' title='bbox 586 575 639 608; x_wconf 82' lang='lat' dir='ltr'>per</span> <span class='ocrx_word' id='word_1_69' title='bbox 661 568 820 603; x_wconf 68' lang='lat' dir='ltr'>Martyrum</span> <span class='ocrx_word' id='word_1_70' title='bbox 845 564 1124 597; x_wconf 81' lang='lat' dir='ltr'><em>commendationem</em></span> <span class='ocrx_word' id='word_1_71' title='bbox 1137 586 1149 602; x_wconf 90' lang='lat'>,</span> 
     </span>
     <span class='ocr_line' id='line_1_13' title="bbox 270 612 1149 659; baseline -0.007 -9"><span class='ocrx_word' id='word_1_72' title='bbox 270 620 425 650; x_wconf 82' lang='lat' dir='ltr'>sacrorum</span> <span class='ocrx_word' id='word_1_73' title='bbox 446 623 609 659; x_wconf 77' lang='lat' dir='ltr'>participes</span> <span class='ocrx_word' id='word_1_74' title='bbox 634 622 737 648; x_wconf 87' lang='lat' dir='ltr'>erant.</span> <span class='ocrx_word' id='word_1_75' title='bbox 766 613 814 648; x_wconf 85' lang='lat' dir='ltr'>At</span> <span class='ocrx_word' id='word_1_76' title='bbox 835 614 932 647; x_wconf 88' lang='lat' dir='ltr'>verba</span> <span class='ocrx_word' id='word_1_77' title='bbox 958 612 1124 655; x_wconf 85' lang='lat' dir='ltr'>sequentia</span> <span class='ocrx_word' id='word_1_78' title='bbox 1138 625 1149 645; x_wconf 90' lang='lat'>.-</span> 
     </span>
     <span class='ocr_line' id='line_1_14' title="bbox 270 663 1148 710; baseline -0.011 -9"><span class='ocrx_word' id='word_1_79' title='bbox 270 671 377 710; x_wconf 70' lang='lat' dir='ltr'>,Quam</span> <span class='ocrx_word' id='word_1_80' title='bbox 402 667 560 710; x_wconf 81' lang='lat' dir='ltr'>absurdum</span> <span class='ocrx_word' id='word_1_81' title='bbox 579 666 618 707; x_wconf 84' lang='lat' dir='ltr'>fit</span> <span class='ocrx_word' id='word_1_82' title='bbox 638 676 683 699; x_wconf 86' lang='lat' dir='ltr'>eos</span> <span class='ocrx_word' id='word_1_83' title='bbox 704 690 717 707; x_wconf 87' lang='lat'>‚</span> <span class='ocrx_word' id='word_1_84' title='bbox 742 672 797 707; x_wconf 70' lang='lat' dir='ltr'>qut</span> <span class='ocrx_word' id='word_1_85' title='bbox 820 669 853 697; x_wconf 81' lang='lat' dir='ltr'>in</span> <span class='ocrx_word' id='word_1_86' title='bbox 866 663 986 704; x_wconf 78' lang='lat' dir='ltr'>fodinis</span> <span class='ocrx_word' id='word_1_87' title='bbox 1008 668 1148 705; x_wconf 83' lang='lat' dir='ltr'><em>agerent,</em></span> 
     </span>
     <span class='ocr_line' id='line_1_15' title="bbox 264 713 1148 760; baseline -0.01 -9"><span class='ocrx_word' id='word_1_88' title='bbox 264 725 389 760; x_wconf 82' lang='lat' dir='ltr'>peccata</span> <span class='ocrx_word' id='word_1_89' title='bbox 413 718 573 750; x_wconf 84' lang='lat' dir='ltr'>condonare</span> <span class='ocrx_word' id='word_1_90' title='bbox 607 740 618 755; x_wconf 94' lang='lat'>,</span> <span class='ocrx_word' id='word_1_91' title='bbox 645 716 699 749; x_wconf 82' lang='lat' dir='ltr'>vel</span> <span class='ocrx_word' id='word_1_92' title='bbox 717 716 787 749; x_wconf 71' lang='lat' dir='ltr'>inde</span> <span class='ocrx_word' id='word_1_93' title='bbox 801 714 933 756; x_wconf 87' lang='lat' dir='ltr'>probat,</span> <span class='ocrx_word' id='word_1_94' title='bbox 959 713 1041 754; x_wconf 71' lang='lat' dir='ltr'>quod</span> <span class='ocrx_word' id='word_1_95' title='bbox 1065 717 1148 743; x_wconf 84' lang='lat' dir='ltr'>novis</span> 
     </span>
     <span class='ocr_line' id='line_1_16' title="bbox 272 764 1149 810; baseline -0.007 -10"><span class='ocrx_word' id='word_1_96' title='bbox 272 768 404 810; x_wconf 77' lang='lat' dir='ltr'>quotidie</span> <span class='ocrx_word' id='word_1_97' title='bbox 416 772 546 808; x_wconf 84' lang='lat' dir='ltr'>peccatis</span> <span class='ocrx_word' id='word_1_98' title='bbox 559 767 761 808; x_wconf 79' lang='lat' dir='ltr'>delinquerent</span> <span class='ocrx_word' id='word_1_99' title='bbox 783 788 795 804; x_wconf 93' lang='lat'>‚</span> <span class='ocrx_word' id='word_1_100' title='bbox 820 764 855 797; x_wconf 63' lang='grc' dir='ltr'><em>Θ</em></span> <span class='ocrx_word' id='word_1_101' title='bbox 874 767 966 796; x_wconf 79' lang='lat' dir='ltr'>‘venia</span> <span class='ocrx_word' id='word_1_102' title='bbox 987 767 1084 804; x_wconf 85' lang='lat' dir='ltr'>magis</span> <span class='ocrx_word' id='word_1_103' title='bbox 1104 765 1149 794; x_wconf 85' lang='lat' dir='ltr'>in-</span> 
     </span>
     <span class='ocr_line' id='line_1_17' title="bbox 269 811 1148 859; baseline -0.007 -10"><span class='ocrx_word' id='word_1_104' title='bbox 269 819 405 859; x_wconf 69' lang='lat' dir='ltr'>digerent</span> <span class='ocrx_word' id='word_1_105' title='bbox 430 838 442 855; x_wconf 91' lang='lat'>‚</span> <span class='ocrx_word' id='word_1_106' title='bbox 476 816 569 857; x_wconf 68' lang='lat' dir='ltr'>quim</span> <span class='ocrx_word' id='word_1_107' title='bbox 592 821 615 846; x_wconf 76' lang='lat' dir='ltr'>ii</span> <span class='ocrx_word' id='word_1_108' title='bbox 639 838 651 854; x_wconf 93' lang='lat'>,</span> <span class='ocrx_word' id='word_1_109' title='bbox 687 813 794 856; x_wconf 68' lang='lat' dir='ltr'>quibus</span> <span class='ocrx_word' id='word_1_110' title='bbox 835 823 902 845; x_wconf 87' lang='lat' dir='ltr'>eam</span> <span class='ocrx_word' id='word_1_111' title='bbox 937 811 1148 854; x_wconf 74' lang='lat' dir='ltr'><em>indulgebant.</em></span> 
     </span>
     <span class='ocr_line' id='line_1_18' title="bbox 260 861 1147 908; baseline -0.005 -9"><span class='ocrx_word' id='word_1_112' title='bbox 260 866 374 905; x_wconf 49' lang='grc' dir='ltr'>ἸΙ-Ιεεσ,</span> <span class='ocrx_word' id='word_1_113' title='bbox 400 864 555 908; x_wconf 85' lang='lat' dir='ltr'>inquam,</span> <span class='ocrx_word' id='word_1_114' title='bbox 579 861 673 898; x_wconf 87' lang='lat' dir='ltr'>verba</span> <span class='ocrx_word' id='word_1_115' title='bbox 685 863 785 896; x_wconf 87' lang='lat' dir='ltr'>etiam</span> <span class='ocrx_word' id='word_1_116' title='bbox 797 861 952 896; x_wconf 88' lang='lat' dir='ltr'>deviant.</span> <span class='ocrx_word' id='word_1_117' title='bbox 979 861 1069 896; x_wconf 88' lang='lat' dir='ltr'>Nam</span> <span class='ocrx_word' id='word_1_118' title='bbox 1081 873 1147 905; x_wconf 92' lang='lat' dir='ltr'>quo</span> 
     </span>
     <span class='ocr_line' id='line_1_19' title="bbox 269 911 1148 956; baseline -0.006 -7"><span class='ocrx_word' id='word_1_119' title='bbox 269 915 507 955; x_wconf 77' lang='lat' dir='ltr'>fundamento,</span> <span class='ocrx_word' id='word_1_120' title='bbox 534 923 591 948; x_wconf 87' lang='lat' dir='ltr'>aut</span> <span class='ocrx_word' id='word_1_121' title='bbox 608 924 675 956; x_wconf 90' lang='lat' dir='ltr'>quo</span> <span class='ocrx_word' id='word_1_122' title='bbox 685 913 795 946; x_wconf 90' lang='lat' dir='ltr'>colore</span> <span class='ocrx_word' id='word_1_123' title='bbox 818 911 995 955; x_wconf 83' lang='lat' dir='ltr'>Septimius</span> <span class='ocrx_word' id='word_1_124' title='bbox 1016 911 1148 945; x_wconf 88' lang='lat' dir='ltr'>damna·</span> 
     </span>
     <span class='ocr_line' id='line_1_20' title="bbox 270 960 1148 1005; baseline -0.006 -6"><span class='ocrx_word' id='word_1_125' title='bbox 270 976 323 999; x_wconf 79' lang='lat' dir='ltr'>tos</span> <span class='ocrx_word' id='word_1_126' title='bbox 333 965 371 999; x_wconf 88' lang='lat' dir='ltr'>ad</span> <span class='ocrx_word' id='word_1_127' title='bbox 386 963 515 998; x_wconf 65' lang='lat' dir='ltr'>metalla</span> <span class='ocrx_word' id='word_1_128' title='bbox 526 962 783 998; x_wconf 81' lang='lat' dir='ltr'>Confefforesde</span> <span class='ocrx_word' id='word_1_129' title='bbox 798 962 895 996; x_wconf 88' lang='lat' dir='ltr'>novis</span> <span class='ocrx_word' id='word_1_130' title='bbox 907 960 1057 1005; x_wconf 74' lang='lat' dir='ltr'>quotidie</span> <span class='ocrx_word' id='word_1_131' title='bbox 1070 960 1148 995; x_wconf 87' lang='lat' dir='ltr'>deli-</span> 
     </span>
     <span class='ocr_line' id='line_1_21' title="bbox 268 1010 1147 1049; baseline -0.005 -1"><span class='ocrx_word' id='word_1_132' title='bbox 268 1017 328 1048; x_wconf 71' lang='lat' dir='ltr'>c&#39;kis</span> <span class='ocrx_word' id='word_1_133' title='bbox 339 1010 621 1049; x_wconf 81' lang='lat' dir='ltr'>calumniaretur?</span> <span class='ocrx_word' id='word_1_134' title='bbox 646 1012 879 1046; x_wconf 79' lang='lat' dir='ltr'>confessorum</span> <span class='ocrx_word' id='word_1_135' title='bbox 894 1012 928 1045; x_wconf 91' lang='lat' dir='ltr'>in</span> <span class='ocrx_word' id='word_1_136' title='bbox 942 1011 1081 1045; x_wconf 86' lang='lat' dir='ltr'>metallis</span> <span class='ocrx_word' id='word_1_137' title='bbox 1104 1012 1147 1044; x_wconf 92' lang='lat' dir='ltr'>vi-</span> 
     </span>
     <span class='ocr_line' id='line_1_22' title="bbox 268 1061 1148 1104; baseline -0.006 -6"><span class='ocrx_word' id='word_1_138' title='bbox 268 1076 336 1098; x_wconf 85' lang='lat' dir='ltr'>tam</span> <span class='ocrx_word' id='word_1_139' title='bbox 347 1064 498 1099; x_wconf 85' lang='lat' dir='ltr'>describit</span> <span class='ocrx_word' id='word_1_140' title='bbox 511 1065 545 1098; x_wconf 90' lang='lat' dir='ltr'>in</span> <span class='ocrx_word' id='word_1_141' title='bbox 562 1063 676 1097; x_wconf 87' lang='lat' dir='ltr'>litteris</span> <span class='ocrx_word' id='word_1_142' title='bbox 687 1062 726 1096; x_wconf 89' lang='lat' dir='ltr'>ad</span> <span class='ocrx_word' id='word_1_143' title='bbox 738 1061 969 1095; x_wconf 88' lang='lat' dir='ltr'>Nemesianum</span> <span class='ocrx_word' id='word_1_144' title='bbox 981 1086 992 1101; x_wconf 94' lang='lat'>‚</span> <span class='ocrx_word' id='word_1_145' title='bbox 1005 1062 1148 1104; x_wconf 82' lang='lat' dir='ltr'>aliosque</span> 
     </span>
     <span class='ocr_line' id='line_1_23' title="bbox 267 1111 1146 1155; baseline -0.005 -7"><span class='ocrx_word' id='word_1_146' title='bbox 267 1115 303 1148; x_wconf 87' lang='lat' dir='ltr'>in</span> <span class='ocrx_word' id='word_1_147' title='bbox 316 1114 455 1148; x_wconf 84' lang='lat' dir='ltr'>metallis</span> <span class='ocrx_word' id='word_1_148' title='bbox 477 1114 648 1149; x_wconf 89' lang='lat' dir='ltr'>damnatos</span> <span class='ocrx_word' id='word_1_149' title='bbox 661 1112 840 1155; x_wconf 88' lang='lat' dir='ltr'>Episcopos</span> <span class='ocrx_word' id='word_1_150' title='bbox 851 1112 985 1144; x_wconf 71' lang='lat' dir='ltr'>Sanctus</span> <span class='ocrx_word' id='word_1_151' title='bbox 1007 1111 1146 1153; x_wconf 92' lang='lat' dir='ltr'>Cypria-</span> 
     </span>
     <span class='ocr_line' id='line_1_24' title="bbox 267 1161 1150 1208; baseline -0.006 -11"><span class='ocrx_word' id='word_1_152' title='bbox 267 1175 348 1198; x_wconf 79' lang='lat' dir='ltr'>nus:</span> <span class='ocrx_word' id='word_1_153' title='bbox 378 1167 536 1208; x_wconf 80' lang='lat' dir='ltr'>,Quantum</span> <span class='ocrx_word' id='word_1_154' title='bbox 561 1165 629 1198; x_wconf 82' lang='lat' dir='ltr'>vult</span> <span class='ocrx_word' id='word_1_155' title='bbox 641 1162 688 1194; x_wconf 77' lang='lat' dir='ltr'>hic</span> <span class='ocrx_word' id='word_1_156' title='bbox 713 1164 763 1194; x_wconf 79' lang='lat' dir='ltr'>vel</span> <span class='ocrx_word' id='word_1_157' title='bbox 772 1162 883 1194; x_wconf 78' lang='lat' dir='ltr'>invida</span> <span class='ocrx_word' id='word_1_158' title='bbox 914 1161 1072 1193; x_wconf 84' lang='lat' dir='ltr'>crudelitas</span> <span class='ocrx_word' id='word_1_159' title='bbox 1098 1162 1150 1193; x_wconf 85' lang='lat' dir='ltr'>vel</span> 
     </span>
     <span class='ocr_line' id='line_1_25' title="bbox 265 1210 1148 1257; baseline -0.007 -10"><span class='ocrx_word' id='word_1_160' title='bbox 265 1216 420 1257; x_wconf 73' lang='lat' dir='ltr'>maligna,</span> <span class='ocrx_word' id='word_1_161' title='bbox 448 1214 570 1248; x_wconf 76' lang='lat' dir='ltr'>nexibus</span> <span class='ocrx_word' id='word_1_162' title='bbox 583 1225 636 1246; x_wconf 84' lang='lat' dir='ltr'>vos</span> <span class='ocrx_word' id='word_1_163' title='bbox 644 1210 708 1254; x_wconf 84' lang='lat' dir='ltr'>suis</span> <span class='ocrx_word' id='word_1_164' title='bbox 735 1212 769 1245; x_wconf 65' lang='grc' dir='ltr'>Θ·</span> <span class='ocrx_word' id='word_1_165' title='bbox 791 1212 921 1244; x_wconf 77' lang='lat' dir='ltr'>vinculis</span> <span class='ocrx_word' id='word_1_166' title='bbox 942 1218 1039 1243; x_wconf 80' lang='lat' dir='ltr'>teneat</span> <span class='ocrx_word' id='word_1_167' title='bbox 1054 1234 1065 1249; x_wconf 92' lang='lat'>,</span> <span class='ocrx_word' id='word_1_168' title='bbox 1092 1216 1148 1242; x_wconf 90' lang='lat' dir='ltr'>cito</span> 
     </span>
     <span class='ocr_line' id='line_1_26' title="bbox 266 1262 1141 1306; baseline -0.005 -10"><span class='ocrx_word' id='word_1_169' title='bbox 266 1265 287 1296; x_wconf 78' lang='grc' dir='ltr'><em>ἃ</em></span> <span class='ocrx_word' id='word_1_170' title='bbox 307 1269 396 1298; x_wconf 73' lang='lat' dir='ltr'>terri:</span> <span class='ocrx_word' id='word_1_171' title='bbox 424 1266 459 1298; x_wconf 65' lang='grc' dir='ltr'>ὠ·</span> <span class='ocrx_word' id='word_1_172' title='bbox 474 1269 571 1306; x_wconf 86' lang='lat' dir='ltr'>poenis</span> <span class='ocrx_word' id='word_1_173' title='bbox 594 1263 654 1303; x_wconf 81' lang='lat' dir='ltr'>istis</span> <span class='ocrx_word' id='word_1_174' title='bbox 672 1263 717 1293; x_wconf 89' lang='lat' dir='ltr'>ad</span> <span class='ocrx_word' id='word_1_175' title='bbox 726 1262 859 1294; x_wconf 80' lang='lat' dir='ltr'>coelorum</span> <span class='ocrx_word' id='word_1_176' title='bbox 880 1264 984 1303; x_wconf 83' lang='lat' dir='ltr'>Regna</span> <span class='ocrx_word' id='word_1_177' title='bbox 998 1265 1141 1293; x_wconf 71' lang='lat' dir='ltr'>ventetis.</span> 
     </span>
     <span class='ocr_line' id='line_1_27' title="bbox 265 1311 1142 1356; baseline -0.008 -9"><span class='ocrx_word' id='word_1_178' title='bbox 265 1317 344 1349; x_wconf 75' lang='lat' dir='ltr'>Nan</span> <span class='ocrx_word' id='word_1_179' title='bbox 359 1315 485 1356; x_wconf 83' lang='lat' dir='ltr'>fovetur</span> <span class='ocrx_word' id='word_1_180' title='bbox 506 1319 538 1346; x_wconf 86' lang='lat' dir='ltr'>in</span> <span class='ocrx_word' id='word_1_181' title='bbox 563 1312 691 1345; x_wconf 78' lang='lat' dir='ltr'>metallis</span> <span class='ocrx_word' id='word_1_182' title='bbox 714 1311 784 1343; x_wconf 73' lang='lat' dir='ltr'>lec‘lo</span> <span class='ocrx_word' id='word_1_183' title='bbox 810 1311 844 1342; x_wconf 68' lang='lat'>&lt;9⁰</span> <span class='ocrx_word' id='word_1_184' title='bbox 869 1311 997 1342; x_wconf 82' lang='lat' dir='ltr'>culcitris</span> <span class='ocrx_word' id='word_1_185' title='bbox 1023 1317 1142 1349; x_wconf 81' lang='lat' dir='ltr'>corpus:</span> 
     </span>
     <span class='ocr_line' id='line_1_28' title="bbox 267 1360 1144 1407; baseline -0.01 -9"><span class='ocrx_word' id='word_1_186' title='bbox 267 1366 329 1398; x_wconf 77' lang='lat' dir='ltr'>Sed</span> <span class='ocrx_word' id='word_1_187' title='bbox 346 1365 498 1407; x_wconf 88' lang='lat' dir='ltr'>refrigerio</span> <span class='ocrx_word' id='word_1_188' title='bbox 522 1365 556 1396; x_wconf 65' lang='grc'>(9</span> <span class='ocrx_word' id='word_1_189' title='bbox 572 1360 676 1404; x_wconf 72' lang='lat' dir='ltr'>firlatio</span> <span class='ocrx_word' id='word_1_190' title='bbox 700 1360 809 1400; x_wconf 81' lang='lat' dir='ltr'>Christi</span> <span class='ocrx_word' id='word_1_191' title='bbox 822 1360 961 1401; x_wconf 82' lang='lat' dir='ltr'>fovetur.</span> <span class='ocrx_word' id='word_1_192' title='bbox 990 1363 1079 1391; x_wconf 82' lang='lat' dir='ltr'>Humi</span> <span class='ocrx_word' id='word_1_193' title='bbox 1097 1361 1144 1399; x_wconf 85' lang='lat' dir='ltr'>ja·</span> 
     </span>
     <span class='ocr_line' id='line_1_29' title="bbox 267 1408 1147 1456; baseline -0.01 -8"><span class='ocrx_word' id='word_1_194' title='bbox 267 1424 336 1448; x_wconf 82' lang='lat' dir='ltr'>cent</span> <span class='ocrx_word' id='word_1_195' title='bbox 352 1414 430 1456; x_wconf 81' lang='lat' dir='ltr'>fessa</span> <span class='ocrx_word' id='word_1_196' title='bbox 449 1411 596 1446; x_wconf 78' lang='lat' dir='ltr'>laboribus</span> <span class='ocrx_word' id='word_1_197' title='bbox 618 1410 756 1453; x_wconf 80' lang='lat' dir='ltr'>viscera:</span> <span class='ocrx_word' id='word_1_198' title='bbox 782 1411 839 1441; x_wconf 77' lang='lat' dir='ltr'>Sed</span> <span class='ocrx_word' id='word_1_199' title='bbox 854 1417 946 1450; x_wconf 79' lang='lat' dir='ltr'>poena</span> <span class='ocrx_word' id='word_1_200' title='bbox 956 1420 1014 1440; x_wconf 87' lang='lat' dir='ltr'>non</span> <span class='ocrx_word' id='word_1_201' title='bbox 1038 1408 1074 1446; x_wconf 89' lang='lat' dir='ltr'>est</span> <span class='ocrx_word' id='word_1_202' title='bbox 1085 1419 1147 1440; x_wconf 87' lang='lat' dir='ltr'>cum</span> 
     </span>
     <span class='ocr_line' id='line_1_30' title="bbox 267 1457 1146 1503; baseline -0.007 -6"><span class='ocrx_word' id='word_1_203' title='bbox 267 1464 384 1503; x_wconf 82' lang='lat' dir='ltr'>Christo</span> <span class='ocrx_word' id='word_1_204' title='bbox 388 1466 489 1503; x_wconf 84' lang='lat' dir='ltr'>jacere</span> <span class='ocrx_word' id='word_1_205' title='bbox 500 1485 508 1492; x_wconf 89' lang='lat'><strong>.</strong></span> <span class='ocrx_word' id='word_1_206' title='bbox 535 1464 554 1494; x_wconf 84' lang='lat'><em>5</em></span> <span class='ocrx_word' id='word_1_207' title='bbox 557 1462 691 1503; x_wconf 87' lang='lat' dir='ltr'>quallent</span> <span class='ocrx_word' id='word_1_208' title='bbox 695 1458 756 1501; x_wconf 86' lang='lat' dir='ltr'>fine</span> <span class='ocrx_word' id='word_1_209' title='bbox 770 1459 882 1491; x_wconf 74' lang='lat' dir='ltr'>balneis</span> <span class='ocrx_word' id='word_1_210' title='bbox 898 1459 1038 1498; x_wconf 88' lang='lat' dir='ltr'>membra,</span> <span class='ocrx_word' id='word_1_211' title='bbox 1044 1457 1102 1498; x_wconf 76' lang='lat' dir='ltr'>ffiu</span> <span class='ocrx_word' id='word_1_212' title='bbox 1114 1461 1146 1491; x_wconf 60' lang='grc' dir='ltr'>(θ’</span> 
     </span>
     <span class='ocr_line' id='line_1_31' title="bbox 263 1508 1149 1556; baseline -0.006 -11"><span class='ocrx_word' id='word_1_213' title='bbox 263 1512 349 1556; x_wconf 80' lang='lat' dir='ltr'>sorde</span> <span class='ocrx_word' id='word_1_214' title='bbox 360 1511 507 1553; x_wconf 77' lang='lat' dir='ltr'>deformia</span> <span class='ocrx_word' id='word_1_215' title='bbox 520 1523 527 1542; x_wconf 72' lang='grc' dir='ltr'>ε</span> <span class='ocrx_word' id='word_1_216' title='bbox 556 1512 575 1542; x_wconf 86' lang='lat'><em>5</em></span> <span class='ocrx_word' id='word_1_217' title='bbox 577 1512 616 1543; x_wconf 85' lang='lat' dir='ltr'>ed</span> <span class='ocrx_word' id='word_1_218' title='bbox 619 1508 643 1552; x_wconf 88' lang='lat' dir='ltr'><em>s</em></span> <span class='ocrx_word' id='word_1_219' title='bbox 637 1511 815 1551; x_wconf 72' lang='lat' dir='ltr'>pirituaiiter</span> <span class='ocrx_word' id='word_1_220' title='bbox 824 1514 905 1541; x_wconf 87' lang='lat' dir='ltr'>intus</span> <span class='ocrx_word' id='word_1_221' title='bbox 919 1509 1058 1547; x_wconf 82' lang='lat' dir='ltr'>abluitur,</span> <span class='ocrx_word' id='word_1_222' title='bbox 1069 1509 1149 1550; x_wconf 88' lang='lat' dir='ltr'>quod</span> 
     </span>
     <span class='ocr_line' id='line_1_32' title="bbox 258 1558 1147 1604; baseline -0.003 -9"><span class='ocrx_word' id='word_1_223' title='bbox 258 1562 343 1604; x_wconf 85' lang='lat' dir='ltr'>foris</span> <span class='ocrx_word' id='word_1_224' title='bbox 367 1562 524 1595; x_wconf 81' lang='lat' dir='ltr'>carnaliter</span> <span class='ocrx_word' id='word_1_225' title='bbox 544 1558 716 1602; x_wconf 76' lang='lat' dir='ltr'>fhrdidatur</span> <span class='ocrx_word' id='word_1_226' title='bbox 737 1583 744 1590; x_wconf 90' lang='lat'>.</span> <span class='ocrx_word' id='word_1_227' title='bbox 789 1561 887 1591; x_wconf 85' lang='lat' dir='ltr'>Panis</span> <span class='ocrx_word' id='word_1_228' title='bbox 913 1560 975 1591; x_wconf 81' lang='lat' dir='ltr'>illic</span> <span class='ocrx_word' id='word_1_229' title='bbox 1001 1564 1147 1600; x_wconf 69' lang='lat' dir='ltr'>exiguus:</span> 
     </span>
     <span class='ocr_line' id='line_1_33' title="bbox 264 1607 1143 1652; baseline -0.007 -7"><span class='ocrx_word' id='word_1_230' title='bbox 264 1617 308 1645; x_wconf 79' lang='lat' dir='ltr'>At</span> <span class='ocrx_word' id='word_1_231' title='bbox 319 1624 375 1645; x_wconf 89' lang='lat' dir='ltr'>non</span> <span class='ocrx_word' id='word_1_232' title='bbox 386 1616 417 1644; x_wconf 85' lang='lat' dir='ltr'>in</span> <span class='ocrx_word' id='word_1_233' title='bbox 423 1611 484 1652; x_wconf 90' lang='lat' dir='ltr'>solo</span> <span class='ocrx_word' id='word_1_234' title='bbox 489 1619 571 1651; x_wconf 82' lang='lat' dir='ltr'>pane</span> <span class='ocrx_word' id='word_1_235' title='bbox 581 1614 665 1643; x_wconf 84' lang='lat' dir='ltr'>vivit</span> <span class='ocrx_word' id='word_1_236' title='bbox 676 1608 757 1641; x_wconf 88' lang='lat' dir='ltr'>bomo</span> <span class='ocrx_word' id='word_1_237' title='bbox 770 1631 781 1647; x_wconf 91' lang='lat'>‚</span> <span class='ocrx_word' id='word_1_238' title='bbox 802 1607 860 1650; x_wconf 90' lang='lat' dir='ltr'>sed</span> <span class='ocrx_word' id='word_1_239' title='bbox 879 1612 911 1639; x_wconf 83' lang='lat' dir='ltr'>in</span> <span class='ocrx_word' id='word_1_240' title='bbox 927 1607 1062 1650; x_wconf 86' lang='lat' dir='ltr'><em>sermone</em></span> <span class='ocrx_word' id='word_1_241' title='bbox 1074 1610 1143 1639; x_wconf 84' lang='lat' dir='ltr'>Dei.</span> 
     </span>
     <span class='ocr_line' id='line_1_34' title="bbox 265 1656 1145 1703; baseline -0.008 -8"><span class='ocrx_word' id='word_1_242' title='bbox 265 1663 359 1702; x_wconf 78' lang='lat' dir='ltr'>Vestis</span> <span class='ocrx_word' id='word_1_243' title='bbox 384 1659 547 1703; x_wconf 78' lang='lat' dir='ltr'>algentibus</span> <span class='ocrx_word' id='word_1_244' title='bbox 569 1658 677 1698; x_wconf 76' lang='lat' dir='ltr'>deest-z</span> <span class='ocrx_word' id='word_1_245' title='bbox 703 1658 764 1690; x_wconf 81' lang='lat' dir='ltr'>Sed</span> <span class='ocrx_word' id='word_1_246' title='bbox 780 1663 829 1699; x_wconf 88' lang='lat' dir='ltr'>qui</span> <span class='ocrx_word' id='word_1_247' title='bbox 852 1656 1000 1696; x_wconf 75' lang='lat' dir='ltr'>christum</span> <span class='ocrx_word' id='word_1_248' title='bbox 1026 1658 1145 1695; x_wconf 82' lang='lat' dir='ltr'>induit,</span> 
     </span>
     <span class='ocr_line' id='line_1_35' title="bbox 265 1704 1152 1751; baseline -0.008 -7"><span class='ocrx_word' id='word_1_249' title='bbox 265 1714 303 1744; x_wconf 66' lang='lat' dir='ltr'>(St</span> <span class='ocrx_word' id='word_1_250' title='bbox 344 1710 466 1751; x_wconf 76' lang='lat' dir='ltr'>vestitus</span> <span class='ocrx_word' id='word_1_251' title='bbox 492 1709 680 1742; x_wconf 83' lang='lat' dir='ltr'>abundanter</span> <span class='ocrx_word' id='word_1_252' title='bbox 705 1708 739 1741; x_wconf 63' lang='grc' dir='ltr'>ά*</span> <span class='ocrx_word' id='word_1_253' title='bbox 760 1708 852 1739; x_wconf 84' lang='lat' dir='ltr'>cuitus</span> <span class='ocrx_word' id='word_1_254' title='bbox 883 1705 919 1746; x_wconf 86' lang='lat' dir='ltr'>cst</span> <span class='ocrx_word' id='word_1_255' title='bbox 950 1731 956 1737; x_wconf 93' lang='lat'><em>.</em></span> <span class='ocrx_word' id='word_1_256' title='bbox 999 1704 1152 1746; x_wconf 81' lang='lat' dir='ltr'>Semitonfi</span> 
     </span>
     <span class='ocr_line' id='line_1_36' title="bbox 263 1754 1145 1802; baseline -0.006 -9"><span class='ocrx_word' id='word_1_257' title='bbox 263 1766 375 1802; x_wconf 78' lang='lat' dir='ltr'>capitis</span> <span class='ocrx_word' id='word_1_258' title='bbox 397 1760 520 1801; x_wconf 81' lang='lat' dir='ltr'>capillus</span> <span class='ocrx_word' id='word_1_259' title='bbox 543 1756 678 1800; x_wconf 79' lang='lat' dir='ltr'>horrescit</span> <span class='ocrx_word' id='word_1_260' title='bbox 703 1770 710 1789; x_wconf 73' lang='grc' dir='ltr'>ε</span> <span class='ocrx_word' id='word_1_261' title='bbox 746 1758 807 1789; x_wconf 80' lang='lat' dir='ltr'>sed</span> <span class='ocrx_word' id='word_1_262' title='bbox 827 1757 891 1788; x_wconf 77' lang='lat' dir='ltr'>cum</span> <span class='ocrx_word' id='word_1_263' title='bbox 911 1754 951 1796; x_wconf 82' lang='lat' dir='ltr'>fit</span> <span class='ocrx_word' id='word_1_264' title='bbox 970 1764 1060 1797; x_wconf 84' lang='lat' dir='ltr'>caput</span> <span class='ocrx_word' id='word_1_265' title='bbox 1082 1761 1145 1788; x_wconf 80' lang='lat' dir='ltr'>viri</span> 
     </span>
     <span class='ocr_line' id='line_1_37' title="bbox 265 1805 1144 1850; baseline -0.008 -7"><span class='ocrx_word' id='word_1_266' title='bbox 265 1809 402 1849; x_wconf 83' lang='lat' dir='ltr'>cbristus</span> <span class='ocrx_word' id='word_1_267' title='bbox 420 1833 430 1849; x_wconf 91' lang='lat'>,</span> <span class='ocrx_word' id='word_1_268' title='bbox 477 1809 683 1850; x_wconf 84' lang='lat' dir='ltr'>qualecumque</span> <span class='ocrx_word' id='word_1_269' title='bbox 705 1806 781 1838; x_wconf 85' lang='lat' dir='ltr'>illud</span> <span class='ocrx_word' id='word_1_270' title='bbox 814 1813 902 1847; x_wconf 86' lang='lat' dir='ltr'>caput</span> <span class='ocrx_word' id='word_1_271' title='bbox 925 1806 1025 1838; x_wconf 84' lang='lat' dir='ltr'>deceat</span> <span class='ocrx_word' id='word_1_272' title='bbox 1046 1805 1144 1847; x_wconf 79' lang='lat' dir='ltr'>necesse</span> 
     </span>
     <span class='ocr_line' id='line_1_38' title="bbox 262 1854 1143 1901; baseline -0.007 -9"><span class='ocrx_word' id='word_1_273' title='bbox 262 1860 303 1901; x_wconf 76' lang='lat' dir='ltr'>est</span> <span class='ocrx_word' id='word_1_274' title='bbox 323 1885 333 1901; x_wconf 88' lang='lat'>‚</span> <span class='ocrx_word' id='word_1_275' title='bbox 368 1859 447 1901; x_wconf 79' lang='lat' dir='ltr'>quod</span> <span class='ocrx_word' id='word_1_276' title='bbox 466 1859 501 1891; x_wconf 87' lang='lat' dir='ltr'>ob</span> <span class='ocrx_word' id='word_1_277' title='bbox 525 1859 643 1890; x_wconf 81' lang='lat' dir='ltr'>Domini</span> <span class='ocrx_word' id='word_1_278' title='bbox 681 1866 785 1888; x_wconf 87' lang='lat' dir='ltr'>nomen</span> <span class='ocrx_word' id='word_1_279' title='bbox 803 1854 909 1898; x_wconf 85' lang='lat' dir='ltr'>infigne</span> <span class='ocrx_word' id='word_1_280' title='bbox 930 1854 967 1892; x_wconf 83' lang='lat' dir='ltr'>est</span> <span class='ocrx_word' id='word_1_281' title='bbox 993 1879 1000 1886; x_wconf 92' lang='lat'>.</span> <span class='ocrx_word' id='word_1_282' title='bbox 1039 1859 1143 1887; x_wconf 84' lang='lat' dir='ltr'>Omnis</span> 
     </span>
    </p>
   </div>
   <div class='ocr_carea' id='block_1_7' title="bbox 1204 91 2095 1894">
    <p class='ocr_par' dir='ltr' id='par_1_7' title="bbox 1212 91 2081 352">
     <span class='ocr_line' id='line_1_39' title="bbox 1922 91 2018 142; baseline -0.021 -15"><span class='ocrx_word' id='word_1_283' title='bbox 1922 91 1986 127; x_wconf 84' lang='lat'>26·</span> <span class='ocrx_word' id='word_1_284' title='bbox 1991 95 2018 142; x_wconf 89' lang='lat'>7</span> 
     </span>
     <span class='ocr_line' id='line_1_40' title="bbox 1214 158 2076 206; baseline 0.016 -16"><span class='ocrx_word' id='word_1_285' title='bbox 1214 158 1326 192; x_wconf 62' lang='lat' dir='ltr'>deliciis</span> <span class='ocrx_word' id='word_1_286' title='bbox 1345 158 1406 201; x_wconf 84' lang='lat' dir='ltr'>post</span> <span class='ocrx_word' id='word_1_287' title='bbox 1426 167 1593 200; x_wconf 77' lang='lat' dir='ltr'>martyrium</span> <span class='ocrx_word' id='word_1_288' title='bbox 1615 166 1701 198; x_wconf 77' lang='lat' dir='ltr'>novis</span> <span class='ocrx_word' id='word_1_289' title='bbox 1719 190 1729 206; x_wconf 89' lang='lat'>,</span> <span class='ocrx_word' id='word_1_290' title='bbox 1753 166 1887 203; x_wconf 85' lang='lat' dir='ltr'>edicunt</span> <span class='ocrx_word' id='word_1_291' title='bbox 1914 169 1948 203; x_wconf 71' lang='grc' dir='ltr'>ὅ(</span> <span class='ocrx_word' id='word_1_292' title='bbox 1968 170 2076 205; x_wconf 85' lang='lat' dir='ltr'>aliud:</span> 
     </span>
     <span class='ocr_line' id='line_1_41' title="bbox 1214 209 2080 261; baseline 0.01 -19"><span class='ocrx_word' id='word_1_293' title='bbox 1214 209 1451 244; x_wconf 78' lang='lat' dir='ltr'>Montanistice</span> <span class='ocrx_word' id='word_1_294' title='bbox 1463 211 1597 244; x_wconf 85' lang='lat' dir='ltr'>edicunt</span> <span class='ocrx_word' id='word_1_295' title='bbox 1608 214 1780 249; x_wconf 86' lang='lat' dir='ltr'>moechiam</span> <span class='ocrx_word' id='word_1_296' title='bbox 1794 230 1858 252; x_wconf 87' lang='lat' dir='ltr'>non</span> <span class='ocrx_word' id='word_1_297' title='bbox 1873 221 1959 261; x_wconf 74' lang='lat' dir='ltr'>posse</span> <span class='ocrx_word' id='word_1_298' title='bbox 1971 218 2080 253; x_wconf 83' lang='lat' dir='ltr'>bacin</span> 
     </span>
     <span class='ocr_line' id='line_1_42' title="bbox 1215 259 2081 312; baseline 0.014 -20"><span class='ocrx_word' id='word_1_299' title='bbox 1215 259 1279 293; x_wconf 85' lang='lat' dir='ltr'>vita</span> <span class='ocrx_word' id='word_1_300' title='bbox 1300 260 1421 294; x_wconf 79' lang='lat' dir='ltr'>remitti</span> <span class='ocrx_word' id='word_1_301' title='bbox 1443 271 1498 303; x_wconf 91' lang='lat' dir='ltr'>per</span> <span class='ocrx_word' id='word_1_302' title='bbox 1519 260 1625 295; x_wconf 87' lang='lat' dir='ltr'>claves</span> <span class='ocrx_word' id='word_1_303' title='bbox 1644 262 1806 306; x_wconf 78' lang='lat' dir='ltr'>Ecclefiae,</span> <span class='ocrx_word' id='word_1_304' title='bbox 1834 268 1888 302; x_wconf 90' lang='lat' dir='ltr'>sed</span> <span class='ocrx_word' id='word_1_305' title='bbox 1908 280 1964 312; x_wconf 85' lang='lat' dir='ltr'>per</span> <span class='ocrx_word' id='word_1_306' title='bbox 1974 269 2081 303; x_wconf 86' lang='lat' dir='ltr'>solum</span> 
     </span>
     <span class='ocr_line' id='line_1_43' title="bbox 1212 311 1424 352; baseline -0.009 -9"><span class='ocrx_word' id='word_1_307' title='bbox 1212 311 1403 352; x_wconf 88' lang='lat' dir='ltr'>martyrium</span> <span class='ocrx_word' id='word_1_308' title='bbox 1417 335 1424 341; x_wconf 96' lang='lat'>.</span> 
     </span>
    </p>

    <p class='ocr_par' dir='ltr' id='par_1_8' title="bbox 1204 359 2095 1894">
     <span class='ocr_line' id='line_1_44' title="bbox 1273 359 2082 405; baseline 0.009 -13"><span class='ocrx_word' id='word_1_309' title='bbox 1273 360 1365 393; x_wconf 86' lang='lat' dir='ltr'>Hinc</span> <span class='ocrx_word' id='word_1_310' title='bbox 1386 359 1426 394; x_wconf 89' lang='lat' dir='ltr'>ab</span> <span class='ocrx_word' id='word_1_311' title='bbox 1448 359 1724 405; x_wconf 84' lang='lat' dir='ltr'>indulgentiarum</span> <span class='ocrx_word' id='word_1_312' title='bbox 1753 366 1908 404; x_wconf 82' lang='lat' dir='ltr'>praetenfis</span> <span class='ocrx_word' id='word_1_313' title='bbox 1933 367 2082 402; x_wconf 81' lang='lat' dir='ltr'>abusibus</span> 
     </span>
     <span class='ocr_line' id='line_1_45' title="bbox 1212 406 2080 455; baseline 0.009 -13"><span class='ocrx_word' id='word_1_314' title='bbox 1212 406 1315 443; x_wconf 88' lang='lat' dir='ltr'>homo</span> <span class='ocrx_word' id='word_1_315' title='bbox 1335 409 1540 444; x_wconf 85' lang='lat' dir='ltr'>Montanista</span> <span class='ocrx_word' id='word_1_316' title='bbox 1566 411 1671 455; x_wconf 87' lang='lat' dir='ltr'>pergit</span> <span class='ocrx_word' id='word_1_317' title='bbox 1690 411 1730 444; x_wconf 88' lang='lat' dir='ltr'>ad</span> <span class='ocrx_word' id='word_1_318' title='bbox 1751 411 1979 449; x_wconf 88' lang='lat' dir='ltr'>substantiam:</span> <span class='ocrx_word' id='word_1_319' title='bbox 2005 417 2080 452; x_wconf 87' lang='lat' dir='ltr'>Per-</span> 
     </span>
     <span class='ocr_line' id='line_1_46' title="bbox 1213 459 2079 505; baseline 0.01 -14"><span class='ocrx_word' id='word_1_320' title='bbox 1213 459 1360 493; x_wconf 84' lang='lat' dir='ltr'>tinaciter</span> <span class='ocrx_word' id='word_1_321' title='bbox 1380 460 1532 495; x_wconf 76' lang='lat' dir='ltr'>asseverat</span> <span class='ocrx_word' id='word_1_322' title='bbox 1554 461 1637 505; x_wconf 89' lang='lat' dir='ltr'>ipsas</span> <span class='ocrx_word' id='word_1_323' title='bbox 1657 459 1674 493; x_wconf 68' lang='lat' dir='ltr'>a</span> <span class='ocrx_word' id='word_1_324' title='bbox 1698 461 1899 504; x_wconf 89' lang='lat' dir='ltr'>Martyribus</span> <span class='ocrx_word' id='word_1_325' title='bbox 1927 475 1985 498; x_wconf 91' lang='lat' dir='ltr'>nec</span> <span class='ocrx_word' id='word_1_326' title='bbox 2010 466 2079 500; x_wconf 81' lang='lat' dir='ltr'>dari</span> 
     </span>
     <span class='ocr_line' id='line_1_47' title="bbox 1213 509 2080 554; baseline 0.007 -12"><span class='ocrx_word' id='word_1_327' title='bbox 1213 509 1299 552; x_wconf 77' lang='lat' dir='ltr'>posse</span> <span class='ocrx_word' id='word_1_328' title='bbox 1326 521 1386 543; x_wconf 91' lang='lat' dir='ltr'>nec</span> <span class='ocrx_word' id='word_1_329' title='bbox 1408 510 1558 553; x_wconf 84' lang='lat' dir='ltr'>postulari</span> <span class='ocrx_word' id='word_1_330' title='bbox 1585 536 1591 542; x_wconf 97' lang='lat'>.</span> <span class='ocrx_word' id='word_1_331' title='bbox 1622 509 1786 545; x_wconf 86' lang='lat' dir='ltr'>Ufitatam</span> <span class='ocrx_word' id='word_1_332' title='bbox 1823 512 1922 554; x_wconf 89' lang='lat' dir='ltr'>usque</span> <span class='ocrx_word' id='word_1_333' title='bbox 1941 522 2020 546; x_wconf 88' lang='lat' dir='ltr'>tunc</span> <span class='ocrx_word' id='word_1_334' title='bbox 2045 516 2080 548; x_wconf 83' lang='lat' dir='ltr'>in</span> 
     </span>
     <span class='ocr_line' id='line_1_48' title="bbox 1211 559 2083 597; baseline 0.006 -5"><span class='ocrx_word' id='word_1_335' title='bbox 1211 559 1365 593; x_wconf 88' lang='lat' dir='ltr'>omnibus</span> <span class='ocrx_word' id='word_1_336' title='bbox 1377 560 1434 594; x_wconf 83' lang='lat' dir='ltr'>sub</span> <span class='ocrx_word' id='word_1_337' title='bbox 1446 560 1528 594; x_wconf 88' lang='lat' dir='ltr'>coelo</span> <span class='ocrx_word' id='word_1_338' title='bbox 1543 560 1695 594; x_wconf 86' lang='lat' dir='ltr'>Ecclesiis</span> <span class='ocrx_word' id='word_1_339' title='bbox 1705 561 1976 595; x_wconf 87' lang='lat' dir='ltr'>consuetudinem</span> <span class='ocrx_word' id='word_1_340' title='bbox 1995 562 2083 597; x_wconf 86' lang='lat' dir='ltr'>dam-</span> 
     </span>
     <span class='ocr_line' id='line_1_49' title="bbox 1213 609 2083 654; baseline 0.005 -12"><span class='ocrx_word' id='word_1_341' title='bbox 1213 620 1290 649; x_wconf 89' lang='lat' dir='ltr'>nat,</span> <span class='ocrx_word' id='word_1_342' title='bbox 1316 619 1484 654; x_wconf 88' lang='lat' dir='ltr'>tentatque</span> <span class='ocrx_word' id='word_1_343' title='bbox 1503 609 1630 645; x_wconf 89' lang='lat' dir='ltr'>abolere</span> <span class='ocrx_word' id='word_1_344' title='bbox 1655 611 1690 644; x_wconf 89' lang='lat'>&amp;</span> <span class='ocrx_word' id='word_1_345' title='bbox 1711 610 1987 646; x_wconf 81' lang='lat' dir='ltr'>circumscribere.</span> <span class='ocrx_word' id='word_1_346' title='bbox 2014 612 2083 646; x_wconf 67' lang='lat' dir='ltr'>Pria</span> 
     </span>
     <span class='ocr_line' id='line_1_50' title="bbox 1211 659 2083 704; baseline 0.003 -13"><span class='ocrx_word' id='word_1_347' title='bbox 1211 670 1262 691; x_wconf 85' lang='lat' dir='ltr'>ma</span> <span class='ocrx_word' id='word_1_348' title='bbox 1283 659 1351 701; x_wconf 80' lang='lat' dir='ltr'>ejus</span> <span class='ocrx_word' id='word_1_349' title='bbox 1374 660 1455 694; x_wconf 89' lang='lat' dir='ltr'>ratio</span> <span class='ocrx_word' id='word_1_350' title='bbox 1476 660 1540 693; x_wconf 86' lang='lat' dir='ltr'>est:</span> <span class='ocrx_word' id='word_1_351' title='bbox 1569 663 1648 704; x_wconf 77' lang='lat' dir='ltr'>,Quis</span> <span class='ocrx_word' id='word_1_352' title='bbox 1668 666 1700 692; x_wconf 88' lang='lat' dir='ltr'>in</span> <span class='ocrx_word' id='word_1_353' title='bbox 1722 665 1807 694; x_wconf 87' lang='lat' dir='ltr'>terris</span> <span class='ocrx_word' id='word_1_354' title='bbox 1832 661 2007 695; x_wconf 72' lang='lat' dir='ltr'>&amp;incarne</span> <span class='ocrx_word' id='word_1_355' title='bbox 2021 660 2083 704; x_wconf 82' lang='lat' dir='ltr'>fine</span> 
     </span>
     <span class='ocr_line' id='line_1_51' title="bbox 1210 708 2086 755; baseline 0.006 -14"><span class='ocrx_word' id='word_1_356' title='bbox 1210 710 1318 750; x_wconf 62' lang='lat' dir='ltr'>culpas&gt;</span> <span class='ocrx_word' id='word_1_357' title='bbox 1345 708 1464 743; x_wconf 76' lang='lat' dir='ltr'>Asserit</span> <span class='ocrx_word' id='word_1_358' title='bbox 1473 721 1601 753; x_wconf 84' lang='lat' dir='ltr'>peccata</span> <span class='ocrx_word' id='word_1_359' title='bbox 1612 709 1734 743; x_wconf 89' lang='lat' dir='ltr'>remitti</span> <span class='ocrx_word' id='word_1_360' title='bbox 1746 721 1813 744; x_wconf 89' lang='lat' dir='ltr'>non</span> <span class='ocrx_word' id='word_1_361' title='bbox 1828 711 1914 753; x_wconf 68' lang='lat' dir='ltr'>posse</span> <span class='ocrx_word' id='word_1_362' title='bbox 1935 711 1953 744; x_wconf 73' lang='grc' dir='ltr'>ὲ</span> <span class='ocrx_word' id='word_1_363' title='bbox 1975 723 2086 755; x_wconf 83' lang='lat' dir='ltr'>pecca-</span> 
     </span>
     <span class='ocr_line' id='line_1_52' title="bbox 1210 757 2085 796; baseline 0.002 -4"><span class='ocrx_word' id='word_1_364' title='bbox 1210 757 1354 793; x_wconf 87' lang='lat' dir='ltr'>toribus:</span> <span class='ocrx_word' id='word_1_365' title='bbox 1382 761 1425 794; x_wconf 88' lang='lat' dir='ltr'>Et</span> <span class='ocrx_word' id='word_1_366' title='bbox 1447 772 1580 794; x_wconf 87' lang='lat' dir='ltr'>ornnem</span> <span class='ocrx_word' id='word_1_367' title='bbox 1603 760 1636 793; x_wconf 89' lang='lat' dir='ltr'>in</span> <span class='ocrx_word' id='word_1_368' title='bbox 1660 758 1722 794; x_wconf 85' lang='lat' dir='ltr'>hac</span> <span class='ocrx_word' id='word_1_369' title='bbox 1743 760 1809 794; x_wconf 85' lang='lat' dir='ltr'>vita</span> <span class='ocrx_word' id='word_1_370' title='bbox 1831 759 2000 796; x_wconf 86' lang='lat' dir='ltr'>hominem</span> <span class='ocrx_word' id='word_1_371' title='bbox 2021 762 2085 795; x_wconf 80' lang='lat' dir='ltr'>effe</span> 
     </span>
     <span class='ocr_line' id='line_1_53' title="bbox 1210 809 2084 855; baseline 0.001 -13"><span class='ocrx_word' id='word_1_372' title='bbox 1210 818 1420 851; x_wconf 85' lang='lat' dir='ltr'>peccatorem.</span> <span class='ocrx_word' id='word_1_373' title='bbox 1448 810 1559 844; x_wconf 89' lang='lat' dir='ltr'>Etiam</span> <span class='ocrx_word' id='word_1_374' title='bbox 1573 811 1754 853; x_wconf 88' lang='lat' dir='ltr'>Martyrem</span> <span class='ocrx_word' id='word_1_375' title='bbox 1768 835 1776 842; x_wconf 95' lang='lat'>.</span> <span class='ocrx_word' id='word_1_376' title='bbox 1804 809 1848 844; x_wconf 89' lang='lat' dir='ltr'>Et</span> <span class='ocrx_word' id='word_1_377' title='bbox 1859 810 1989 854; x_wconf 85' lang='lat' dir='ltr'>probat:</span> <span class='ocrx_word' id='word_1_378' title='bbox 2003 813 2084 855; x_wconf 70' lang='lat' dir='ltr'>,Quis</span> 
     </span>
     <span class='ocr_line' id='line_1_54' title="bbox 1211 858 2084 903; baseline 0.005 -14"><span class='ocrx_word' id='word_1_379' title='bbox 1211 861 1321 896; x_wconf 81' lang='lat' dir='ltr'>Martyr</span> <span class='ocrx_word' id='word_1_380' title='bbox 1326 858 1429 902; x_wconf 79' lang='lat' dir='ltr'>saeculi</span> <span class='ocrx_word' id='word_1_381' title='bbox 1439 862 1552 901; x_wconf 86' lang='lat' dir='ltr'>incola,</span> <span class='ocrx_word' id='word_1_382' title='bbox 1578 862 1712 893; x_wconf 83' lang='lat' dir='ltr'>denariis</span> <span class='ocrx_word' id='word_1_383' title='bbox 1728 858 1879 903; x_wconf 84' lang='lat' dir='ltr'>supplex,</span> <span class='ocrx_word' id='word_1_384' title='bbox 1905 861 2015 894; x_wconf 80' lang='lat' dir='ltr'>Medico</span> <span class='ocrx_word' id='word_1_385' title='bbox 2036 859 2084 893; x_wconf 73' lang='lat' dir='ltr'>ob-</span> 
     </span>
     <span class='ocr_line' id='line_1_55' title="bbox 1211 909 2084 954; baseline 0.005 -15"><span class='ocrx_word' id='word_1_386' title='bbox 1211 914 1315 940; x_wconf 79' lang='lat' dir='ltr'>noxius</span> <span class='ocrx_word' id='word_1_387' title='bbox 1342 911 1376 942; x_wconf 78' lang='lat'><em>&amp;</em></span> <span class='ocrx_word' id='word_1_388' title='bbox 1390 909 1567 950; x_wconf 64' lang='lat' dir='ltr'>faeneratori</span> <span class='ocrx_word' id='word_1_389' title='bbox 1589 911 1605 942; x_wconf 66' lang='grc' dir='ltr'>,ἲ</span> <span class='ocrx_word' id='word_1_390' title='bbox 1633 911 1784 944; x_wconf 88' lang='lat' dir='ltr'>Affirmat</span> <span class='ocrx_word' id='word_1_391' title='bbox 1804 921 1936 943; x_wconf 84' lang='lat' dir='ltr'>ornnem</span> <span class='ocrx_word' id='word_1_392' title='bbox 1960 912 2084 954; x_wconf 87' lang='lat' dir='ltr'>Marty-</span> 
     </span>
     <span class='ocr_line' id='line_1_56' title="bbox 1211 958 2086 1002; baseline 0.002 -12"><span class='ocrx_word' id='word_1_393' title='bbox 1211 969 1296 998; x_wconf 89' lang='lat' dir='ltr'>rem,</span> <span class='ocrx_word' id='word_1_394' title='bbox 1324 958 1530 1002; x_wconf 81' lang='lat' dir='ltr'>licetjustum</span> <span class='ocrx_word' id='word_1_395' title='bbox 1556 972 1592 993; x_wconf 87' lang='lat' dir='ltr'>ac</span> <span class='ocrx_word' id='word_1_396' title='bbox 1603 961 1669 995; x_wconf 89' lang='lat' dir='ltr'>Dei</span> <span class='ocrx_word' id='word_1_397' title='bbox 1680 960 1809 1001; x_wconf 86' lang='lat' dir='ltr'>filium,</span> <span class='ocrx_word' id='word_1_398' title='bbox 1834 960 1897 994; x_wconf 78' lang='lat' dir='ltr'>esse</span> <span class='ocrx_word' id='word_1_399' title='bbox 1919 959 2028 994; x_wconf 89' lang='lat' dir='ltr'>adhuc</span> <span class='ocrx_word' id='word_1_400' title='bbox 2049 960 2086 992; x_wconf 85' lang='lat' dir='ltr'>fi-</span> 
     </span>
     <span class='ocr_line' id='line_1_57' title="bbox 1211 1008 2086 1053; baseline 0.003 -13"><span class='ocrx_word' id='word_1_401' title='bbox 1211 1008 1402 1042; x_wconf 25' lang='lat' dir='ltr'>liumretiam</span> <span class='ocrx_word' id='word_1_402' title='bbox 1415 1008 1510 1052; x_wconf 84' lang='lat' dir='ltr'>hujus</span> <span class='ocrx_word' id='word_1_403' title='bbox 1534 1011 1659 1048; x_wconf 80' lang='lat' dir='ltr'>saeculi,</span> <span class='ocrx_word' id='word_1_404' title='bbox 1684 1011 1827 1053; x_wconf 89' lang='lat' dir='ltr'>ideoque</span> <span class='ocrx_word' id='word_1_405' title='bbox 1849 1020 1916 1043; x_wconf 90' lang='lat' dir='ltr'>non</span> <span class='ocrx_word' id='word_1_406' title='bbox 1937 1011 2005 1043; x_wconf 86' lang='lat' dir='ltr'>fine</span> <span class='ocrx_word' id='word_1_407' title='bbox 2015 1021 2086 1052; x_wconf 87' lang='lat' dir='ltr'>pec-</span> 
     </span>
     <span class='ocr_line' id='line_1_58' title="bbox 1210 1058 2087 1105; baseline 0.005 -15"><span class='ocrx_word' id='word_1_408' title='bbox 1210 1068 1293 1091; x_wconf 88' lang='lat' dir='ltr'>cato.</span> <span class='ocrx_word' id='word_1_409' title='bbox 1308 1058 1388 1105; x_wconf 73' lang='lat' dir='ltr'>Quae</span> <span class='ocrx_word' id='word_1_410' title='bbox 1401 1058 1445 1091; x_wconf 76' lang='lat' dir='ltr'>est</span> <span class='ocrx_word' id='word_1_411' title='bbox 1457 1060 1709 1100; x_wconf 77' lang='lat' dir='ltr'>frequentissima</span> <span class='ocrx_word' id='word_1_412' title='bbox 1723 1060 1829 1094; x_wconf 69' lang='lat' dir='ltr'>Sane‘ei</span> <span class='ocrx_word' id='word_1_413' title='bbox 1843 1059 2087 1104; x_wconf 81' lang='lat' dir='ltr'>Augustinido-</span> 
     </span>
     <span class='ocr_line' id='line_1_59' title="bbox 1212 1108 2086 1153; baseline 0.002 -13"><span class='ocrx_word' id='word_1_414' title='bbox 1212 1108 1310 1141; x_wconf 66' lang='lat' dir='ltr'>&amp;rina</span> <span class='ocrx_word' id='word_1_415' title='bbox 1323 1108 1488 1142; x_wconf 76' lang='lat' dir='ltr'>adversum</span> <span class='ocrx_word' id='word_1_416' title='bbox 1501 1109 1695 1152; x_wconf 84' lang='lat' dir='ltr'>Pelagianos</span> <span class='ocrx_word' id='word_1_417' title='bbox 1705 1134 1712 1141; x_wconf 93' lang='lat'>.</span> <span class='ocrx_word' id='word_1_418' title='bbox 1739 1108 1866 1143; x_wconf 72' lang='lat' dir='ltr'>Verum</span> <span class='ocrx_word' id='word_1_419' title='bbox 1877 1121 1947 1153; x_wconf 82' lang='lat' dir='ltr'>quae</span> <span class='ocrx_word' id='word_1_420' title='bbox 1959 1110 2005 1144; x_wconf 92' lang='lat' dir='ltr'>est</span> <span class='ocrx_word' id='word_1_421' title='bbox 2017 1109 2086 1142; x_wconf 80' lang='lat' dir='ltr'>haec</span> 
     </span>
     <span class='ocr_line' id='line_1_60' title="bbox 1211 1157 2087 1203; baseline 0.005 -14"><span class='ocrx_word' id='word_1_422' title='bbox 1211 1159 1461 1198; x_wconf 85' lang='lat' dir='ltr'>consequentia:</span> <span class='ocrx_word' id='word_1_423' title='bbox 1488 1159 1608 1192; x_wconf 86' lang='lat' dir='ltr'>Omnis</span> <span class='ocrx_word' id='word_1_424' title='bbox 1628 1157 1730 1192; x_wconf 89' lang='lat' dir='ltr'>homo</span> <span class='ocrx_word' id='word_1_425' title='bbox 1743 1159 1788 1192; x_wconf 88' lang='lat' dir='ltr'>est</span> <span class='ocrx_word' id='word_1_426' title='bbox 1812 1170 1981 1201; x_wconf 86' lang='lat' dir='ltr'>peccator,</span> <span class='ocrx_word' id='word_1_427' title='bbox 2006 1158 2087 1203; x_wconf 65' lang='lat' dir='ltr'>ergo</span> 
     </span>
     <span class='ocr_line' id='line_1_61' title="bbox 1215 1207 2088 1252; baseline 0.003 -14"><span class='ocrx_word' id='word_1_428' title='bbox 1215 1207 1317 1240; x_wconf 78' lang='lat' dir='ltr'>nullus</span> <span class='ocrx_word' id='word_1_429' title='bbox 1340 1207 1444 1250; x_wconf 89' lang='lat' dir='ltr'>potest</span> <span class='ocrx_word' id='word_1_430' title='bbox 1467 1219 1598 1250; x_wconf 85' lang='lat' dir='ltr'>peccata</span> <span class='ocrx_word' id='word_1_431' title='bbox 1624 1209 1746 1242; x_wconf 88' lang='lat' dir='ltr'>donare</span> <span class='ocrx_word' id='word_1_432' title='bbox 1768 1209 1781 1241; x_wconf 88' lang='lat'>?</span> <span class='ocrx_word' id='word_1_433' title='bbox 1808 1208 1984 1243; x_wconf 70' lang='lat' dir='ltr'>Praesertim</span> <span class='ocrx_word' id='word_1_434' title='bbox 2011 1208 2088 1252; x_wconf 70' lang='lat' dir='ltr'>quia</span> 
     </span>
     <span class='ocr_line' id='line_1_62' title="bbox 1214 1257 2091 1302; baseline 0.002 -13"><span class='ocrx_word' id='word_1_435' title='bbox 1214 1257 1264 1290; x_wconf 84' lang='lat' dir='ltr'>hic</span> <span class='ocrx_word' id='word_1_436' title='bbox 1276 1268 1342 1290; x_wconf 90' lang='lat' dir='ltr'>non</span> <span class='ocrx_word' id='word_1_437' title='bbox 1358 1257 1466 1302; x_wconf 84' lang='lat' dir='ltr'>agitur</span> <span class='ocrx_word' id='word_1_438' title='bbox 1476 1258 1517 1291; x_wconf 89' lang='lat' dir='ltr'>de</span> <span class='ocrx_word' id='word_1_439' title='bbox 1529 1258 1714 1292; x_wconf 75' lang='lat' dir='ltr'>remissione</span> <span class='ocrx_word' id='word_1_440' title='bbox 1726 1267 1871 1292; x_wconf 89' lang='lat' dir='ltr'>reatuum</span> <span class='ocrx_word' id='word_1_441' title='bbox 1885 1283 1896 1299; x_wconf 94' lang='lat'>,</span> <span class='ocrx_word' id='word_1_442' title='bbox 1921 1258 1976 1293; x_wconf 84' lang='lat' dir='ltr'>sed</span> <span class='ocrx_word' id='word_1_443' title='bbox 1997 1258 2091 1292; x_wconf 86' lang='lat' dir='ltr'>dum-</span> 
     </span>
     <span class='ocr_line' id='line_1_63' title="bbox 1212 1306 2090 1352; baseline 0.002 -13"><span class='ocrx_word' id='word_1_444' title='bbox 1212 1317 1298 1340; x_wconf 85' lang='lat' dir='ltr'>taxat</span> <span class='ocrx_word' id='word_1_445' title='bbox 1320 1306 1361 1340; x_wconf 89' lang='lat' dir='ltr'>de</span> <span class='ocrx_word' id='word_1_446' title='bbox 1383 1308 1598 1345; x_wconf 73' lang='lat' dir='ltr'>satisfastione</span> <span class='ocrx_word' id='word_1_447' title='bbox 1620 1319 1680 1351; x_wconf 85' lang='lat' dir='ltr'>pro</span> <span class='ocrx_word' id='word_1_448' title='bbox 1704 1309 1842 1352; x_wconf 86' lang='lat' dir='ltr'>peccatis</span> <span class='ocrx_word' id='word_1_449' title='bbox 1862 1308 1978 1342; x_wconf 86' lang='lat' dir='ltr'>alienis</span> <span class='ocrx_word' id='word_1_450' title='bbox 1999 1331 2009 1347; x_wconf 95' lang='lat'>,</span> <span class='ocrx_word' id='word_1_451' title='bbox 2036 1309 2090 1341; x_wconf 86' lang='lat' dir='ltr'>seu</span> 
     </span>
     <span class='ocr_line' id='line_1_64' title="bbox 1211 1356 2093 1401; baseline 0.001 -12"><span class='ocrx_word' id='word_1_452' title='bbox 1211 1356 1250 1389; x_wconf 90' lang='lat' dir='ltr'>de</span> <span class='ocrx_word' id='word_1_453' title='bbox 1273 1356 1487 1399; x_wconf 67' lang='lat' dir='ltr'>expunstione</span> <span class='ocrx_word' id='word_1_454' title='bbox 1519 1357 1709 1392; x_wconf 84' lang='lat' dir='ltr'>testantium</span> <span class='ocrx_word' id='word_1_455' title='bbox 1733 1369 1792 1401; x_wconf 89' lang='lat' dir='ltr'>pro</span> <span class='ocrx_word' id='word_1_456' title='bbox 1818 1356 1952 1391; x_wconf 86' lang='lat' dir='ltr'>remiffis</span> <span class='ocrx_word' id='word_1_457' title='bbox 1976 1356 2093 1391; x_wconf 85' lang='lat' dir='ltr'>alienis</span> 
     </span>
     <span class='ocr_line' id='line_1_65' title="bbox 1211 1407 2093 1451; baseline 0.003 -13"><span class='ocrx_word' id='word_1_458' title='bbox 1211 1407 1346 1448; x_wconf 88' lang='lat' dir='ltr'>peccatis</span> <span class='ocrx_word' id='word_1_459' title='bbox 1357 1407 1569 1441; x_wconf 67' lang='lat' dir='ltr'>satisfactione</span> <span class='ocrx_word' id='word_1_460' title='bbox 1579 1433 1587 1440; x_wconf 91' lang='lat'><strong>.</strong></span> <span class='ocrx_word' id='word_1_461' title='bbox 1616 1407 1815 1451; x_wconf 88' lang='lat' dir='ltr'>Respondeo</span> <span class='ocrx_word' id='word_1_462' title='bbox 1825 1408 2093 1450; x_wconf 85' lang='lat' dir='ltr'>consequentiam</span> 
     </span>
     <span class='ocr_line' id='line_1_66' title="bbox 1213 1456 2092 1500; baseline 0.003 -13"><span class='ocrx_word' id='word_1_463' title='bbox 1213 1466 1280 1488; x_wconf 91' lang='lat' dir='ltr'>non</span> <span class='ocrx_word' id='word_1_464' title='bbox 1304 1457 1365 1489; x_wconf 86' lang='lat' dir='ltr'>efle</span> <span class='ocrx_word' id='word_1_465' title='bbox 1387 1457 1608 1499; x_wconf 80' lang='lat' dir='ltr'>paradoxam,</span> <span class='ocrx_word' id='word_1_466' title='bbox 1634 1456 1749 1500; x_wconf 72' lang='lat' dir='ltr'>utpote</span> <span class='ocrx_word' id='word_1_467' title='bbox 1772 1456 1941 1492; x_wconf 85' lang='lat' dir='ltr'>fundatam</span> <span class='ocrx_word' id='word_1_468' title='bbox 1965 1459 1998 1491; x_wconf 90' lang='lat' dir='ltr'>in</span> <span class='ocrx_word' id='word_1_469' title='bbox 2030 1457 2092 1491; x_wconf 90' lang='lat' dir='ltr'>hac</span> 
     </span>
     <span class='ocr_line' id='line_1_67' title="bbox 1212 1505 2093 1551; baseline 0.005 -14"><span class='ocrx_word' id='word_1_470' title='bbox 1212 1505 1410 1550; x_wconf 87' lang='lat' dir='ltr'>Evangelica</span> <span class='ocrx_word' id='word_1_471' title='bbox 1432 1508 1565 1551; x_wconf 86' lang='lat' dir='ltr'>regula,</span> <span class='ocrx_word' id='word_1_472' title='bbox 1592 1517 1689 1550; x_wconf 86' lang='lat' dir='ltr'>quam</span> <span class='ocrx_word' id='word_1_473' title='bbox 1715 1507 1751 1540; x_wconf 86' lang='lat' dir='ltr'>in</span> <span class='ocrx_word' id='word_1_474' title='bbox 1763 1506 1974 1542; x_wconf 71' lang='lat' dir='ltr'>Trastatibus</span> <span class='ocrx_word' id='word_1_475' title='bbox 2000 1508 2093 1550; x_wconf 87' lang='lat' dir='ltr'>super</span> 
     </span>
     <span class='ocr_line' id='line_1_68' title="bbox 1209 1556 2092 1600; baseline 0.006 -13"><span class='ocrx_word' id='word_1_476' title='bbox 1209 1556 1345 1597; x_wconf 87' lang='lat' dir='ltr'>primam</span> <span class='ocrx_word' id='word_1_477' title='bbox 1359 1556 1466 1590; x_wconf 62' lang='lat' dir='ltr'>Sancti</span> <span class='ocrx_word' id='word_1_478' title='bbox 1491 1557 1627 1599; x_wconf 84' lang='lat' dir='ltr'>Joannis</span> <span class='ocrx_word' id='word_1_479' title='bbox 1646 1556 1815 1600; x_wconf 88' lang='lat' dir='ltr'>epistolam</span> <span class='ocrx_word' id='word_1_480' title='bbox 1830 1557 1940 1591; x_wconf 87' lang='lat' dir='ltr'>laudat</span> <span class='ocrx_word' id='word_1_481' title='bbox 1959 1557 2092 1592; x_wconf 77' lang='lat' dir='ltr'>Sanstus</span> 
     </span>
     <span class='ocr_line' id='line_1_69' title="bbox 1210 1605 2091 1650; baseline 0.005 -13"><span class='ocrx_word' id='word_1_482' title='bbox 1210 1605 1434 1649; x_wconf 84' lang='lat' dir='ltr'>Augustinus:</span> <span class='ocrx_word' id='word_1_483' title='bbox 1462 1611 1497 1639; x_wconf 85' lang='lat' dir='ltr'>Iu</span> <span class='ocrx_word' id='word_1_484' title='bbox 1523 1618 1578 1649; x_wconf 87' lang='lat' dir='ltr'>quo</span> <span class='ocrx_word' id='word_1_485' title='bbox 1602 1617 1660 1639; x_wconf 84' lang='lat' dir='ltr'>non</span> <span class='ocrx_word' id='word_1_486' title='bbox 1682 1606 1718 1647; x_wconf 85' lang='lat' dir='ltr'>est</span> <span class='ocrx_word' id='word_1_487' title='bbox 1726 1615 1900 1648; x_wconf 81' lang='lat' dir='ltr'>peccatum,</span> <span class='ocrx_word' id='word_1_488' title='bbox 1926 1606 1987 1650; x_wconf 85' lang='lat' dir='ltr'>ipse</span> <span class='ocrx_word' id='word_1_489' title='bbox 2007 1613 2091 1641; x_wconf 82' lang='lat' dir='ltr'>venit</span> 
     </span>
     <span class='ocr_line' id='line_1_70' title="bbox 1209 1653 2092 1699; baseline 0.006 -14"><span class='ocrx_word' id='word_1_490' title='bbox 1209 1653 1328 1693; x_wconf 88' lang='lat' dir='ltr'>auferre</span> <span class='ocrx_word' id='word_1_491' title='bbox 1334 1663 1505 1695; x_wconf 85' lang='lat' dir='ltr'>peccatum.</span> <span class='ocrx_word' id='word_1_492' title='bbox 1533 1661 1619 1689; x_wconf 84' lang='lat' dir='ltr'>Nam</span> <span class='ocrx_word' id='word_1_493' title='bbox 1622 1656 1653 1698; x_wconf 81' lang='lat' dir='ltr'><em>ſs</em></span> <span class='ocrx_word' id='word_1_494' title='bbox 1660 1657 1725 1699; x_wconf 78' lang='lat' dir='ltr'>esset</span> <span class='ocrx_word' id='word_1_495' title='bbox 1750 1658 1784 1690; x_wconf 60' lang='grc' dir='ltr'>(Β</span> <span class='ocrx_word' id='word_1_496' title='bbox 1797 1662 1830 1689; x_wconf 84' lang='lat' dir='ltr'>in</span> <span class='ocrx_word' id='word_1_497' title='bbox 1851 1657 1900 1689; x_wconf 82' lang='lat' dir='ltr'>illo</span> <span class='ocrx_word' id='word_1_498' title='bbox 1917 1665 2092 1699; x_wconf 85' lang='lat' dir='ltr'>peccatum,</span> 
     </span>
     <span class='ocr_line' id='line_1_71' title="bbox 1208 1702 2095 1753; baseline 0.008 -19"><span class='ocrx_word' id='word_1_499' title='bbox 1208 1702 1402 1744; x_wconf 68' lang='lat' dir='ltr'>auferendum</span> <span class='ocrx_word' id='word_1_500' title='bbox 1412 1705 1475 1747; x_wconf 79' lang='lat' dir='ltr'>effer</span> <span class='ocrx_word' id='word_1_501' title='bbox 1486 1706 1550 1745; x_wconf 81' lang='lat' dir='ltr'>illi,</span> <span class='ocrx_word' id='word_1_502' title='bbox 1578 1717 1634 1737; x_wconf 90' lang='lat' dir='ltr'>non</span> <span class='ocrx_word' id='word_1_503' title='bbox 1644 1704 1705 1747; x_wconf 83' lang='lat' dir='ltr'>ipse</span> <span class='ocrx_word' id='word_1_504' title='bbox 1723 1706 1872 1746; x_wconf 84' lang='lat' dir='ltr'>auferret.</span> <span class='ocrx_word' id='word_1_505' title='bbox 1900 1707 2005 1753; x_wconf 86' lang='lat' dir='ltr'>Qod</span> <span class='ocrx_word' id='word_1_506' title='bbox 2022 1720 2095 1750; x_wconf 78' lang='lat' dir='ltr'>prae·</span> 
     </span>
     <span class='ocr_line' id='line_1_72' title="bbox 1207 1753 2089 1799; baseline 0.007 -13"><span class='ocrx_word' id='word_1_507' title='bbox 1207 1753 1314 1786; x_wconf 89' lang='lat' dir='ltr'>sertim</span> <span class='ocrx_word' id='word_1_508' title='bbox 1325 1764 1436 1787; x_wconf 86' lang='lat' dir='ltr'>verum</span> <span class='ocrx_word' id='word_1_509' title='bbox 1448 1753 1492 1787; x_wconf 91' lang='lat' dir='ltr'>est</span> <span class='ocrx_word' id='word_1_510' title='bbox 1503 1755 1544 1788; x_wconf 90' lang='lat' dir='ltr'>de</span> <span class='ocrx_word' id='word_1_511' title='bbox 1554 1755 1710 1799; x_wconf 85' lang='lat' dir='ltr'>originali</span> <span class='ocrx_word' id='word_1_512' title='bbox 1725 1766 1858 1798; x_wconf 86' lang='lat' dir='ltr'>peccato</span> <span class='ocrx_word' id='word_1_513' title='bbox 1873 1780 1879 1787; x_wconf 91' lang='lat'><em>.</em></span> <span class='ocrx_word' id='word_1_514' title='bbox 1906 1756 1986 1790; x_wconf 85' lang='lat' dir='ltr'>Hoc</span> <span class='ocrx_word' id='word_1_515' title='bbox 1999 1758 2089 1792; x_wconf 87' lang='lat' dir='ltr'>enim</span> 
     </span>
     <span class='ocr_line' id='line_1_73' title="bbox 1207 1802 2090 1850; baseline 0.007 -15"><span class='ocrx_word' id='word_1_516' title='bbox 1207 1803 1251 1836; x_wconf 86' lang='lat' dir='ltr'>est</span> <span class='ocrx_word' id='word_1_517' title='bbox 1265 1802 1346 1836; x_wconf 77' lang='lat' dir='ltr'>adeo</span> <span class='ocrx_word' id='word_1_518' title='bbox 1360 1802 1557 1838; x_wconf 87' lang='lat' dir='ltr'>horrendum</span> <span class='ocrx_word' id='word_1_519' title='bbox 1570 1830 1579 1845; x_wconf 95' lang='lat'>,</span> <span class='ocrx_word' id='word_1_520' title='bbox 1606 1805 1754 1848; x_wconf 87' lang='lat' dir='ltr'>adeoque</span> <span class='ocrx_word' id='word_1_521' title='bbox 1766 1802 1882 1839; x_wconf 90' lang='lat' dir='ltr'>durum</span> <span class='ocrx_word' id='word_1_522' title='bbox 1904 1805 2018 1850; x_wconf 78' lang='lat' dir='ltr'>jugum</span> <span class='ocrx_word' id='word_1_523' title='bbox 2041 1808 2090 1841; x_wconf 85' lang='lat' dir='ltr'>in-</span> 
     </span>
     <span class='ocr_line' id='line_1_74' title="bbox 1204 1852 2090 1894; baseline 0.006 -10"><span class='ocrx_word' id='word_1_524' title='bbox 1204 1852 1280 1894; x_wconf 80' lang='lat' dir='ltr'>jecit</span> <span class='ocrx_word' id='word_1_525' title='bbox 1302 1853 1456 1887; x_wconf 85' lang='lat' dir='ltr'>omnibus</span> <span class='ocrx_word' id='word_1_526' title='bbox 1487 1854 1569 1888; x_wconf 82' lang='lat' dir='ltr'>Adae</span> <span class='ocrx_word' id='word_1_527' title='bbox 1591 1855 1689 1894; x_wconf 85' lang='lat' dir='ltr'>filiis,</span> <span class='ocrx_word' id='word_1_528' title='bbox 1716 1865 1752 1889; x_wconf 93' lang='lat' dir='ltr'>ut</span> <span class='ocrx_word' id='word_1_529' title='bbox 1774 1857 1890 1889; x_wconf 71' lang='lat' dir='ltr'>cunsta</span> <span class='ocrx_word' id='word_1_530' title='bbox 1913 1856 2021 1891; x_wconf 86' lang='lat' dir='ltr'>nostra</span> <span class='ocrx_word' id='word_1_531' title='bbox 2042 1868 2090 1892; x_wconf 87' lang='lat' dir='ltr'>et.</span> 
     </span>
    </p>
   </div>
   <div class='ocr_carea' id='block_1_8' title="bbox 260 1903 2086 1963">
    <p class='ocr_par' dir='ltr' id='par_1_9' title="bbox 260 1903 2086 1963">
     <span class='ocr_line' id='line_1_75' title="bbox 260 1903 2086 1963; baseline 0 -22"><span class='ocrx_word' id='word_1_532' title='bbox 260 1909 319 1947; x_wconf 72' lang='lat' dir='ltr'>«isia</span> <span class='ocrx_word' id='word_1_533' title='bbox 331 1907 505 1949; x_wconf 81' lang='lat' dir='ltr'>deformitas</span> <span class='ocrx_word' id='word_1_534' title='bbox 514 1905 692 1946; x_wconf 83' lang='lat' dir='ltr'>detestabilis</span> <span class='ocrx_word' id='word_1_535' title='bbox 720 1907 753 1938; x_wconf 67' lang='lat'>(5</span> <span class='ocrx_word' id='word_1_536' title='bbox 777 1913 856 1937; x_wconf 82' lang='lat' dir='ltr'>tetra</span> <span class='ocrx_word' id='word_1_537' title='bbox 861 1903 1041 1947; x_wconf 75' lang='lat' dir='ltr'>gentilibus,</span> <span class='ocrx_word' id='word_1_538' title='bbox 1072 1917 1160 1963; x_wconf 47' lang='lat' dir='ltr'>qua-3·</span> <span class='ocrx_word' id='word_1_539' title='bbox 1206 1903 1270 1935; x_wconf 86' lang='lat' dir='ltr'>iam</span> <span class='ocrx_word' id='word_1_540' title='bbox 1291 1903 1474 1938; x_wconf 86' lang='lat' dir='ltr'>voluntaria</span> <span class='ocrx_word' id='word_1_541' title='bbox 1499 1905 1598 1947; x_wconf 83' lang='lat' dir='ltr'>paffio</span> <span class='ocrx_word' id='word_1_542' title='bbox 1611 1903 1759 1938; x_wconf 89' lang='lat' dir='ltr'>videatur</span> <span class='ocrx_word' id='word_1_543' title='bbox 1781 1907 1842 1939; x_wconf 75' lang='lat' dir='ltr'>esse</span> <span class='ocrx_word' id='word_1_544' title='bbox 1863 1905 2086 1948; x_wconf 83' lang='lat' dir='ltr'>justumillius</span> 
     </span>
    </p>
   </div>
   <div class='ocr_carea' id='block_1_9' title="bbox 258 1954 1142 2699">
    <p class='ocr_par' dir='ltr' id='par_1_10' title="bbox 258 1954 1142 2699">
     <span class='ocr_line' id='line_1_76' title="bbox 261 1954 1142 2002; baseline -0.006 -11"><span class='ocrx_word' id='word_1_545' title='bbox 261 1960 286 1991; x_wconf 79' lang='lat' dir='ltr'>le</span> <span class='ocrx_word' id='word_1_546' title='bbox 302 1958 454 2002; x_wconf 77' lang='lat' dir='ltr'>splendore</span> <span class='ocrx_word' id='word_1_547' title='bbox 476 1954 672 1999; x_wconf 79' lang='lat' dir='ltr'>pensabitur?</span> <span class='ocrx_word' id='word_1_548' title='bbox 701 1955 802 1988; x_wconf 87' lang='lat' dir='ltr'>Hanc</span> <span class='ocrx_word' id='word_1_549' title='bbox 822 1955 1029 1988; x_wconf 89' lang='lat' dir='ltr'>metallorum</span> <span class='ocrx_word' id='word_1_550' title='bbox 1043 1955 1142 1988; x_wconf 85' lang='lat' dir='ltr'>vitam</span> 
     </span>
     <span class='ocr_line' id='line_1_77' title="bbox 258 2003 1142 2047; baseline -0.006 -6"><span class='ocrx_word' id='word_1_551' title='bbox 258 2008 492 2042; x_wconf 83' lang='lat' dir='ltr'>Tertullianus</span> <span class='ocrx_word' id='word_1_552' title='bbox 505 2005 618 2039; x_wconf 84' lang='lat' dir='ltr'>habuit</span> <span class='ocrx_word' id='word_1_553' title='bbox 630 2004 826 2039; x_wconf 78' lang='lat' dir='ltr'>notissimam</span> <span class='ocrx_word' id='word_1_554' title='bbox 838 2028 848 2044; x_wconf 92' lang='lat'>,</span> <span class='ocrx_word' id='word_1_555' title='bbox 877 2004 1015 2047; x_wconf 88' lang='lat' dir='ltr'>ideoque</span> <span class='ocrx_word' id='word_1_556' title='bbox 1028 2003 1068 2037; x_wconf 87' lang='lat' dir='ltr'>de</span> <span class='ocrx_word' id='word_1_557' title='bbox 1086 2015 1142 2036; x_wconf 89' lang='lat' dir='ltr'>no-</span> 
     </span>
     <span class='ocr_line' id='line_1_78' title="bbox 259 2052 1142 2101; baseline -0.007 -10"><span class='ocrx_word' id='word_1_558' title='bbox 259 2054 604 2101; x_wconf 71' lang='lat' dir='ltr'>visquotidiedelistis</span> <span class='ocrx_word' id='word_1_559' title='bbox 615 2065 682 2087; x_wconf 90' lang='lat' dir='ltr'>non</span> <span class='ocrx_word' id='word_1_560' title='bbox 708 2055 816 2095; x_wconf 88' lang='lat' dir='ltr'>potuit</span> <span class='ocrx_word' id='word_1_561' title='bbox 828 2053 1036 2086; x_wconf 88' lang='lat' dir='ltr'>calumniari.</span> <span class='ocrx_word' id='word_1_562' title='bbox 1066 2052 1142 2086; x_wconf 88' lang='lat' dir='ltr'>Por-</span> 
     </span>
     <span class='ocr_line' id='line_1_79' title="bbox 261 2101 1141 2140; baseline -0.008 1"><span class='ocrx_word' id='word_1_563' title='bbox 261 2106 301 2140; x_wconf 74' lang='lat' dir='ltr'>ro</span> <span class='ocrx_word' id='word_1_564' title='bbox 322 2106 467 2140; x_wconf 86' lang='lat' dir='ltr'>damnati</span> <span class='ocrx_word' id='word_1_565' title='bbox 491 2104 562 2138; x_wconf 87' lang='lat' dir='ltr'>istic</span> <span class='ocrx_word' id='word_1_566' title='bbox 585 2103 791 2137; x_wconf 67' lang='lat' dir='ltr'>confessores</span> <span class='ocrx_word' id='word_1_567' title='bbox 813 2101 885 2135; x_wconf 76' lang='lat' dir='ltr'>raro</span> <span class='ocrx_word' id='word_1_568' title='bbox 907 2101 1141 2136; x_wconf 84' lang='lat' dir='ltr'>occidebantur</span> 
     </span>
     <span class='ocr_line' id='line_1_80' title="bbox 261 2148 1140 2195; baseline -0.008 -4"><span class='ocrx_word' id='word_1_569' title='bbox 261 2157 281 2190; x_wconf 74' lang='grc' dir='ltr'>ἒι</span> <span class='ocrx_word' id='word_1_570' title='bbox 304 2148 465 2190; x_wconf 83' lang='lat' dir='ltr'>Romanis</span> <span class='ocrx_word' id='word_1_571' title='bbox 485 2154 665 2191; x_wconf 68' lang='lat' dir='ltr'>Praefestis,</span> <span class='ocrx_word' id='word_1_572' title='bbox 692 2152 725 2185; x_wconf 87' lang='lat'>&amp;</span> <span class='ocrx_word' id='word_1_573' title='bbox 746 2153 926 2195; x_wconf 83' lang='lat' dir='ltr'>frequenter</span> <span class='ocrx_word' id='word_1_574' title='bbox 949 2151 1040 2185; x_wconf 85' lang='lat' dir='ltr'>istam</span> <span class='ocrx_word' id='word_1_575' title='bbox 1053 2152 1140 2185; x_wconf 89' lang='lat' dir='ltr'>dam-</span> 
     </span>
     <span class='ocr_line' id='line_1_81' title="bbox 260 2200 1137 2246; baseline -0.007 -6"><span class='ocrx_word' id='word_1_576' title='bbox 260 2207 432 2240; x_wconf 79' lang='lat' dir='ltr'>nationem</span> <span class='ocrx_word' id='word_1_577' title='bbox 455 2203 592 2246; x_wconf 86' lang='lat' dir='ltr'>pecunia</span> <span class='ocrx_word' id='word_1_578' title='bbox 616 2201 818 2235; x_wconf 88' lang='lat' dir='ltr'>redimebant</span> <span class='ocrx_word' id='word_1_579' title='bbox 843 2226 851 2233; x_wconf 91' lang='lat'><em>.</em></span> <span class='ocrx_word' id='word_1_580' title='bbox 891 2200 935 2234; x_wconf 89' lang='lat' dir='ltr'>Et</span> <span class='ocrx_word' id='word_1_581' title='bbox 963 2201 1050 2244; x_wconf 82' lang='lat' dir='ltr'>quod</span> <span class='ocrx_word' id='word_1_582' title='bbox 1078 2201 1137 2234; x_wconf 85' lang='lat' dir='ltr'>ista</span> 
     </span>
     <span class='ocr_line' id='line_1_82' title="bbox 258 2249 1136 2295; baseline -0.008 -5"><span class='ocrx_word' id='word_1_583' title='bbox 258 2254 419 2289; x_wconf 86' lang='lat' dir='ltr'>confeffio</span> <span class='ocrx_word' id='word_1_584' title='bbox 438 2253 590 2295; x_wconf 89' lang='lat' dir='ltr'>deinceps</span> <span class='ocrx_word' id='word_1_585' title='bbox 613 2263 681 2284; x_wconf 87' lang='lat' dir='ltr'>non</span> <span class='ocrx_word' id='word_1_586' title='bbox 702 2250 850 2285; x_wconf 86' lang='lat' dir='ltr'>redderet</span> <span class='ocrx_word' id='word_1_587' title='bbox 872 2249 1136 2294; x_wconf 89' lang='lat' dir='ltr'>impeccabilem,</span> 
     </span>
     <span class='ocr_line' id='line_1_83' title="bbox 261 2299 1135 2348; baseline -0.005 -10"><span class='ocrx_word' id='word_1_588' title='bbox 261 2305 451 2348; x_wconf 85' lang='lat' dir='ltr'>Cyprianus</span> <span class='ocrx_word' id='word_1_589' title='bbox 470 2302 582 2336; x_wconf 88' lang='lat' dir='ltr'>multis</span> <span class='ocrx_word' id='word_1_590' title='bbox 608 2301 751 2334; x_wconf 87' lang='lat' dir='ltr'>ostendit</span> <span class='ocrx_word' id='word_1_591' title='bbox 772 2300 806 2334; x_wconf 87' lang='lat' dir='ltr'>in</span> <span class='ocrx_word' id='word_1_592' title='bbox 844 2299 927 2334; x_wconf 90' lang='lat' dir='ltr'>libro</span> <span class='ocrx_word' id='word_1_593' title='bbox 947 2301 988 2334; x_wconf 90' lang='lat' dir='ltr'>de</span> <span class='ocrx_word' id='word_1_594' title='bbox 1009 2302 1135 2334; x_wconf 86' lang='lat' dir='ltr'>unitate</span> 
     </span>
     <span class='ocr_line' id='line_1_84' title="bbox 261 2349 1137 2395; baseline -0.007 -7"><span class='ocrx_word' id='word_1_595' title='bbox 261 2354 413 2389; x_wconf 76' lang='lat' dir='ltr'>Ecclefiae</span> <span class='ocrx_word' id='word_1_596' title='bbox 436 2376 448 2392; x_wconf 91' lang='lat'>,</span> <span class='ocrx_word' id='word_1_597' title='bbox 485 2361 582 2395; x_wconf 87' lang='lat' dir='ltr'>atque</span> <span class='ocrx_word' id='word_1_598' title='bbox 603 2350 753 2395; x_wconf 81' lang='lat' dir='ltr'>adjungit</span> <span class='ocrx_word' id='word_1_599' title='bbox 774 2362 782 2383; x_wconf 92' lang='lat'>:</span> <span class='ocrx_word' id='word_1_600' title='bbox 820 2350 966 2393; x_wconf 85' lang='lat' dir='ltr'>Confeffor</span> <span class='ocrx_word' id='word_1_601' title='bbox 986 2350 1023 2389; x_wconf 86' lang='lat' dir='ltr'>est</span> <span class='ocrx_word' id='word_1_602' title='bbox 1047 2375 1057 2390; x_wconf 94' lang='lat'>,</span> <span class='ocrx_word' id='word_1_603' title='bbox 1079 2349 1137 2393; x_wconf 70' lang='lat' dir='ltr'>sed</span> 
     </span>
     <span class='ocr_line' id='line_1_85' title="bbox 259 2400 1134 2447; baseline -0.006 -10"><span class='ocrx_word' id='word_1_604' title='bbox 259 2405 320 2447; x_wconf 83' lang='lat' dir='ltr'>post</span> <span class='ocrx_word' id='word_1_605' title='bbox 343 2402 549 2444; x_wconf 84' lang='lat' dir='ltr'>Confeffionem</span> <span class='ocrx_word' id='word_1_606' title='bbox 563 2400 729 2443; x_wconf 68' lang='lat' dir='ltr'>&#39;periculum</span> <span class='ocrx_word' id='word_1_607' title='bbox 751 2402 849 2439; x_wconf 83' lang='lat' dir='ltr'>maius</span> <span class='ocrx_word' id='word_1_608' title='bbox 873 2400 910 2440; x_wconf 81' lang='lat' dir='ltr'>est</span> <span class='ocrx_word' id='word_1_609' title='bbox 934 2426 940 2432; x_wconf 92' lang='lat'><strong>.</strong></span> <span class='ocrx_word' id='word_1_610' title='bbox 967 2403 1050 2444; x_wconf 76' lang='lat' dir='ltr'>,Quia</span> <span class='ocrx_word' id='word_1_611' title='bbox 1066 2401 1134 2441; x_wconf 89' lang='lat' dir='ltr'>plus</span> 
     </span>
     <span class='ocr_line' id='line_1_86' title="bbox 260 2450 1134 2498; baseline -0.005 -11"><span class='ocrx_word' id='word_1_612' title='bbox 260 2452 454 2496; x_wconf 81' lang='lat' dir='ltr'>adversarius</span> <span class='ocrx_word' id='word_1_613' title='bbox 462 2460 639 2494; x_wconf 83' lang='lat' dir='ltr'>provocatus</span> <span class='ocrx_word' id='word_1_614' title='bbox 656 2475 661 2481; x_wconf 92' lang='lat'>.</span> <span class='ocrx_word' id='word_1_615' title='bbox 684 2450 789 2498; x_wconf 84' lang='lat' dir='ltr'>Qod</span> <span class='ocrx_word' id='word_1_616' title='bbox 802 2451 905 2493; x_wconf 87' lang='lat' dir='ltr'>ipsum</span> <span class='ocrx_word' id='word_1_617' title='bbox 918 2450 1027 2484; x_wconf 88' lang='lat' dir='ltr'>scribit</span> <span class='ocrx_word' id='word_1_618' title='bbox 1039 2450 1071 2483; x_wconf 88' lang='lat' dir='ltr'>in</span> <span class='ocrx_word' id='word_1_619' title='bbox 1085 2450 1134 2483; x_wconf 92' lang='lat' dir='ltr'>lit-</span> 
     </span>
     <span class='ocr_line' id='line_1_87' title="bbox 259 2499 1134 2544; baseline -0.007 -6"><span class='ocrx_word' id='word_1_620' title='bbox 259 2505 337 2537; x_wconf 73' lang='lat' dir='ltr'>teris</span> <span class='ocrx_word' id='word_1_621' title='bbox 356 2503 396 2537; x_wconf 87' lang='lat' dir='ltr'>ad</span> <span class='ocrx_word' id='word_1_622' title='bbox 418 2501 643 2544; x_wconf 89' lang='lat' dir='ltr'>Pomponium</span> <span class='ocrx_word' id='word_1_623' title='bbox 657 2500 873 2543; x_wconf 86' lang='lat' dir='ltr'>Episcopum,</span> <span class='ocrx_word' id='word_1_624' title='bbox 901 2511 938 2533; x_wconf 90' lang='lat' dir='ltr'>ac</span> <span class='ocrx_word' id='word_1_625' title='bbox 962 2499 995 2532; x_wconf 90' lang='lat' dir='ltr'>in</span> <span class='ocrx_word' id='word_1_626' title='bbox 1019 2500 1134 2533; x_wconf 87' lang='lat' dir='ltr'>litteris</span> 
     </span>
     <span class='ocr_line' id='line_1_88' title="bbox 259 2547 1131 2596; baseline -0.007 -8"><span class='ocrx_word' id='word_1_627' title='bbox 259 2556 300 2588; x_wconf 79' lang='lat' dir='ltr'>ad</span> <span class='ocrx_word' id='word_1_628' title='bbox 314 2553 539 2596; x_wconf 88' lang='lat' dir='ltr'>Rogatianum</span> <span class='ocrx_word' id='word_1_629' title='bbox 553 2549 778 2592; x_wconf 85' lang='lat' dir='ltr'>Presbyterum</span> <span class='ocrx_word' id='word_1_630' title='bbox 790 2574 800 2588; x_wconf 93' lang='lat'>,</span> <span class='ocrx_word' id='word_1_631' title='bbox 828 2551 861 2583; x_wconf 90' lang='lat'>&amp;</span> <span class='ocrx_word' id='word_1_632' title='bbox 871 2560 948 2583; x_wconf 90' lang='lat' dir='ltr'>cum</span> <span class='ocrx_word' id='word_1_633' title='bbox 959 2549 1028 2592; x_wconf 88' lang='lat' dir='ltr'>ipso</span> <span class='ocrx_word' id='word_1_634' title='bbox 1039 2547 1056 2582; x_wconf 77' lang='grc' dir='ltr'>ὲ</span> <span class='ocrx_word' id='word_1_635' title='bbox 1067 2560 1131 2583; x_wconf 90' lang='lat' dir='ltr'>car·</span> 
     </span>
     <span class='ocr_line' id='line_1_89' title="bbox 258 2597 1130 2642; baseline -0.008 -4"><span class='ocrx_word' id='word_1_636' title='bbox 258 2615 331 2638; x_wconf 91' lang='lat' dir='ltr'>cere</span> <span class='ocrx_word' id='word_1_637' title='bbox 341 2603 423 2636; x_wconf 84' lang='lat' dir='ltr'>alios</span> <span class='ocrx_word' id='word_1_638' title='bbox 435 2601 587 2634; x_wconf 86' lang='lat' dir='ltr'>liberatos</span> <span class='ocrx_word' id='word_1_639' title='bbox 600 2599 823 2639; x_wconf 86' lang='lat' dir='ltr'>Confessores‚</span> <span class='ocrx_word' id='word_1_640' title='bbox 852 2608 949 2641; x_wconf 90' lang='lat' dir='ltr'>atque</span> <span class='ocrx_word' id='word_1_641' title='bbox 966 2597 1130 2642; x_wconf 76' lang='lat' dir='ltr'>adjungit:</span> 
     </span>
     <span class='ocr_line' id='line_1_90' title="bbox 259 2648 1131 2699; baseline -0.006 -13"><span class='ocrx_word' id='word_1_642' title='bbox 259 2653 417 2699; x_wconf 76' lang='lat' dir='ltr'>,Quojdam</span> <span class='ocrx_word' id='word_1_643' title='bbox 428 2652 514 2684; x_wconf 83' lang='lat' dir='ltr'>audio</span> <span class='ocrx_word' id='word_1_644' title='bbox 524 2650 638 2692; x_wconf 84' lang='lat' dir='ltr'>inficere</span> <span class='ocrx_word' id='word_1_645' title='bbox 651 2660 803 2681; x_wconf 86' lang='lat' dir='ltr'>numerum</span> <span class='ocrx_word' id='word_1_646' title='bbox 817 2648 959 2688; x_wconf 84' lang='lat' dir='ltr'>vestrum,</span> <span class='ocrx_word' id='word_1_647' title='bbox 972 2649 1131 2682; x_wconf 73' lang='lat' dir='ltr'>&amp;laudem</span> 
     </span>
    </p>
   </div>
   <div class='ocr_carea' id='block_1_10' title="bbox 236 2693 1129 2746">
    <p class='ocr_par' dir='ltr' id='par_1_11' title="bbox 236 2693 1129 2746">
     <span class='ocr_line' id='line_1_91' title="bbox 236 2693 1129 2746; baseline -0.007 -10"><span class='ocrx_word' id='word_1_648' title='bbox 236 2693 242 2699; x_wconf 46' lang='lat'><em>⁶</em></span> <span class='ocrx_word' id='word_1_649' title='bbox 254 2708 402 2746; x_wconf 79' lang='lat' dir='ltr'>praecipui</span> <span class='ocrx_word' id='word_1_650' title='bbox 413 2706 538 2734; x_wconf 87' lang='lat' dir='ltr'>nominis</span> <span class='ocrx_word' id='word_1_651' title='bbox 548 2708 653 2741; x_wconf 85' lang='lat' dir='ltr'>prava</span> <span class='ocrx_word' id='word_1_652' title='bbox 670 2697 727 2742; x_wconf 85' lang='lat' dir='ltr'>sua</span> <span class='ocrx_word' id='word_1_653' title='bbox 736 2697 950 2741; x_wconf 77' lang='lat' dir='ltr'>conversatione</span> <span class='ocrx_word' id='word_1_654' title='bbox 969 2696 1129 2736; x_wconf 86' lang='lat' dir='ltr'>destruere.</span> 
     </span>
    </p>
   </div>
   <div class='ocr_carea' id='block_1_11' title="bbox 249 2746 1138 3439">
    <p class='ocr_par' dir='ltr' id='par_1_12' title="bbox 249 2746 1138 3439">
     <span class='ocr_line' id='line_1_92' title="bbox 258 2746 1138 2795; baseline -0.008 -8"><span class='ocrx_word' id='word_1_655' title='bbox 258 2755 369 2787; x_wconf 83' lang='lat' dir='ltr'>Etiam</span> <span class='ocrx_word' id='word_1_656' title='bbox 393 2763 448 2795; x_wconf 93' lang='lat' dir='ltr'>per</span> <span class='ocrx_word' id='word_1_657' title='bbox 470 2748 643 2784; x_wconf 87' lang='lat' dir='ltr'>moechiam</span> <span class='ocrx_word' id='word_1_658' title='bbox 662 2773 669 2780; x_wconf 93' lang='lat'><strong><em>.</em></strong></span> <span class='ocrx_word' id='word_1_659' title='bbox 699 2748 791 2781; x_wconf 89' lang='lat' dir='ltr'>Hinc</span> <span class='ocrx_word' id='word_1_660' title='bbox 812 2746 890 2791; x_wconf 77' lang='lat' dir='ltr'>ergo</span> <span class='ocrx_word' id='word_1_661' title='bbox 912 2747 1020 2781; x_wconf 90' lang='lat' dir='ltr'>scribit</span> <span class='ocrx_word' id='word_1_662' title='bbox 1043 2760 1050 2780; x_wconf 92' lang='lat'>:</span> <span class='ocrx_word' id='word_1_663' title='bbox 1076 2748 1138 2793; x_wconf 34' lang='lat' dir='ltr'>Ubi‘</span> 
     </span>
     <span class='ocr_line' id='line_1_93' title="bbox 251 2796 1128 2845; baseline -0.007 -9"><span class='ocrx_word' id='word_1_664' title='bbox 251 2806 322 2845; x_wconf 80' lang='lat' dir='ltr'>jam</span> <span class='ocrx_word' id='word_1_665' title='bbox 333 2803 419 2835; x_wconf 87' lang='lat' dir='ltr'>aliud</span> <span class='ocrx_word' id='word_1_666' title='bbox 428 2806 597 2838; x_wconf 80' lang='lat' dir='ltr'>martyrium</span> <span class='ocrx_word' id='word_1_667' title='bbox 609 2798 788 2840; x_wconf 80' lang='lat' dir='ltr'>neceffarium</span> <span class='ocrx_word' id='word_1_668' title='bbox 799 2797 835 2837; x_wconf 87' lang='lat' dir='ltr'>est</span> <span class='ocrx_word' id='word_1_669' title='bbox 847 2797 959 2829; x_wconf 56' lang='lat' dir='ltr'>delmi!</span> <span class='ocrx_word' id='word_1_670' title='bbox 977 2796 1039 2838; x_wconf 84' lang='lat' dir='ltr'>post</span> <span class='ocrx_word' id='word_1_671' title='bbox 1053 2810 1128 2830; x_wconf 84' lang='lat' dir='ltr'>mar-</span> 
     </span>
     <span class='ocr_line' id='line_1_94' title="bbox 257 2847 1128 2892; baseline -0.007 -7"><span class='ocrx_word' id='word_1_672' title='bbox 257 2859 362 2892; x_wconf 74' lang='lat' dir='ltr'>tyrium</span> <span class='ocrx_word' id='word_1_673' title='bbox 383 2857 469 2885; x_wconf 82' lang='lat' dir='ltr'>novis</span> <span class='ocrx_word' id='word_1_674' title='bbox 482 2874 489 2881; x_wconf 83' lang='lat'><strong>.</strong></span> <span class='ocrx_word' id='word_1_675' title='bbox 518 2849 669 2882; x_wconf 81' lang='lat' dir='ltr'>Affirmat</span> <span class='ocrx_word' id='word_1_676' title='bbox 683 2847 780 2881; x_wconf 85' lang='lat' dir='ltr'>hosce</span> <span class='ocrx_word' id='word_1_677' title='bbox 799 2848 961 2888; x_wconf 82' lang='lat' dir='ltr'>Martyres</span> <span class='ocrx_word' id='word_1_678' title='bbox 990 2847 1128 2881; x_wconf 89' lang='lat' dir='ltr'>necdum</span> 
     </span>
     <span class='ocr_line' id='line_1_95' title="bbox 256 2895 1128 2940; baseline -0.007 -4"><span class='ocrx_word' id='word_1_679' title='bbox 256 2903 320 2935; x_wconf 78' lang='lat' dir='ltr'>esse</span> <span class='ocrx_word' id='word_1_680' title='bbox 339 2903 379 2935; x_wconf 92' lang='lat' dir='ltr'>de</span> <span class='ocrx_word' id='word_1_681' title='bbox 400 2902 455 2934; x_wconf 85' lang='lat' dir='ltr'>sua</span> <span class='ocrx_word' id='word_1_682' title='bbox 476 2899 576 2933; x_wconf 80' lang='lat' dir='ltr'>salute</span> <span class='ocrx_word' id='word_1_683' title='bbox 596 2906 719 2938; x_wconf 89' lang='lat' dir='ltr'>certos,</span> <span class='ocrx_word' id='word_1_684' title='bbox 747 2895 885 2930; x_wconf 87' lang='lat' dir='ltr'>necdum</span> <span class='ocrx_word' id='word_1_685' title='bbox 899 2897 1007 2930; x_wconf 81' lang='lat' dir='ltr'>firmos</span> <span class='ocrx_word' id='word_1_686' title='bbox 1028 2897 1060 2930; x_wconf 84' lang='lat' dir='ltr'>in</span> <span class='ocrx_word' id='word_1_687' title='bbox 1083 2897 1128 2940; x_wconf 83' lang='lat' dir='ltr'>ju-</span> 
     </span>
     <span class='ocr_line' id='line_1_96' title="bbox 256 2945 1128 2990; baseline -0.005 -5"><span class='ocrx_word' id='word_1_688' title='bbox 256 2951 366 2990; x_wconf 76' lang='lat' dir='ltr'>stitia,</span> <span class='ocrx_word' id='word_1_689' title='bbox 391 2949 496 2984; x_wconf 88' lang='lat' dir='ltr'>adhuc</span> <span class='ocrx_word' id='word_1_690' title='bbox 518 2949 630 2982; x_wconf 85' lang='lat' dir='ltr'>labiles</span> <span class='ocrx_word' id='word_1_691' title='bbox 650 2948 747 2981; x_wconf 89' lang='lat' dir='ltr'>etiam</span> <span class='ocrx_word' id='word_1_692' title='bbox 771 2948 802 2980; x_wconf 91' lang='lat' dir='ltr'>in</span> <span class='ocrx_word' id='word_1_693' title='bbox 817 2945 1014 2986; x_wconf 75' lang='lat' dir='ltr'>moechiam,</span> <span class='ocrx_word' id='word_1_694' title='bbox 1041 2947 1128 2981; x_wconf 87' lang='lat' dir='ltr'>ideo-</span> 
     </span>
     <span class='ocr_line' id='line_1_97' title="bbox 255 2996 1127 3045; baseline -0.003 -11"><span class='ocrx_word' id='word_1_695' title='bbox 255 3002 459 3045; x_wconf 85' lang='lat' dir='ltr'>queineptos</span> <span class='ocrx_word' id='word_1_696' title='bbox 469 2998 508 3032; x_wconf 91' lang='lat' dir='ltr'>ad</span> <span class='ocrx_word' id='word_1_697' title='bbox 522 2998 593 3032; x_wconf 86' lang='lat' dir='ltr'>aliis</span> <span class='ocrx_word' id='word_1_698' title='bbox 603 2998 728 3032; x_wconf 89' lang='lat' dir='ltr'>dandos</span> <span class='ocrx_word' id='word_1_699' title='bbox 749 2997 834 3039; x_wconf 86' lang='lat' dir='ltr'>pacis</span> <span class='ocrx_word' id='word_1_700' title='bbox 856 2996 998 3030; x_wconf 87' lang='lat' dir='ltr'>libellos.</span> <span class='ocrx_word' id='word_1_701' title='bbox 1027 2996 1127 3031; x_wconf 90' lang='lat' dir='ltr'>Hunc</span> 
     </span>
     <span class='ocr_line' id='line_1_98' title="bbox 254 3042 1127 3089; baseline -0.007 -5"><span class='ocrx_word' id='word_1_702' title='bbox 254 3051 382 3084; x_wconf 85' lang='lat' dir='ltr'>sensum</span> <span class='ocrx_word' id='word_1_703' title='bbox 394 3048 592 3082; x_wconf 86' lang='lat' dir='ltr'>confirmant</span> <span class='ocrx_word' id='word_1_704' title='bbox 603 3047 696 3081; x_wconf 88' lang='lat' dir='ltr'>verba</span> <span class='ocrx_word' id='word_1_705' title='bbox 709 3047 894 3089; x_wconf 82' lang='lat' dir='ltr'>sequentia.-</span> <span class='ocrx_word' id='word_1_706' title='bbox 923 3051 958 3079; x_wconf 75' lang='lat' dir='ltr'>In</span> <span class='ocrx_word' id='word_1_707' title='bbox 980 3042 1043 3088; x_wconf 85' lang='lat' dir='ltr'>ipsa</span> <span class='ocrx_word' id='word_1_708' title='bbox 1065 3048 1127 3079; x_wconf 85' lang='lat' dir='ltr'>dico</span> 
     </span>
     <span class='ocr_line' id='line_1_99' title="bbox 251 3095 1125 3144; baseline -0.003 -12"><span class='ocrx_word' id='word_1_709' title='bbox 251 3101 411 3144; x_wconf 78' lang='lat' dir='ltr'>securitate</span> <span class='ocrx_word' id='word_1_710' title='bbox 437 3098 630 3140; x_wconf 75' lang='lat' dir='ltr'>&amp;posseffione</span> <span class='ocrx_word' id='word_1_711' title='bbox 640 3103 770 3135; x_wconf 78' lang='lat' dir='ltr'>martyrii</span> <span class='ocrx_word' id='word_1_712' title='bbox 794 3102 860 3139; x_wconf 85' lang='lat' dir='ltr'>quis</span> <span class='ocrx_word' id='word_1_713' title='bbox 878 3100 1027 3137; x_wconf 84' lang='lat' dir='ltr'>permittit</span> <span class='ocrx_word' id='word_1_714' title='bbox 1040 3095 1125 3129; x_wconf 87' lang='lat' dir='ltr'>homi-</span> 
     </span>
     <span class='ocr_line' id='line_1_100' title="bbox 252 3143 1126 3190; baseline -0.005 -7"><span class='ocrx_word' id='word_1_715' title='bbox 252 3158 286 3183; x_wconf 79' lang='lat' dir='ltr'>ni</span> <span class='ocrx_word' id='word_1_716' title='bbox 309 3151 439 3188; x_wconf 88' lang='lat' dir='ltr'>donare,</span> <span class='ocrx_word' id='word_1_717' title='bbox 466 3159 532 3190; x_wconf 85' lang='lat' dir='ltr'>quae</span> <span class='ocrx_word' id='word_1_718' title='bbox 546 3151 606 3180; x_wconf 91' lang='lat' dir='ltr'>Deo</span> <span class='ocrx_word' id='word_1_719' title='bbox 629 3146 813 3189; x_wconf 79' lang='lat' dir='ltr'>reservanda</span> <span class='ocrx_word' id='word_1_720' title='bbox 828 3143 928 3189; x_wconf 80' lang='lat' dir='ltr'>sunt?</span> <span class='ocrx_word' id='word_1_721' title='bbox 954 3147 1126 3180; x_wconf 85' lang='lat' dir='ltr'>Damnatis</span> 
     </span>
     <span class='ocr_line' id='line_1_101' title="bbox 253 3194 1125 3238; baseline -0.006 -3"><span class='ocrx_word' id='word_1_722' title='bbox 253 3202 294 3235; x_wconf 87' lang='lat' dir='ltr'>ad</span> <span class='ocrx_word' id='word_1_723' title='bbox 319 3197 448 3233; x_wconf 85' lang='lat' dir='ltr'>metalla</span> <span class='ocrx_word' id='word_1_724' title='bbox 465 3221 476 3238; x_wconf 94' lang='lat'>,</span> <span class='ocrx_word' id='word_1_725' title='bbox 505 3196 644 3237; x_wconf 82' lang='lat' dir='ltr'>ideoque</span> <span class='ocrx_word' id='word_1_726' title='bbox 670 3196 687 3229; x_wconf 72' lang='lat' dir='ltr'>a</span> <span class='ocrx_word' id='word_1_727' title='bbox 711 3195 855 3238; x_wconf 87' lang='lat' dir='ltr'>martyrii</span> <span class='ocrx_word' id='word_1_728' title='bbox 876 3194 1063 3238; x_wconf 69' lang='lat' dir='ltr'>possessione</span> <span class='ocrx_word' id='word_1_729' title='bbox 1088 3207 1125 3230; x_wconf 90' lang='lat' dir='ltr'>ac</span> 
     </span>
     <span class='ocr_line' id='line_1_102' title="bbox 250 3244 1125 3285; baseline -0.007 -1"><span class='ocrx_word' id='word_1_730' title='bbox 250 3250 420 3285; x_wconf 86' lang='lat' dir='ltr'>securitate</span> <span class='ocrx_word' id='word_1_731' title='bbox 441 3244 547 3280; x_wconf 85' lang='lat' dir='ltr'>adhuc</span> <span class='ocrx_word' id='word_1_732' title='bbox 569 3244 786 3279; x_wconf 75' lang='lat' dir='ltr'>remotissimis</span> <span class='ocrx_word' id='word_1_733' title='bbox 798 3245 1045 3279; x_wconf 81' lang='lat' dir='ltr'>Confessoribus</span> <span class='ocrx_word' id='word_1_734' title='bbox 1058 3246 1125 3282; x_wconf 83' lang='lat' dir='ltr'>vult</span> 
     </span>
     <span class='ocr_line' id='line_1_103' title="bbox 249 3294 1122 3334; baseline -0.007 1"><span class='ocrx_word' id='word_1_735' title='bbox 249 3300 344 3334; x_wconf 82' lang='lat' dir='ltr'>istam</span> <span class='ocrx_word' id='word_1_736' title='bbox 382 3296 610 3331; x_wconf 85' lang='lat' dir='ltr'>authoritatem</span> <span class='ocrx_word' id='word_1_737' title='bbox 648 3306 715 3328; x_wconf 91' lang='lat' dir='ltr'>non</span> <span class='ocrx_word' id='word_1_738' title='bbox 753 3296 814 3329; x_wconf 75' lang='lat' dir='ltr'>esse</span> <span class='ocrx_word' id='word_1_739' title='bbox 851 3294 1091 3329; x_wconf 83' lang='lat' dir='ltr'>adscribendam</span> <span class='ocrx_word' id='word_1_740' title='bbox 1115 3323 1122 3329; x_wconf 92' lang='lat'>.</span> 
     </span>
     <span class='ocr_line' id='line_1_104' title="bbox 251 3345 1123 3390; baseline -0.007 -5"><span class='ocrx_word' id='word_1_741' title='bbox 251 3349 361 3385; x_wconf 87' lang='lat' dir='ltr'>Verba</span> <span class='ocrx_word' id='word_1_742' title='bbox 378 3375 388 3390; x_wconf 90' lang='lat'>‚</span> <span class='ocrx_word' id='word_1_743' title='bbox 415 3347 471 3381; x_wconf 80' lang='lat' dir='ltr'>Ubi</span> <span class='ocrx_word' id='word_1_744' title='bbox 490 3348 560 3388; x_wconf 85' lang='lat' dir='ltr'>jam</span> <span class='ocrx_word' id='word_1_745' title='bbox 586 3345 670 3378; x_wconf 86' lang='lat' dir='ltr'>aliud</span> <span class='ocrx_word' id='word_1_746' title='bbox 695 3351 864 3383; x_wconf 76' lang='lat' dir='ltr'>martyrium</span> <span class='ocrx_word' id='word_1_747' title='bbox 889 3345 1070 3387; x_wconf 66' lang='lat' dir='ltr'>necessarium</span> <span class='ocrx_word' id='word_1_748' title='bbox 1086 3347 1123 3387; x_wconf 82' lang='lat' dir='ltr'>est</span> 
     </span>
     <span class='ocr_line' id='line_1_105' title="bbox 349 3397 764 3439; baseline -0.012 -7"><span class='ocrx_word' id='word_1_749' title='bbox 349 3397 454 3438; x_wconf 83' lang='lat' dir='ltr'>Christ.</span> <span class='ocrx_word' id='word_1_750' title='bbox 470 3400 547 3439; x_wconf 87' lang='lat' dir='ltr'>Lupi</span> <span class='ocrx_word' id='word_1_751' title='bbox 559 3399 658 3438; x_wconf 85' lang='lat' dir='ltr'>Opera</span> <span class='ocrx_word' id='word_1_752' title='bbox 669 3398 702 3427; x_wconf 87' lang='lat' dir='ltr'>T.</span> <span class='ocrx_word' id='word_1_753' title='bbox 716 3398 764 3427; x_wconf 89' lang='lat' dir='ltr'>VI.</span> 
     </span>
    </p>
   </div>
   <div class='ocr_carea' id='block_1_12' title="bbox 1181 1953 2085 3391">
    <p class='ocr_par' dir='ltr' id='par_1_13' title="bbox 1181 1953 2085 3391">
     <span class='ocr_line' id='line_1_106' title="bbox 1204 1953 2085 2002; baseline 0.008 -17"><span class='ocrx_word' id='word_1_754' title='bbox 1204 1953 1394 1997; x_wconf 86' lang='lat' dir='ltr'>supplicium</span> <span class='ocrx_word' id='word_1_755' title='bbox 1419 1978 1430 1994; x_wconf 93' lang='lat'>,</span> <span class='ocrx_word' id='word_1_756' title='bbox 1459 1953 1599 1997; x_wconf 86' lang='lat' dir='ltr'>ideoque</span> <span class='ocrx_word' id='word_1_757' title='bbox 1634 1955 1741 1988; x_wconf 85' lang='lat' dir='ltr'>nullus</span> <span class='ocrx_word' id='word_1_758' title='bbox 1779 1955 1958 1999; x_wconf 89' lang='lat' dir='ltr'>quidquam</span> <span class='ocrx_word' id='word_1_759' title='bbox 1980 1982 1990 1998; x_wconf 96' lang='lat'>,</span> <span class='ocrx_word' id='word_1_760' title='bbox 2016 1970 2085 2002; x_wconf 86' lang='lat' dir='ltr'>quo</span> 
     </span>
     <span class='ocr_line' id='line_1_107' title="bbox 1203 2003 2082 2050; baseline 0.009 -16"><span class='ocrx_word' id='word_1_761' title='bbox 1203 2003 1309 2035; x_wconf 81' lang='lat' dir='ltr'>aliena</span> <span class='ocrx_word' id='word_1_762' title='bbox 1329 2003 1438 2037; x_wconf 89' lang='lat' dir='ltr'>debita</span> <span class='ocrx_word' id='word_1_763' title='bbox 1459 2005 1553 2048; x_wconf 80' lang='lat' dir='ltr'>possit</span> <span class='ocrx_word' id='word_1_764' title='bbox 1575 2016 1784 2049; x_wconf 83' lang='lat' dir='ltr'>expungere,</span> <span class='ocrx_word' id='word_1_765' title='bbox 1807 2006 1890 2039; x_wconf 87' lang='lat' dir='ltr'>ultra</span> <span class='ocrx_word' id='word_1_766' title='bbox 1914 2007 2082 2050; x_wconf 86' lang='lat' dir='ltr'>proprium</span> 
     </span>
     <span class='ocr_line' id='line_1_108' title="bbox 1202 2052 2081 2096; baseline 0.008 -12"><span class='ocrx_word' id='word_1_767' title='bbox 1202 2052 1395 2087; x_wconf 86' lang='lat' dir='ltr'>demeritum</span> <span class='ocrx_word' id='word_1_768' title='bbox 1408 2055 1564 2096; x_wconf 87' lang='lat' dir='ltr'>patiatur.</span> <span class='ocrx_word' id='word_1_769' title='bbox 1592 2055 1668 2088; x_wconf 88' lang='lat' dir='ltr'>Hac</span> <span class='ocrx_word' id='word_1_770' title='bbox 1680 2055 1721 2089; x_wconf 93' lang='lat' dir='ltr'>de</span> <span class='ocrx_word' id='word_1_771' title='bbox 1732 2067 1764 2088; x_wconf 89' lang='lat' dir='ltr'>re</span> <span class='ocrx_word' id='word_1_772' title='bbox 1778 2055 1887 2089; x_wconf 87' lang='lat' dir='ltr'>scribit</span> <span class='ocrx_word' id='word_1_773' title='bbox 1898 2055 1933 2090; x_wconf 86' lang='lat' dir='ltr'>in</span> <span class='ocrx_word' id='word_1_774' title='bbox 1947 2056 2081 2092; x_wconf 86' lang='lat' dir='ltr'>inchoa·-</span> 
     </span>
     <span class='ocr_line' id='line_1_109' title="bbox 1202 2100 2078 2147; baseline 0.008 -14"><span class='ocrx_word' id='word_1_775' title='bbox 1202 2110 1233 2134; x_wconf 84' lang='lat' dir='ltr'>ta</span> <span class='ocrx_word' id='word_1_776' title='bbox 1258 2100 1456 2143; x_wconf 82' lang='lat' dir='ltr'>Apostolicae</span> <span class='ocrx_word' id='word_1_777' title='bbox 1479 2104 1518 2135; x_wconf 89' lang='lat' dir='ltr'>ad</span> <span class='ocrx_word' id='word_1_778' title='bbox 1532 2103 1701 2136; x_wconf 87' lang='lat' dir='ltr'>Romanos</span> <span class='ocrx_word' id='word_1_779' title='bbox 1716 2104 1859 2146; x_wconf 83' lang='lat' dir='ltr'>epistoiae</span> <span class='ocrx_word' id='word_1_780' title='bbox 1876 2107 2078 2147; x_wconf 82' lang='lat' dir='ltr'>expositione</span> 
     </span>
     <span class='ocr_line' id='line_1_110' title="bbox 1203 2151 2077 2197; baseline 0.007 -14"><span class='ocrx_word' id='word_1_781' title='bbox 1203 2151 1336 2184; x_wconf 72' lang='lat' dir='ltr'>Santstus</span> <span class='ocrx_word' id='word_1_782' title='bbox 1358 2151 1585 2195; x_wconf 87' lang='lat' dir='ltr'>Augustinus:</span> <span class='ocrx_word' id='word_1_783' title='bbox 1612 2153 1882 2197; x_wconf 84' lang='lat' dir='ltr'>DivinaeJustitiae</span> <span class='ocrx_word' id='word_1_784' title='bbox 1904 2163 1995 2187; x_wconf 86' lang='lat' dir='ltr'>tanta</span> <span class='ocrx_word' id='word_1_785' title='bbox 2013 2167 2077 2189; x_wconf 82' lang='lat' dir='ltr'>con-</span> 
     </span>
     <span class='ocr_line' id='line_1_111' title="bbox 1196 2200 2077 2247; baseline 0.01 -16"><span class='ocrx_word' id='word_1_786' title='bbox 1196 2200 1312 2239; x_wconf 86' lang='lat' dir='ltr'>stantia</span> <span class='ocrx_word' id='word_1_787' title='bbox 1323 2200 1360 2240; x_wconf 84' lang='lat' dir='ltr'>est</span> <span class='ocrx_word' id='word_1_788' title='bbox 1372 2225 1382 2240; x_wconf 92' lang='lat'>,</span> <span class='ocrx_word' id='word_1_789' title='bbox 1407 2211 1439 2233; x_wconf 89' lang='lat' dir='ltr'>ut</span> <span class='ocrx_word' id='word_1_790' title='bbox 1449 2202 1511 2234; x_wconf 74' lang='lat' dir='ltr'>cum</span> <span class='ocrx_word' id='word_1_791' title='bbox 1520 2211 1610 2243; x_wconf 66' lang='grc' dir='ltr'>ρας-πα</span> <span class='ocrx_word' id='word_1_792' title='bbox 1615 2201 1765 2244; x_wconf 84' lang='lat' dir='ltr'>spiritalis</span> <span class='ocrx_word' id='word_1_793' title='bbox 1786 2202 2009 2245; x_wconf 75' lang='lat' dir='ltr'>&amp;sempiterna</span> <span class='ocrx_word' id='word_1_794' title='bbox 2016 2214 2077 2247; x_wconf 73' lang='grc' dir='ltr'>ρετ-</span> 
     </span>
     <span class='ocr_line' id='line_1_112' title="bbox 1181 2250 2076 2299; baseline 0.01 -19"><span class='ocrx_word' id='word_1_795' title='bbox 1181 2268 1185 2296; x_wconf 51' lang='lat'><strong><em>4</em></strong></span> <span class='ocrx_word' id='word_1_796' title='bbox 1202 2256 1305 2282; x_wconf 85' lang='lat' dir='ltr'>nitenti</span> <span class='ocrx_word' id='word_1_797' title='bbox 1309 2250 1407 2291; x_wconf 84' lang='lat' dir='ltr'>fuerit</span> <span class='ocrx_word' id='word_1_798' title='bbox 1420 2253 1556 2284; x_wconf 85' lang='lat' dir='ltr'>relaxata</span> <span class='ocrx_word' id='word_1_799' title='bbox 1567 2276 1578 2292; x_wconf 95' lang='lat'>,</span> <span class='ocrx_word' id='word_1_800' title='bbox 1601 2252 1740 2294; x_wconf 70' lang='lat' dir='ltr'>pressure</span> <span class='ocrx_word' id='word_1_801' title='bbox 1765 2261 1864 2285; x_wconf 89' lang='lat' dir='ltr'>tamen</span> <span class='ocrx_word' id='word_1_802' title='bbox 1883 2251 2076 2299; x_wconf 82' lang='lat' dir='ltr'>cruciatusque</span> 
     </span>
     <span class='ocr_line' id='line_1_113' title="bbox 1204 2301 2076 2343; baseline 0.009 -12"><span class='ocrx_word' id='word_1_803' title='bbox 1204 2301 1385 2341; x_wconf 82' lang='lat' dir='ltr'>corporales,</span> <span class='ocrx_word' id='word_1_804' title='bbox 1411 2302 1517 2343; x_wconf 87' lang='lat' dir='ltr'>quibus</span> <span class='ocrx_word' id='word_1_805' title='bbox 1536 2309 1628 2334; x_wconf 81' lang='lat' dir='ltr'>etiam</span> <span class='ocrx_word' id='word_1_806' title='bbox 1653 2306 1798 2340; x_wconf 86' lang='lat' dir='ltr'>Martyres</span> <span class='ocrx_word' id='word_1_807' title='bbox 1824 2310 2001 2337; x_wconf 79' lang='lat' dir='ltr'>exercitatos</span> <span class='ocrx_word' id='word_1_808' title='bbox 2026 2319 2076 2339; x_wconf 83' lang='lat' dir='ltr'>no-</span> 
     </span>
     <span class='ocr_line' id='line_1_114' title="bbox 1202 2350 2074 2394; baseline 0.008 -12"><span class='ocrx_word' id='word_1_809' title='bbox 1202 2355 1298 2382; x_wconf 77' lang='lat' dir='ltr'>vimus</span> <span class='ocrx_word' id='word_1_810' title='bbox 1322 2375 1333 2390; x_wconf 91' lang='lat'>,</span> <span class='ocrx_word' id='word_1_811' title='bbox 1355 2351 1494 2392; x_wconf 74' lang='lat' dir='ltr'>postremo</span> <span class='ocrx_word' id='word_1_812' title='bbox 1515 2363 1592 2384; x_wconf 88' lang='lat' dir='ltr'>mors</span> <span class='ocrx_word' id='word_1_813' title='bbox 1618 2350 1683 2394; x_wconf 87' lang='lat' dir='ltr'>ipsa</span> <span class='ocrx_word' id='word_1_814' title='bbox 1706 2377 1716 2391; x_wconf 97' lang='lat'>,</span> <span class='ocrx_word' id='word_1_815' title='bbox 1743 2363 1833 2394; x_wconf 88' lang='lat' dir='ltr'>quam</span> <span class='ocrx_word' id='word_1_816' title='bbox 1851 2357 1997 2394; x_wconf 82' lang='lat' dir='ltr'>peccando</span> <span class='ocrx_word' id='word_1_817' title='bbox 2018 2368 2074 2389; x_wconf 87' lang='lat' dir='ltr'>me-</span> 
     </span>
     <span class='ocr_line' id='line_1_115' title="bbox 1199 2399 2074 2446; baseline 0.01 -16"><span class='ocrx_word' id='word_1_818' title='bbox 1199 2405 1257 2431; x_wconf 88' lang='lat' dir='ltr'>ruit</span> <span class='ocrx_word' id='word_1_819' title='bbox 1268 2399 1361 2439; x_wconf 85' lang='lat' dir='ltr'>nostra</span> <span class='ocrx_word' id='word_1_820' title='bbox 1383 2410 1491 2433; x_wconf 82' lang='lat' dir='ltr'>natura</span> <span class='ocrx_word' id='word_1_821' title='bbox 1504 2425 1514 2441; x_wconf 88' lang='lat'>‚</span> <span class='ocrx_word' id='word_1_822' title='bbox 1541 2402 1612 2435; x_wconf 87' lang='lat' dir='ltr'>nulli</span> <span class='ocrx_word' id='word_1_823' title='bbox 1627 2402 1794 2434; x_wconf 84' lang='lat' dir='ltr'>relaxetur.</span> <span class='ocrx_word' id='word_1_824' title='bbox 1820 2405 1915 2446; x_wconf 74' lang='lat' dir='ltr'>,Quod</span> <span class='ocrx_word' id='word_1_825' title='bbox 1934 2412 2011 2438; x_wconf 80' lang='lat' dir='ltr'>enim</span> <span class='ocrx_word' id='word_1_826' title='bbox 2031 2416 2074 2439; x_wconf 88' lang='lat' dir='ltr'>et-</span> 
     </span>
     <span class='ocr_line' id='line_1_116' title="bbox 1199 2449 2072 2497; baseline 0.008 -17"><span class='ocrx_word' id='word_1_827' title='bbox 1199 2449 1337 2490; x_wconf 72' lang='lat' dir='ltr'>iamjusii</span> <span class='ocrx_word' id='word_1_828' title='bbox 1348 2449 1477 2483; x_wconf 84' lang='lat' dir='ltr'>homines</span> <span class='ocrx_word' id='word_1_829' title='bbox 1504 2455 1538 2485; x_wconf 70' lang='lat'>(⁰5</span> <span class='ocrx_word' id='word_1_830' title='bbox 1546 2457 1593 2493; x_wconf 85' lang='lat' dir='ltr'>pii</span> <span class='ocrx_word' id='word_1_831' title='bbox 1604 2460 1704 2483; x_wconf 84' lang='lat' dir='ltr'>tamen</span> <span class='ocrx_word' id='word_1_832' title='bbox 1715 2450 1872 2494; x_wconf 74' lang='lat' dir='ltr'>exsolvant</span> <span class='ocrx_word' id='word_1_833' title='bbox 1886 2453 1938 2494; x_wconf 83' lang='lat' dir='ltr'>ista</span> <span class='ocrx_word' id='word_1_834' title='bbox 1955 2453 2072 2497; x_wconf 84' lang='lat' dir='ltr'>suppli-</span> 
     </span>
     <span class='ocr_line' id='line_1_117' title="bbox 1198 2500 2071 2548; baseline 0.009 -18"><span class='ocrx_word' id='word_1_835' title='bbox 1198 2504 1242 2530; x_wconf 86' lang='lat' dir='ltr'>cia</span> <span class='ocrx_word' id='word_1_836' title='bbox 1253 2523 1264 2538; x_wconf 93' lang='lat'>‚</span> <span class='ocrx_word' id='word_1_837' title='bbox 1290 2500 1326 2532; x_wconf 85' lang='lat' dir='ltr'>dc</span> <span class='ocrx_word' id='word_1_838' title='bbox 1328 2500 1405 2540; x_wconf 83' lang='lat' dir='ltr'>justo</span> <span class='ocrx_word' id='word_1_839' title='bbox 1421 2505 1477 2534; x_wconf 86' lang='lat' dir='ltr'>Dei</span> <span class='ocrx_word' id='word_1_840' title='bbox 1487 2503 1598 2542; x_wconf 82' lang='lat' dir='ltr'>judicio</span> <span class='ocrx_word' id='word_1_841' title='bbox 1610 2507 1711 2534; x_wconf 83' lang='lat' dir='ltr'>venire</span> <span class='ocrx_word' id='word_1_842' title='bbox 1734 2503 1908 2535; x_wconf 82' lang='lat' dir='ltr'>credendum</span> <span class='ocrx_word' id='word_1_843' title='bbox 1920 2504 1974 2545; x_wconf 85' lang='lat' dir='ltr'>est.</span> <span class='ocrx_word' id='word_1_844' title='bbox 2001 2504 2071 2548; x_wconf 83' lang='lat' dir='ltr'>Ipsa</span> 
     </span>
     <span class='ocr_line' id='line_1_118' title="bbox 1198 2548 2070 2594; baseline 0.009 -14"><span class='ocrx_word' id='word_1_845' title='bbox 1198 2548 1234 2588; x_wconf 87' lang='lat' dir='ltr'>est</span> <span class='ocrx_word' id='word_1_846' title='bbox 1244 2559 1311 2590; x_wconf 85' lang='lat' dir='ltr'>quae</span> <span class='ocrx_word' id='word_1_847' title='bbox 1333 2555 1364 2582; x_wconf 84' lang='lat' dir='ltr'>in</span> <span class='ocrx_word' id='word_1_848' title='bbox 1374 2553 1474 2583; x_wconf 80' lang='lat' dir='ltr'>Sacris</span> <span class='ocrx_word' id='word_1_849' title='bbox 1495 2554 1655 2593; x_wconf 80' lang='lat' dir='ltr'>Scripturis</span> <span class='ocrx_word' id='word_1_850' title='bbox 1666 2557 1756 2584; x_wconf 86' lang='lat' dir='ltr'>etiam</span> <span class='ocrx_word' id='word_1_851' title='bbox 1768 2550 1924 2594; x_wconf 74' lang='lat' dir='ltr'>disciplina</span> <span class='ocrx_word' id='word_1_852' title='bbox 1936 2561 2070 2588; x_wconf 88' lang='lat' dir='ltr'>nomina-</span> 
     </span>
     <span class='ocr_line' id='line_1_119' title="bbox 1199 2600 2070 2643; baseline 0.009 -13"><span class='ocrx_word' id='word_1_853' title='bbox 1199 2611 1269 2637; x_wconf 74' lang='lat' dir='ltr'>tur,</span> <span class='ocrx_word' id='word_1_854' title='bbox 1296 2609 1384 2639; x_wconf 88' lang='lat' dir='ltr'>quam</span> <span class='ocrx_word' id='word_1_855' title='bbox 1407 2612 1489 2633; x_wconf 87' lang='lat' dir='ltr'>nemo</span> <span class='ocrx_word' id='word_1_856' title='bbox 1506 2601 1646 2640; x_wconf 83' lang='lat' dir='ltr'>justorum</span> <span class='ocrx_word' id='word_1_857' title='bbox 1666 2600 1790 2643; x_wconf 85' lang='lat' dir='ltr'>effugere</span> <span class='ocrx_word' id='word_1_858' title='bbox 1804 2601 1913 2643; x_wconf 84' lang='lat' dir='ltr'>finitur</span> <span class='ocrx_word' id='word_1_859' title='bbox 1930 2627 1937 2634; x_wconf 95' lang='lat'>.</span> <span class='ocrx_word' id='word_1_860' title='bbox 1965 2608 2070 2638; x_wconf 81' lang='lat' dir='ltr'>Nemi-</span> 
     </span>
     <span class='ocr_line' id='line_1_120' title="bbox 1199 2650 2068 2699; baseline 0.008 -19"><span class='ocrx_word' id='word_1_861' title='bbox 1199 2659 1264 2680; x_wconf 87' lang='lat' dir='ltr'>nem</span> <span class='ocrx_word' id='word_1_862' title='bbox 1283 2651 1391 2690; x_wconf 69' lang='lat' dir='ltr'>quippe</span> <span class='ocrx_word' id='word_1_863' title='bbox 1411 2656 1523 2690; x_wconf 85' lang='lat' dir='ltr'>excepit</span> <span class='ocrx_word' id='word_1_864' title='bbox 1543 2675 1553 2690; x_wconf 91' lang='lat'>,</span> <span class='ocrx_word' id='word_1_865' title='bbox 1580 2651 1644 2682; x_wconf 69' lang='lat' dir='ltr'>ciem</span> <span class='ocrx_word' id='word_1_866' title='bbox 1670 2650 1776 2683; x_wconf 82' lang='lat' dir='ltr'>diceret</span> <span class='ocrx_word' id='word_1_867' title='bbox 1807 2665 1817 2684; x_wconf 93' lang='lat'>.·</span> <span class='ocrx_word' id='word_1_868' title='bbox 1844 2654 1942 2695; x_wconf 78' lang='lat' dir='ltr'>‚Quem</span> <span class='ocrx_word' id='word_1_869' title='bbox 1968 2655 2068 2699; x_wconf 81' lang='lat' dir='ltr'>diligit</span> 
     </span>
     <span class='ocr_line' id='line_1_121' title="bbox 1200 2698 2067 2745; baseline 0.006 -15"><span class='ocrx_word' id='word_1_870' title='bbox 1200 2702 1279 2730; x_wconf 87' lang='lat' dir='ltr'>Deus</span> <span class='ocrx_word' id='word_1_871' title='bbox 1292 2722 1303 2737; x_wconf 95' lang='lat'>,</span> <span class='ocrx_word' id='word_1_872' title='bbox 1328 2703 1446 2741; x_wconf 80' lang='lat' dir='ltr'>corripit</span> <span class='ocrx_word' id='word_1_873' title='bbox 1457 2712 1470 2740; x_wconf 90' lang='lat'><em>;</em></span> <span class='ocrx_word' id='word_1_874' title='bbox 1497 2698 1628 2743; x_wconf 77' lang='lat' dir='ltr'>flagellat</span> <span class='ocrx_word' id='word_1_875' title='bbox 1638 2707 1736 2732; x_wconf 87' lang='lat' dir='ltr'>autem</span> <span class='ocrx_word' id='word_1_876' title='bbox 1743 2701 1840 2742; x_wconf 82' lang='lat' dir='ltr'>filium</span> <span class='ocrx_word' id='word_1_877' title='bbox 1853 2726 1864 2741; x_wconf 92' lang='lat'>,</span> <span class='ocrx_word' id='word_1_878' title='bbox 1890 2712 1976 2745; x_wconf 86' lang='lat' dir='ltr'>quem</span> <span class='ocrx_word' id='word_1_879' title='bbox 1996 2710 2067 2737; x_wconf 89' lang='lat' dir='ltr'>reci-</span> 
     </span>
     <span class='ocr_line' id='line_1_122' title="bbox 1194 2748 2066 2794; baseline 0.009 -15"><span class='ocrx_word' id='word_1_880' title='bbox 1194 2755 1242 2790; x_wconf 87' lang='lat' dir='ltr'>pit</span> <span class='ocrx_word' id='word_1_881' title='bbox 1255 2772 1262 2779; x_wconf 88' lang='lat'><strong>.</strong></span> <span class='ocrx_word' id='word_1_882' title='bbox 1290 2749 1374 2781; x_wconf 63' lang='lat' dir='ltr'>Unde*</span> <span class='ocrx_word' id='word_1_883' title='bbox 1384 2755 1474 2782; x_wconf 86' lang='lat' dir='ltr'>etiam</span> <span class='ocrx_word' id='word_1_884' title='bbox 1488 2748 1620 2794; x_wconf 69' lang='lat' dir='ltr'>ipſsJob</span> <span class='ocrx_word' id='word_1_885' title='bbox 1631 2775 1641 2790; x_wconf 90' lang='lat'>‚</span> <span class='ocrx_word' id='word_1_886' title='bbox 1667 2754 1717 2791; x_wconf 86' lang='lat' dir='ltr'>qui</span> <span class='ocrx_word' id='word_1_887' title='bbox 1724 2758 1881 2792; x_wconf 85' lang='lat' dir='ltr'>propterea</span> <span class='ocrx_word' id='word_1_888' title='bbox 1896 2760 1960 2786; x_wconf 88' lang='lat' dir='ltr'>tam</span> <span class='ocrx_word' id='word_1_889' title='bbox 1974 2756 2066 2787; x_wconf 83' lang='lat' dir='ltr'>muita</span> 
     </span>
     <span class='ocr_line' id='line_1_123' title="bbox 1197 2798 2066 2845; baseline 0.009 -16"><span class='ocrx_word' id='word_1_890' title='bbox 1197 2799 1247 2830; x_wconf 85' lang='lat' dir='ltr'>illa</span> <span class='ocrx_word' id='word_1_891' title='bbox 1262 2798 1360 2841; x_wconf 75' lang='lat' dir='ltr'>paffus</span> <span class='ocrx_word' id='word_1_892' title='bbox 1380 2799 1418 2839; x_wconf 85' lang='lat' dir='ltr'>est</span> <span class='ocrx_word' id='word_1_893' title='bbox 1431 2823 1440 2837; x_wconf 90' lang='lat'>‚</span> <span class='ocrx_word' id='word_1_894' title='bbox 1467 2809 1499 2832; x_wconf 88' lang='lat' dir='ltr'>ut</span> <span class='ocrx_word' id='word_1_895' title='bbox 1519 2798 1683 2832; x_wconf 77' lang='lat' dir='ltr'>hominibus</span> <span class='ocrx_word' id='word_1_896' title='bbox 1705 2824 1715 2840; x_wconf 92' lang='lat'>,</span> <span class='ocrx_word' id='word_1_897' title='bbox 1744 2807 1810 2842; x_wconf 88' lang='lat' dir='ltr'>quis</span> <span class='ocrx_word' id='word_1_898' title='bbox 1832 2807 1882 2834; x_wconf 82' lang='lat' dir='ltr'>vir</span> <span class='ocrx_word' id='word_1_899' title='bbox 1906 2803 1972 2845; x_wconf 82' lang='lat' dir='ltr'>effet</span> <span class='ocrx_word' id='word_1_900' title='bbox 1996 2827 2006 2843; x_wconf 87' lang='lat'>,</span> <span class='ocrx_word' id='word_1_901' title='bbox 2034 2805 2066 2837; x_wconf 57' lang='lat' dir='ltr'>(a</span> 
     </span>
     <span class='ocr_line' id='line_1_124' title="bbox 1196 2849 2067 2894; baseline 0.006 -15"><span class='ocrx_word' id='word_1_902' title='bbox 1196 2857 1325 2891; x_wconf 81' lang='lat' dir='ltr'>quantus</span> <span class='ocrx_word' id='word_1_903' title='bbox 1337 2850 1394 2881; x_wconf 82' lang='lat' dir='ltr'>Dei</span> <span class='ocrx_word' id='word_1_904' title='bbox 1399 2849 1509 2891; x_wconf 86' lang='lat' dir='ltr'>servus</span> <span class='ocrx_word' id='word_1_905' title='bbox 1523 2873 1533 2889; x_wconf 94' lang='lat'>‚</span> <span class='ocrx_word' id='word_1_906' title='bbox 1560 2850 1678 2884; x_wconf 82' lang='lat' dir='ltr'>eluceret</span> <span class='ocrx_word' id='word_1_907' title='bbox 1691 2873 1702 2889; x_wconf 89' lang='lat'>,</span> <span class='ocrx_word' id='word_1_908' title='bbox 1723 2858 1831 2892; x_wconf 85' lang='lat' dir='ltr'>poenas</span> <span class='ocrx_word' id='word_1_909' title='bbox 1854 2861 1953 2885; x_wconf 84' lang='lat' dir='ltr'>tamen</span> <span class='ocrx_word' id='word_1_910' title='bbox 1974 2862 2067 2894; x_wconf 88' lang='lat' dir='ltr'>corpo-</span> 
     </span>
     <span class='ocr_line' id='line_1_125' title="bbox 1195 2897 2066 2942; baseline 0.006 -11"><span class='ocrx_word' id='word_1_911' title='bbox 1195 2904 1235 2931; x_wconf 83' lang='lat' dir='ltr'>ris</span> <span class='ocrx_word' id='word_1_912' title='bbox 1254 2905 1310 2939; x_wconf 85' lang='lat' dir='ltr'>pro</span> <span class='ocrx_word' id='word_1_913' title='bbox 1326 2903 1455 2939; x_wconf 84' lang='lat' dir='ltr'>peccatis</span> <span class='ocrx_word' id='word_1_914' title='bbox 1473 2897 1579 2942; x_wconf 75' lang='lat' dir='ltr'>fuisse</span> <span class='ocrx_word' id='word_1_915' title='bbox 1591 2898 1741 2942; x_wconf 75' lang='lat' dir='ltr'>exsolvere</span> <span class='ocrx_word' id='word_1_916' title='bbox 1756 2898 1839 2942; x_wconf 68' lang='lat' dir='ltr'>saepe</span> <span class='ocrx_word' id='word_1_917' title='bbox 1857 2901 1993 2939; x_wconf 74' lang='lat' dir='ltr'>testatur.</span> <span class='ocrx_word' id='word_1_918' title='bbox 2022 2904 2066 2936; x_wconf 86' lang='lat' dir='ltr'>Et</span> 
     </span>
     <span class='ocr_line' id='line_1_126' title="bbox 1195 2948 2065 2992; baseline 0.006 -12"><span class='ocrx_word' id='word_1_919' title='bbox 1195 2948 1259 2981; x_wconf 81' lang='lat' dir='ltr'>haec</span> <span class='ocrx_word' id='word_1_920' title='bbox 1272 2949 1382 2981; x_wconf 88' lang='lat' dir='ltr'>omnia</span> <span class='ocrx_word' id='word_1_921' title='bbox 1395 2949 1539 2992; x_wconf 86' lang='lat' dir='ltr'>pluribus</span> <span class='ocrx_word' id='word_1_922' title='bbox 1548 2949 1712 2983; x_wconf 87' lang='lat' dir='ltr'>Sacrarum</span> <span class='ocrx_word' id='word_1_923' title='bbox 1725 2949 1901 2985; x_wconf 88' lang='lat' dir='ltr'>litterarum</span> <span class='ocrx_word' id='word_1_924' title='bbox 1923 2952 2065 2985; x_wconf 87' lang='lat' dir='ltr'>testimo-</span> 
     </span>
     <span class='ocr_line' id='line_1_127' title="bbox 1195 2998 2064 3040; baseline 0.003 -9"><span class='ocrx_word' id='word_1_925' title='bbox 1195 2999 1256 3031; x_wconf 88' lang='lat' dir='ltr'>niis</span> <span class='ocrx_word' id='word_1_926' title='bbox 1267 2999 1457 3031; x_wconf 87' lang='lat' dir='ltr'>confirmat.</span> <span class='ocrx_word' id='word_1_927' title='bbox 1486 2999 1609 3032; x_wconf 70' lang='lat' dir='ltr'>Verum</span> <span class='ocrx_word' id='word_1_928' title='bbox 1633 2998 1792 3040; x_wconf 88' lang='lat' dir='ltr'>scabrosa,</span> <span class='ocrx_word' id='word_1_929' title='bbox 1821 3001 1853 3033; x_wconf 77' lang='grc' dir='ltr'>δε</span> <span class='ocrx_word' id='word_1_930' title='bbox 1874 3001 1970 3034; x_wconf 88' lang='lat' dir='ltr'>multi</span> <span class='ocrx_word' id='word_1_931' title='bbox 1991 3012 2064 3035; x_wconf 84' lang='lat' dir='ltr'>exa-</span> 
     </span>
     <span class='ocr_line' id='line_1_128' title="bbox 1193 3047 2063 3091; baseline 0.003 -11"><span class='ocrx_word' id='word_1_932' title='bbox 1193 3047 1412 3091; x_wconf 85' lang='lat' dir='ltr'>minisindiga</span> <span class='ocrx_word' id='word_1_933' title='bbox 1434 3048 1478 3082; x_wconf 84' lang='lat' dir='ltr'>est</span> <span class='ocrx_word' id='word_1_934' title='bbox 1502 3049 1560 3083; x_wconf 86' lang='lat' dir='ltr'>ista</span> <span class='ocrx_word' id='word_1_935' title='bbox 1572 3049 1737 3083; x_wconf 67' lang='lat' dir='ltr'>doctrina.</span> <span class='ocrx_word' id='word_1_936' title='bbox 1764 3050 1865 3091; x_wconf 87' lang='lat' dir='ltr'>Ipsam</span> <span class='ocrx_word' id='word_1_937' title='bbox 1879 3050 2003 3091; x_wconf 90' lang='lat' dir='ltr'>nimio,</span> <span class='ocrx_word' id='word_1_938' title='bbox 2030 3052 2063 3087; x_wconf 87' lang='lat'>&amp;</span> 
     </span>
     <span class='ocr_line' id='line_1_129' title="bbox 1192 3098 2062 3141; baseline 0.006 -10"><span class='ocrx_word' id='word_1_939' title='bbox 1192 3098 1230 3131; x_wconf 89' lang='lat' dir='ltr'>ad</span> <span class='ocrx_word' id='word_1_940' title='bbox 1256 3099 1383 3140; x_wconf 88' lang='lat' dir='ltr'>propria</span> <span class='ocrx_word' id='word_1_941' title='bbox 1406 3099 1504 3132; x_wconf 87' lang='lat' dir='ltr'>etiam</span> <span class='ocrx_word' id='word_1_942' title='bbox 1532 3100 1718 3141; x_wconf 88' lang='lat' dir='ltr'>quorumvis</span> <span class='ocrx_word' id='word_1_943' title='bbox 1740 3099 1897 3141; x_wconf 85' lang='lat' dir='ltr'>justorum</span> <span class='ocrx_word' id='word_1_944' title='bbox 1924 3101 2062 3136; x_wconf 87' lang='lat' dir='ltr'>venialia</span> 
     </span>
     <span class='ocr_line' id='line_1_130' title="bbox 1193 3147 2064 3192; baseline 0.003 -11"><span class='ocrx_word' id='word_1_945' title='bbox 1193 3157 1320 3191; x_wconf 85' lang='lat' dir='ltr'>peccata</span> <span class='ocrx_word' id='word_1_946' title='bbox 1331 3147 1485 3191; x_wconf 90' lang='lat' dir='ltr'>ampliato</span> <span class='ocrx_word' id='word_1_947' title='bbox 1498 3149 1604 3192; x_wconf 88' lang='lat' dir='ltr'>rigore</span> <span class='ocrx_word' id='word_1_948' title='bbox 1615 3150 1749 3182; x_wconf 71' lang='lat' dir='ltr'>sectatur</span> <span class='ocrx_word' id='word_1_949' title='bbox 1760 3148 2001 3191; x_wconf 87' lang='lat' dir='ltr'>Tertullianus,</span> <span class='ocrx_word' id='word_1_950' title='bbox 2016 3162 2064 3184; x_wconf 89' lang='lat' dir='ltr'>at-</span> 
     </span>
     <span class='ocr_line' id='line_1_131' title="bbox 1192 3197 2061 3244; baseline 0.006 -13"><span class='ocrx_word' id='word_1_951' title='bbox 1192 3210 1253 3240; x_wconf 87' lang='lat' dir='ltr'>que</span> <span class='ocrx_word' id='word_1_952' title='bbox 1276 3197 1393 3231; x_wconf 79' lang='lat' dir='ltr'>exinde</span> <span class='ocrx_word' id='word_1_953' title='bbox 1415 3198 1562 3240; x_wconf 84' lang='lat' dir='ltr'>pertinax</span> <span class='ocrx_word' id='word_1_954' title='bbox 1582 3198 1686 3232; x_wconf 75' lang='lat' dir='ltr'>asserit</span> <span class='ocrx_word' id='word_1_955' title='bbox 1713 3198 1865 3239; x_wconf 76' lang='lat' dir='ltr'>dimiffae,</span> <span class='ocrx_word' id='word_1_956' title='bbox 1893 3200 1914 3232; x_wconf 83' lang='lat' dir='ltr'>si</span> <span class='ocrx_word' id='word_1_957' title='bbox 1929 3200 2061 3244; x_wconf 87' lang='lat' dir='ltr'>quidem</span> 
     </span>
     <span class='ocr_line' id='line_1_132' title="bbox 1193 3247 2061 3291; baseline 0.007 -11"><span class='ocrx_word' id='word_1_958' title='bbox 1193 3258 1243 3291; x_wconf 87' lang='lat' dir='ltr'>per</span> <span class='ocrx_word' id='word_1_959' title='bbox 1257 3248 1401 3281; x_wconf 82' lang='lat' dir='ltr'>Ecciefiae</span> <span class='ocrx_word' id='word_1_960' title='bbox 1413 3248 1517 3282; x_wconf 90' lang='lat' dir='ltr'>claves</span> <span class='ocrx_word' id='word_1_961' title='bbox 1527 3248 1648 3282; x_wconf 88' lang='lat' dir='ltr'>dimitti</span> <span class='ocrx_word' id='word_1_962' title='bbox 1661 3247 1755 3290; x_wconf 84' lang='lat' dir='ltr'>poffit</span> <span class='ocrx_word' id='word_1_963' title='bbox 1767 3271 1777 3286; x_wconf 89' lang='lat'>‚</span> <span class='ocrx_word' id='word_1_964' title='bbox 1786 3247 1933 3284; x_wconf 76' lang='lat' dir='ltr'>moechiae</span> <span class='ocrx_word' id='word_1_965' title='bbox 1943 3253 2061 3285; x_wconf 87' lang='lat' dir='ltr'>restan-</span> 
     </span>
     <span class='ocr_line' id='line_1_133' title="bbox 1191 3298 2059 3344; baseline 0.006 -14"><span class='ocrx_word' id='word_1_966' title='bbox 1191 3309 1237 3331; x_wconf 85' lang='lat' dir='ltr'>tes</span> <span class='ocrx_word' id='word_1_967' title='bbox 1264 3298 1491 3331; x_wconf 66' lang='lat' dir='ltr'>satisfaetiones</span> <span class='ocrx_word' id='word_1_968' title='bbox 1512 3299 1608 3330; x_wconf 88' lang='lat' dir='ltr'>etiam</span> <span class='ocrx_word' id='word_1_969' title='bbox 1631 3308 1684 3340; x_wconf 89' lang='lat' dir='ltr'>per</span> <span class='ocrx_word' id='word_1_970' title='bbox 1695 3298 1847 3341; x_wconf 87' lang='lat' dir='ltr'>pretiosas</span> <span class='ocrx_word' id='word_1_971' title='bbox 1875 3300 2059 3344; x_wconf 87' lang='lat' dir='ltr'>Martyrum</span> 
     </span>
     <span class='ocr_line' id='line_1_134' title="bbox 1193 3348 1662 3391; baseline -0.009 -9"><span class='ocrx_word' id='word_1_972' title='bbox 1193 3358 1311 3382; x_wconf 86' lang='lat' dir='ltr'>mortes</span> <span class='ocrx_word' id='word_1_973' title='bbox 1323 3357 1389 3380; x_wconf 92' lang='lat' dir='ltr'>non</span> <span class='ocrx_word' id='word_1_974' title='bbox 1401 3348 1488 3391; x_wconf 75' lang='lat' dir='ltr'>posse</span> <span class='ocrx_word' id='word_1_975' title='bbox 1499 3348 1662 3391; x_wconf 86' lang='lat' dir='ltr'>expungi.</span> 
     </span>
    </p>
   </div>
   <div class='ocr_carea' id='block_1_13' title="bbox 1630 3397 2000 3435">
    <p class='ocr_par' dir='ltr' id='par_1_14' title="bbox 1630 3397 2000 3435">
     <span class='ocr_line' id='line_1_135' title="bbox 1630 3397 2000 3435; baseline 0.003 -4"><span class='ocrx_word' id='word_1_976' title='bbox 1630 3397 1659 3431; x_wconf 93' lang='lat' dir='ltr'><strong>Z</strong></span> <span class='ocrx_word' id='word_1_977' title='bbox 1710 3409 1732 3435; x_wconf 90' lang='lat'><em>2</em></span> <span class='ocrx_word' id='word_1_978' title='bbox 1936 3398 2000 3432; x_wconf 88' lang='lat' dir='ltr'>Pro</span> 
     </span>
    </p>
   </div>
  </div>
 </body>
</html>
