2352 3762
577 171 807 206 varmum
844 156 1218 203 C0Nc1truM

287 251 364 280 rium
374 242 515 278 donorum
526 241 728 281 distributione
741 263 751 279 ‚
777 239 895 272 rantum
915 235 1009 277 effecit
1020 259 1030 275 ,
1058 244 1091 269 ut
1118 246 1176 269 uno

283 298 360 329 mille
373 294 486 338 deserto
498 290 720 334 Pescefiumpest
731 290 789 323 heic
801 289 849 321 bis
861 287 941 320 mille
961 290 1120 319 Aureorum
1129 296 1179 319 re-

283 355 434 380 maneret.
466 347 520 376 His
527 341 623 385 secum
634 346 760 382 acceptis
771 364 782 379 ‚
795 339 840 371 ad
847 337 1010 371 Concilium
1016 342 1155 377 perrexit
1168 360 1180 377 ,

252 408 258 415 ¹
283 406 461 437 manumque
470 395 590 427 'Sultam'
613 389 782 433 osculatus,
807 386 919 430 Insigne
947 385 1108 427 Potestatr's
1129 397 1177 419 ac-

283 452 360 489 cepit
381 471 389 478 .
428 443 559 486 Utique
580 436 799 476 patriarchale
822 437 966 480 pedum,
992 436 1010 469 ὲ
1036 436 1177 470 Sultano

283 495 466 532 investitus.
497 493 590 527 Hinc
612 491 645 525 δε
665 489 706 523 de
728 488 898 522 Hieremia
925 486 1090 527 secundo,
1119 485 1176 527 qui

282 558 321 581 ex
335 546 464 580 Lariffae
472 543 557 587 apud
568 538 745 573 Thessalos
759 536 978 581 Metropolim
990 535 1036 570 est
1050 537 1178 571 evedius

285 599 318 630 in
333 593 576 630 patriarcham,
602 588 711 623 scribit
735 588 849 622 eadem
870 586 1030 621 historia:
1059 591 1176 628 Accepit

285 645 442 689 Pescefium
469 642 562 683 ‚aeduo
578 641 673 673 millio
695 649 850 672 aureorum
871 662 882 678 ,
903 635 1110 679 profeHusque
1134 637 1178 670 ad

285 695 467 740 ,Quaeflorem
490 715 501 732 ‚
537 701 571 724 ea
591 696 626 723 in
647 692 812 722 AErarium
834 692 924 732 Regis
940 687 1044 720 intulit
1062 711 1069 718 .
1106 686 1176 721 Hic

286 744 360 781 Rex
378 744 441 777 fuit
453 742 605 784 Selymus
617 739 794 779 secundus,
820 739 942 782 ipfique
960 737 1032 781 post
1056 747 1176 780 paucos

283 788 707 829 annosdefunnosucceffic
722 786 924 823 Amurathes
943 788 1076 822 tertius.
1103 787 1176 821 Hu-

282 846 332 888 jus
353 841 666 881 inthronizationem
687 864 704 880 ,·
729 851 771 877 ac
790 839 850 882 ipsi
872 838 978 873 delata
999 838 1018 872 a
1039 837 1178 871 Provin-

281 894 344 928 ciis
354 906 391 933 ac
404 891 601 926 P-roceribus
608 894 741 925 munera
754 888 890 933 exponit
904 888 990 922 idem
1000 887 1082 922 liber
1093 912 1106 928 ‚
1141 887 1174 923 δε

281 944 431 987 adjungit
452 943 495 977 de
515 942 633 986 eodem
659 938 848 975 Patriarcha
872 938 1046 974 Hieremia
1067 951 1078 971 .·
1114 941 1175 972 Pa·

281 993 422 1028 marcha:
436 1004 548 1036 quoque
567 997 715 1035 accipiens
738 987 1116 1032 ordinariumPescefium‚
1136 986 1175 1029 fi·

282 1056 321 1077 vc
341 1048 540 1086 Honor-aram,
565 1043 625 1075 duo
645 1042 743 1076 millia
769 1046 949 1080 Annorum,
974 1039 1107 1072 abmaed
1117 1042 1174 1072 Re-

275 1106 346 1139 gem
363 1117 374 1134 ,
398 1097 429 1127 oi
445 1092 487 1136 se.
495 1092 658 1137 subjicient
679 1115 691 1131 ‚
727 1093 762 1125 ὁ·
783 1101 861 1125 more
889 1088 1091 1126 Patriarcbic·
1111 1100 1174 1122 ma·

282 1156 354 1177 num
375 1147 439 1185 ejus
458 1142 611 1187 osculans.
636 1144 704 1185 Qui
726 1145 792 1178 Rex
805 1139 985 1182 ⁴potestatem
996 1137 1173 1180 Ecclefiastl-

282 1207 367 1234 com,
391 1205 487 1237 quam·
503 1191 726 1238 Patrlorcbazsi
736 1223 738 1226 ,
748 1194 843 1225 Patre
865 1191 993 1224 sultano
1004 1191 1110 1228 Solymo
1124 1200 1172 1222 ac-

281 1253 403 1288 ceperat
411 1268 423 1286 ‚
447 1245 542 1278 eidem
550 1242 742 1285 confirmavit
754 1265 770 1282 ,.
792 1250 883 1283 atque
894 1246 988 1274 ettam
999 1250 1109 1274 novum
1126 1240 1172 1272 dl·

277 1296 380 1337 pluma
390 1296 460 1328 dari
475 1295 579 1336 juffir,
605 1291 810 1335 utvsecundum
830 1292 992 1333 Religionis
1009 1288 1074 1331 suae
1090 1298 1172 1330 prae·

275 1343 421 1387 scriptum
434 1368 444 1383 ,
469 1349 627 1386 imperium
639 1339 920 1382 &jurisdifflonem
933 1338 1058 1371 haberet
1067 1343 1100 1369 in
1116 1341 1175 1370 Me-

282 1396 436 1434 tropolnas
458 1417 469 1432 ,
509 1389 739 1432 archiepiscopos
761 1412 783 1428 „
798 1389 992 1426 sacerdotes,
1019 1387 1054 1420 6·
1071 1397 1172 1420 omnes

282 1447 400 1475 Grecos
424 1441 582 1478 homines,
604 1436 772 1477 Ecclestas,
799 1436 834 1469 <9
857 1434 1054 1477 Monasteria.
1083 1436 1172 1470 Eum

278 1489 390 1524 denuo
401 1486 566 1523 investivit
577 1510 593 1526 2
609 1487 694 1522 acin
709 1484 932 1520 patriarchatu
944 1485 1153 1520 confirmavit
1163 1511 1170 1518 .

279 1538 420 1574 Videtur
433 1563 444 1578 ‚
470 1537 588 1582 quoda
608 1547 700 1570 novo
712 1535 852 1571 Sultano
871 1534 1021 1570 debuerit
1047 1536 1113 1578 peti
1134 1547 1173 1570 ac

278 1590 443 1634 impetrari
454 1600 539 1623 nova
551 1587 741 1622 investitura
753 1610 766 1627 ‚
791 1583 933 1631 ideoque
952 1586 988 1621 δε
1008 1585 1093 1620 solvi
1113 1597 1171 1622 no-

279 1652 357 1674 vum
370 1640 549 1673 Pescefium
560 1663 568 1671 .
586 1659 588 1661 -
665 1669 671 1672 Δ

330 1689 434 1724 Porro
445 1685 770 1723 Charatziumin-suo
781 1686 923 1722 duorum
945 1684 1093 1722 millium
1111 1686 1170 1721 sta-

278 1752 315 1775 m
336 1739 507 1784 permanfit
532 1737 694 1781 usquead
717 1736 951 1781 Joaehimum.‚
975 1747 1018 1771 ex
1038 1738 1170 1773 Drama:

279 1789 511 1833 Mettropolita
524 1786 744 1826 patriarcham
757 1811 769 1828 ,
792 1786 812 1821 a
822 1796 916 1830 capta
926 1785 1004 1821 urbe
1014 1797 1167 1830 quartum

277 1841 443 1876 decimum
452 1864 466 1881 ‚
491 1838 680 1874 cui-invidit
693 1838 806 1873 nescio
817 1837 889 1882 quis
901 1837 1070 1881 improbus
1080 1837 1169 1880 Sely-

278 1891 354 1925 briae
375 1889 600 1934 Metropolim·
616 1914 628 1930 ‚
666 1887 845 1932 scribitque
866 1887 908 1922 de
926 1887 1091 1923 ambobus
1116 1900 1168 1923 ea-

278 1943 354 1977 dem
374 1940 507 1975 historia
526 1952 535 1972 :
560 1942 689 1984 >Surgeret
710 1937 757 1973 hic
778 1938 996 1982 Metropolita
1020 1942 1054 1971 in
1079 1939 1168 1972 Sena-

278 2003 344 2025 tum
365 1993 483 2025 Sultani
503 1991 606 2031 acceffit
621 2015 631 2030 ‚
656 1991 691 2024 6*
710 2000 810 2027 ⁸minuo
831 1988 998 2022 commo
1006 1989 1094 2022 aliod
1105 1992 1168 2023 Du-

277 2052 408 2076 carorum
429 2042 508 2076 mille
529 2043 659 2082 adjecit,
685 2045 732 2073 ita
754 2038 788 2073 αὶ
803 2041 875 2081 jam
891 2039 978 2083 fieret
998 2044 1091 2072 tuum
1102 2040 1168 2072 mil-

279 2095 352 2125 lium
365 2117 372 2123 .
400 2094 470 2134 ‚Quo
492 2091 599 2133 Baffae
618 2092 722 2125 audito
732 2114 743 2130 ,
769 2088 865 2132 ipsum
876 2095 956 2123 mira
965 2095 1103 2123 comitate
1115 2101 1168 2123 ex-

278 2150 415 2183 ceperunt
436 2165 443 2172 .
481 2144 561 2172 Tunc
587 2139 685 2174 [latim
716 2138 926 2180 accerfiverune
951 2138 1171 2176 Putrlarcbam-

272 2196 304 2236 J
307 2191 466 2222 oacbimum
476 2211 488 2227 ,
514 2190 644 2221 decentes
659 2201 668 2219 :
693 2189 724 2220 Si
743 2186 911 2229 acquic-(itas
922 2184 1072 2221 additioni
1085 2189 1167 2223 mille

279 2245 440 2273 Aureorum
451 2261 461 2278 ,
484 2248 579 2280 quam
585 2233 767 2277 sehbrtenfis
770 2236 849 2279 fecit
860 2235 1092 2271 patriarchatus
1102 2248 1166 2270 con-

274 2286 536 2334 chuendtcausa,
563 2285 809 2330 refidetosaeniin
829 2285 935 2321 throno
952 2294 1001 2319 tuo
1012 2299 1026 2328 ;
1045 2285 1092 2328 fin
1112 2287 1166 2320 ab·

279 2346 362 2378 nuir,
393 2339 510 2379 exibis,
535 2338 571 2372 Θ
583 2338 627 2371 illi
645 2338 736 2371 locum
760 2346 845 2370 tuum
862 2336 946 2371 cedes
958 2362 966 2369 .
993 2338 1083 2381 ,Quia
1100 2335 1165 2372 baec

278 2390 315 2429 est
327 2386 599 2431 Sultanisententia
617 2389 652 2424 ό·
669 2392 831 2429 imperium
843 2411 850 2419 .
877 2388 987 2421 Noluit
1007 2386 1165 2431 acquiesce-

277 2452 309 2472 re
331 2438 515 2472 patriarcha
539 2443 752 2483 aggravatione
776 2437 832 2472 bac
856 2437 973 2470 Tributi
999 2461 1010 2478 ,
1042 2436 1106 2480 sed
1125 2439 1164 2472 de

278 2489 395 2522 Throno
416 2489 576 2522 cedendum
593 2486 645 2532 fib}
667 2489 756 2521 duxit
768 2512 779 2529 ,
799 2495 904 2529 praeut
925 2486 1099 2530 hujusmodl·
1112 2499 1164 2522 ‘ve-

280 2545 359 2572 m‘ror
373 2547 546 2580 peccatum.
585 2538 642 2571 At
657 2538 760 2581 ipsum
782 2536 896 2572 cedere
919 2538 1029 2572 noluit
1056 2549 1160 2582 popu·

276 2590 349 2628 lus,
375 2589 408 2622 ὅ(
428 2599 469 2621 eo
487 2587 595 2621 invito
617 2588 713 2621 solvit
734 2586 900 2622 Charatzii
926 2598 1158 2633 augmentum.

276 2639 321 2673 Et
343 2639 395 2673 ita,
411 2636 497 2672 istud
520 2638 653 2671 mansit.
690 2637 866 2682 Regnabat
881 2648 962 2672 tunc
983 2638 1160 2681 Bayazetes

276 2688 456 2723 secundus.
482 2688 552 2721 Hic
574 2685 782 2731 Joachimum
796 2712 807 2729 ‚
833 2687 924 2730 quod
945 2687 1046 2723 nimis
1057 2689 1162 2733 splen-

276 2739 388 2772 didam
409 2736 578 2772 Basilicam
599 2738 641 2771 inv
656 2736 799 2781 quodam
819 2749 906 2783 pago
925 2738 1076 2773 aedificari
1089 2750 1159 2783 per.

275 2789 408 2822 mififl‘et
421 2812 432 2828 ,
456 2787 592 2832 dejecit.
618 2787 999 2829 SucceffitPachomius,
1016 2786 1157 2824 Zichna·

276 2850 349 2872 rum
362 2838 600 2882 Metropolim,
624 2838 792 2882 pergitque
810 2836 966 2873 historia:
996 2839 1157 2883 Postquam

275 2889 323 2921 hic
342 2900 432 2922 unum
450 2901 562 2922 annum
576 2886 679 2930 fidit,
705 2897 767 2921 tum
778 2890 902 2931 quidam
914 2891 1051 2931 Polluci,
1075 2895 1154 2932 prio-

275 2946 320 2971 ris
344 2938 533 2973 Patriarchae
545 2942 577 2983 J
581 2937 704 2972 oachtmi
724 2943 835 2978 amici,
860 2945 938 2973 inter
952 2938 987 2983 se
1011 2940 1153 2982 confilium

276 2995 379 3022 ineunt
391 3013 403 3029 ,
432 2987 463 3032 se
480 2998 635 3032 tamquam
655 2989 693 3022 de
706 2986 761 3032 suo
780 2990 905 3022 daturos
925 2991 1044 3024 5ultano
1067 2997 1152 3034 quin-

271 3048 376 3081 gentos
397 3046 505 3073 Aureo:
517 3065 528 3081 ,
565 3047 600 3072 ut
621 3037 689 3081 ipsis
711 3045 744 3072 in
760 3037 1001 3074 patriarchatum
1019 3040 1152 3081 refluuat

270 3088 465 3132 Joacbimum
484 3115 492 3122 .
529 3089 686 3122 Tributum
711 3098 803 3122 antea
826 3097 891 3122 erat
915 3095 1006 3124 trium
1026 3092 1152 3125 millium

276 3140 477 3172 Ducatorum.
507 3144 567 3173 Hoc
585 3138 642 3181 ipfi
657 3144 825 3184 quingentis
847 3142 972 3174 Ducam
981 3152 1151 3183 auxerunt,

275 3198 308 3220 ut
326 3188 443 3231 summa
461 3189 544 3231 fieret
565 3198 609 3223 ter
634 3189 715 3222 mille
733 3192 1018 3234 &quingentorum.
1046 3196 1091 3226 Et
1101 3193 1152 3226 hoc

274 3249 373 3271 rorum
387 3239 593 3281 praeposterum
613 3250 684 3282 erga
697 3242 729 3284 J
731 3239 893 3273 oachimum
906 3240 1036 3280 studium
1048 3269 1059 3284 ‚
1095 3258 1152 3289 quo

274 3288 352 3320 hanc
373 3291 548 3328 accrffionem
573 3290 694 3321 Sultano
711 3291 834 3330 polliciti
849 3288 922 3332 sunt
944 3315 955 3331 ‚
983 3291 1151 3338 susceptum

273 3338 311 3378 est
338 3337 399 3380 ipso
413 3338 573 3385 joachimo
586 3336 696 3381 sciente
714 3341 750 3374 Θ
769 3342 884 3374 volente
906 3366 914 3372 .
950 3343 1074 3386 ,Quippe
1098 3349 1150 3381 da-

273 3388 326 3421 bat
349 3388 410 3431 ipse
433 3392 469 3423 id
489 3388 746 3429 auriclanculom,
768 3389 829 3433 scd
846 3389 924 3424 nihil
940 3390 973 3434 se
991 3391 1150 3438 scireprae.

265 3437 383 3481 ferebat
408 3466 415 3474 .
453 3439 502 3475 Ita
527 3439 631 3485 ejeno
658 3437 842 3476 Pachomio
867 3442 989 3487 recepit
1015 3444 1153 3486 Patriar.

1270 153 1600 200 ROMANUM.
2030 162 2078 216 Τ

1240 232 1394 270 chatum.
1423 234 1566 268 Duravit
1581 231 1647 267 hoc
1668 232 1765 276 usque
1784 234 1826 270 ad
1849 234 2053 273 Hieremiam
2068 236 2119 282 pri-

1241 294 1334 319 mum
1346 308 1358 325 ,
1392 283 1410 318 ὲ
1430 282 1558 328 Sophia:
1579 283 1794 327 Metropolita
1812 286 2034 322 patriarcham
2047 313 2059 330 ‚
2084 287 2127 322 de

1239 335 1331 378 eujus
1351 336 1386 369 in
1409 346 1527 370 terram
1547 335 1688 369 sanctam
1711 335 1914 377 profectione
1934 361 1943 378 ‚
1982 350 2021 372 ac
2048 336 2127 372 inde

1240 385 1324 419 natis
1353 385 1439 419 inter
1462 385 1640 427 Episcopos
1661 385 1695 418 ὅ(
1719 383 1864 419 Clericos
1875 385 2008 422 dissidiis
2020 387 2128 432 pergit

1239 435 1373 469 historia
1396 446 1404 467 ε
1440 435 1596 468 Adversus
1618 433 1832 467 patriarcham
1853 434 2060 478 conspirarunt
2085 438 2127 471 E-

1239 485 1447 530 piscoporum
1468 486 1503 520 &
1524 484 1728 520 clericorum
1749 484 1850 529 aliqui
1871 508 1882 524 ,
1906 486 1970 526 qius
1990 488 2128 528 ejiciendi

1236 536 1331 580 cauffo
1350 535 1514 575 conflarunt
1532 536 1678 575 synodum
1690 560 1701 576 ,
1727 536 1762 569 (9
1783 536 1959 576 acceffionem
1968 538 2013 569 ad
2021 537 2127 570 Tribu-

1236 594 1302 620 tum
1316 586 1454 629 ficerunt
1475 590 1584 619 Aureos
1608 591 1805 630 quingentos,
1832 591 1879 618 ita
1902 595 1936 620 ut
1963 595 2027 620 tota
2046 588 2126 620 Sum-

1236 648 1287 669 ma
1304 637 1390 679 fieret
1410 644 1536 679 quatuor
1554 636 1678 669 millium
1700 660 1708 667 .
1757 635 1802 670 Et
1823 633 1885 670 hac
1910 636 1962 671 via
1984 637 2128 671 intrusus

1236 685 1300 721 fuit
1326 686 1520 730 Joannicius
1541 710 1553 727 ‚
1598 685 1818 729 Metropolita
1843 685 2122 731 Zozopolitanus.

1236 736 1357 771 Redux
1376 737 1565 771 Hieremias
1575 735 1743 772 damnavit
1753 747 1970 781 augmentum
1981 761 1993 778 ,
2019 736 2054 771 ἀ
2066 736 2128 773 Pa·

1236 786 1412 823 triarchatu
1432 787 1521 822 exire
1532 786 1650 822 maluit
1660 811 1672 827 ‚
1697 787 1795 830 quim
1807 785 1842 820 in
1853 787 1981 823 facinus
1990 787 2127 822 consen-

1236 837 1313 871 tire.
1346 836 1506 873 Attamen
1527 849 1586 882 pro
1606 838 1774 872 renitente
1785 836 1882 871 solvit
1894 837 2054 883 populus,
2077 845 2127 873 at·

1235 898 1300 932 que
1316 886 1361 922 ita
1383 888 1480 923 illum
1498 887 1643 924 reddidit
1664 887 1723 923 suo
1743 886 1887 922 throno.

1284 937 1377 971 Idem
1399 937 1585 974 Hieremias
1604 937 1714 982 postea
1725 937 1819 973 litem
1830 936 1947 974 habuit
1956 948 2032 974 cum
2044 937 2127 972 Pro·

1234 985 1339 1021 choro
1362 987 1523 1032 Bnlgariae
1541 987 1807 1033 Archiepiscopo
1828 988 1870 1024 de
1882 987 2073 1024 Berrhaeensi
2083 987 2127 1022 ad

1233 1036 1561 1073 Thessalonicensem
1595 1038 1851 1083 Metropolitarn
1877 1041 2039 1083 spectante
2063 1038 2127 1073 suf-

1226 1089 1387 1133 -fraganea
1414 1088 1557 1123 Ecclesia
1580 1113 1588 1121 .
1629 1088 1784 1133 Uterque
1811 1090 1950 1132 spectare
1968 1089 2057 1123 dixit
2082 1087 2127 1123 ad

1234 1138 1324 1173 suam
1343 1137 1518 1173 Dioecefim
1542 1139 1596 1173 seu
1617 1137 1947 1183 Archiepiscopatum
1963 1161 1972 1172 .
2008 1139 2128 1173 Hiere-

1235 1188 1307 1223 miae
1329 1188 1459 1224 favebat
1478 1190 1612 1233 antiqua
1624 1188 1856 1224 Ecclefiasticae
1870 1186 2074 1225 Hierarchiae
2081 1199 2128 1223 re-

1234 1239 1311 1283 gula
1341 1261 1352 1278 ,
1387 1250 1458 1283 quae
1475 1240 1510 1274 ἀ
1532 1238 1755 1283 Metropolim
1774 1240 1809 1274 ὅ(
1834 1250 1951 1277 omnes
1975 1239 2133 1285 suffragat

1237 1300 1311 1324 neas
1337 1288 1519 1326 Cathedras
1539 1289 1675 1325 mandat
1694 1290 1758 1325 effe
1777 1289 1919 1333 ejusdem
1947 1288 2128 1325 Dioecefis.

1235 1336 1438 1374 prochorum
1455 1339 1534 1374 verd
1553 1339 1709 1383 juvabant
1733 1339 1826 1384 plura
1842 1351 1944 1375 aureae
1955 1339 2059 1374 Bullae
2066 1339 2130 1373 Di-

1235 1388 1378 1430 plomata
1390 1414 1402 1431 ,
1413 1389 1531 1434 quibus
1543 1388 1723 1425 Christiani
1733 1389 1816 1425 olim
1826 1389 2040 1435 Imperatores
2052 1390 2131 1424 Ber-

1233 1436 1372 1478 rhaeam,
1407 1438 1498 1483 quod
1517 1440 1734 1485 Bulgarorurn
1758 1440 1908 1486 Regibus
1929 1441 2013 1476 vieta
2041 1451 2131 1485 pare-

1233 1496 1280 1519 ret
1294 1510 1305 1525 ,
1331 1490 1593 1530 transcripserant
1612 1490 1712 1524 etiam
1734 1490 1769 1524 in
1791 1490 2051 1526 Ecclefiasticam
2072 1501 2132 1535 po-

1233 1536 1382 1570 testatem
1405 1536 1561 1580 Episcopi
1573 1538 1757 1573 Acridenfis
1768 1564 1776 1574 .
1802 1541 1848 1576 Et
1859 1540 1940 1575 hinc
1949 1541 2058 1587 pergit
2071 1539 2133 1575 Pa-

1232 1585 1415 1622 trIarchalis
1434 1585 1591 1621 historia:
1617 1585 1782 1620 Procborus
1795 1611 1806 1627 ‚
1831 1601 1900 1631 quo
1918 1592 2051 1626 causam
2071 1590 2133 1625 ob-

1231 1636 1352 1672 tineret
1365 1662 1377 1679 ‚
1400 1645 1518 1671 centum
1539 1640 1648 1671 aureos
1671 1636 1797 1670 Tributo
1805 1639 1935 1679 affecit.
1963 1642 2136 1684 ,Quodcumr

1231 1687 1357 1722 videret
1377 1685 1583 1728 PatrIarcha,
1609 1692 1643 1721 in
1659 1685 1877 1730 filicitudinem
1888 1690 2017 1732 incidit,
2043 1694 2134 1734 quid-

1230 1748 1303 1771 nam
1316 1737 1435 1780 faceret
1451 1762 1463 1780 ,
1490 1749 1527 1772 ne
1546 1737 1595 1772 ille
1621 1738 1685 1772 loca
1704 1739 1787 1772 illius
1812 1737 2013 1783 Episcopatus
2033 1743 2078 1774 ad
2095 1740 2134 1785 sir

1230 1787 1385 1822 traheret.
1413 1787 1525 1823 Evicit
1550 1789 1681 1823 causam
1698 1788 1786 1833 apud
1813 1789 1945 1832 BastaS,
1970 1803 2008 1826 ea
2028 1799 2135 1826 tamen

1230 1839 1421 1880 conditione,
1446 1847 1481 1873 ut
1501 1839 1656 1874 additioni
1676 1848 1794 1874 centum
1804 1841 1990 1876 Ducatorum
2002 1866 2015 1882 ,
2038 1853 2137 1885 quam

1233 1888 1396 1924 prochorus
1415 1888 1552 1932 ,γὲ-εἰπε»,
1576 1887 1769 1933 acquiesceret
1794 1916 1800 1924 .
1837 1892 1934 1935 ,Quod
1951 1903 2017 1928 cum
2036 1900 2133 1927 retra·

1230 1938 1312 1973 aare
1332 1950 1393 1974 non
1409 1941 1500 1984 poffit
1512 1963 1526 1982 ,
1543 1939 1625 1983 fecit
1641 1965 1650 1974 .
1675 1944 1727 1976 lta
1748 1940 1885 1987 repulsus
1903 1943 1979 1978 abne
1999 1942 2129 1979 Protho-

1229 2000 1284 2022 rus-
1296 2014 1309 2023 ι

1280 2040 1430 2076 Omnem
1450 2040 1560 2087 postea
1580 2041 1722 2079 modum
1739 2043 1871 2081 exceffit
1892 2043 2042 2089 Cyrillus
2064 2045 2133 2080 Lu-

1228 2089 1313 2124 caris
1328 2112 1346 2128 2,
1389 2092 1449 2133 qui
1469 2091 1609 2137 grandes
1628 2095 1784 2138 pecunias
1807 2094 1849 2129 ad
1869 2095 2050 2131 emendum
2068 2096 2131 2131 Pa·

1230 2138 1444 2175 triarchatum
1464 2143 1591 2184 accepit
1609 2144 1651 2177 ab
1672 2144 1856 2180 Hollandis
1866 2146 2127 2187 mercatoribus,

1229 2186 1400 2231 stipulatus
1420 2190 1663 2227 Calvinismum
1682 2192 1836 2228 inducere
1856 2193 1893 2227 in
1917 2195 2130 2232 Orientalem

1230 2237 1413 2274 Ecclesiam
1433 2251 1445 2272 .-
1470 2239 1576 2287 Qod
1599 2242 1633 2277 &
1654 2241 1834 2286 postmodo
1852 2242 1933 2278 fecit
1955 2269 1964 2276 .
1998 2244 2127 2282 Verum

1228 2287 1444 2326 calviniana
1467 2301 1506 2325 ac
1527 2289 1732 2326 Lutheranas
1759 2291 1869 2328 sordes
1890 2294 2023 2338 peffime
2049 2295 2126 2332 ode·

1226 2348 1303 2373 runt
1321 2339 1421 2375 ctiam
1445 2339 1644 2376 schismatici
1665 2341 1793 2385 Greci,
1819 2342 1959 2388 ideoque
1971 2345 2012 2380 ad
2023 2345 2122 2382 illum

1225 2389 1472 2427 extrudendum
1490 2390 1683 2427 obtulerunt
1703 2391 1854 2438 Principi
1864 2395 1980 2431 vicena
1991 2396 2120 2432 Aureo·

1225 2449 1298 2474 rum
1320 2439 1443 2476 millia.
1479 2442 1530 2477 lta
1550 2441 1607 2478 ille
1625 2443 1662 2477 in
1684 2442 1847 2480 Rhodum
1869 2444 2030 2492 relegatus
2050 2447 2125 2487 est,

1224 2489 1259 2524 δι
1286 2488 1498 2526 patriarchali
1534 2490 1659 2528 throno
1690 2493 1863 2540 impolitus
1895 2494 2120 2542 Anthymus,

1224 2539 1541 2586 Adrianopolitanus
1558 2543 1738 2588 Episcopus
1758 2569 1771 2587 ,
1790 2545 1981 2587 Romanus,
2005 2548 2117 2584 &Or-

1222 2588 1408 2627 thodoxus.
1436 2593 1481 2628 Et
1497 2593 1575 2635 hic,
1602 2595 1694 2639 quod
1703 2596 1908 2633 Hollandica
1918 2598 2056 2642 pecunia
2066 2608 2115 2633 ar·

1221 2651 1328 2677 matus
1350 2643 1521 2687 Cyrillus,
1545 2645 1713 2690 respiraret
1738 2644 1780 2682 ad
1805 2647 2031 2690 Cathedram,
2053 2658 2113 2692 pet·

1218 2691 1437 2738 quadragInta
1471 2694 1674 2731 Dalerorum
1707 2697 1814 2732 millia
1839 2706 1979 2733 conatus
2002 2697 2051 2734 est
2076 2699 2114 2733 se

1219 2743 1346 2778 firmare
1368 2768 1376 2776 .
1414 2743 1465 2778 At
1489 2755 1561 2779 non
1587 2746 1730 2782 firmavit
1748 2770 1758 2780 .
1796 2746 1932 2783 Etenim
1957 2747 2116 2794 Cyrillus-

1217 2792 1342 2828 obtulit
1362 2793 1532 2840 sexaginta
1551 2796 1657 2830 millia
1674 2821 1686 2838 ,
1712 2805 1814 2842 atque
1831 2798 1878 2833 ita
1896 2797 1995 2834 rediit
2006 2798 2043 2834 in
2055 2799 2112 2832 Se·

1216 2843 1317 2878 dena.
1337 2844 1560 2880 Infeliciffime
1581 2847 1680 2891 periit
1702 2871 1714 2888 ,
1739 2847 1956 2893 strangulatus
1975 2849 1995 2883 a
2016 2848 2108 2883 Tur-

1215 2894 1286 2935 cis,
1320 2895 1530 2941 suceeffitque
1556 2896 1709 2940 Cyrillus
1734 2896 1945 2934 Berrhaeenfis
1970 2898 2106 2943 Episto-

1215 2956 1294 2989 pus,
1320 2945 1420 2981 etiam
1441 2946 1492 2980 vir
1513 2947 1688 2983 Romanus
1701 2948 1873 2994 insigniter
1883 2961 1922 2984 ac
1933 2946 2102 2985 orthodo-

1214 3006 1292 3029 xus.
1321 2995 1459 3031 Etenim
1481 3007 1501 3030 a
1523 2997 1645 3033 Lucari
1670 2999 1833 3034 intrusum
1858 2998 2100 3034 Calvinismum

1212 3045 1377 3081 damnavit
1387 3044 1587 3090 synodaliter
1597 3073 1608 3090 ,
1619 3048 1655 3083 δε
1664 3048 1826 3084 Turcicas
1832 3049 2018 3084 exactiones
2029 3049 2101 3092 plu·

1212 3095 1332 3130 timum
1353 3096 1493 3132 accidit.
1522 3097 1582 3133 Ast
1603 3099 1639 3133 <Sc
1660 3099 1720 3143 ipsi
1739 3100 1759 3134 ὲ
1780 3100 1917 3135 Lucaris
1933 3098 2099 3142 discipulo

1213 3145 1392 3182 Parthenio
1418 3171 1431 3188 ,
1475 3147 1658 3193 oblatisque
1679 3160 1736 3193 per
1756 3148 1846 3185 hunc
1865 3149 2010 3184 nummis
2029 3150 2096 3184 fuit

1211 3197 1382 3238 extrusus,
1406 3195 1594 3240 deportatus
1616 3199 1815 3240 Tuncrum,
1842 3197 2013 3235 &ibidem
2026 3199 2095 3233 bar-

1211 3246 1285 3280 bare
1293 3246 1508 3292 strangulatus
1519 3274 1527 3281 .
1542 3250 1585 3283 Et
1596 3250 1753 3294 quoniam
1764 3248 1956 3294 strangulari
1968 3273 1980 3290 ‚
1992 3260 2094 3293 quam

1213 3297 1400 3331 Romanam
1421 3295 1517 3332 fidem
1538 3300 1854 3334 &communionem
1866 3310 2018 3335 excutere
2026 3310 2094 3334 ma-

1212 3347 1293 3387 luit,
1320 3348 1425 3392 ipsum
1445 3349 1538 3383 sacris
1557 3351 1740 3385 sanctorum
1762 3350 1952 3394 Martyrum
1972 3349 2096 3385 tabulis

1212 3395 1383 3441 inscribere
1402 3398 1593 3443 jampridem
1615 3399 1772 3434 deliberat
1797 3399 1952 3435 Romana
1977 3399 2092 3434 Eccle-

1211 3447 1269 3484 fia.
1295 3448 1389 3486 Huic
1409 3448 1588 3487 Parthenio
1606 3449 1750 3488 succeffit
1770 3450 1852 3490 alter
1869 3449 2090 3499 Parthenius,

1978 3500 2039 3547 qui
