2372 3756
104 2111 155 2146 Ep⁴
178 2115 222 2143 23«

360 126 452 164 190

287 203 326 233 dt
339 203 398 234 Leo
415 202 452 233 de
462 199 650 243 TribuJuda
664 223 671 231 .
698 198 799 238 Vox,
828 202 908 238 Leo,
936 209 1005 231 non
1026 196 1158 230 brutum

289 250 431 290 animal,
458 249 512 283 sed
531 249 699 283 Christum
722 249 910 284 Dominum
929 245 1116 281 immediate
1128 245 1161 277 fi-

289 301 444 344 gnificat·
471 299 520 333 lta
542 299 576 333 &
600 298 664 333 haec
687 298 884 343 propositio,
913 298 1023 336 Meffias
1043 296 1162 330 lavabit

285 349 390 390 stolam
406 346 495 392 suam
508 355 541 382 in
556 347 699 397 sanguine
718 361 808 388 τινα,
833 347 931 381 habet
950 346 1164 382 huncimme-

290 399 419 432 diarum
441 400 586 434 sensum:
615 399 749 434 Lavabit
767 406 868 439 corpus
885 396 974 439 saum
994 402 1029 429 in
1043 402 1163 438 proprio

285 447 446 494 sanguine.
474 449 530 484 Est
554 450 665 484 fimitis
687 447 783 482 huic:
812 451 974 480 Mittamus
995 447 1109 490 lignum
1131 452 1163 478 in

285 511 398 541 panem
418 502 482 541 ejrcs
495 526 502 533 .
530 499 573 533 Et
586 497 749 541 Propheta
773 495 925 540 Ieremias
942 495 1085 539 &Iacob
1106 494 1164 528 Pa-

289 549 428 584 triarcha
442 562 497 594 per
508 560 626 594 panem
646 548 678 581 &
691 549 804 581 vinum
828 543 1058 580 intellexerunt
1078 544 1163 579 istud

233 639 234 642 Ἴ
290 600 396 644 ipsum
409 624 419 641 ,
445 599 534 643 quod
557 609 617 631 nos
632 597 846 644 intelligimus
866 607 922 639 per
940 607 1056 638 panem
1076 596 1107 628 &
1121 595 1163 628 vi·

266 683 271 696 ¹
289 662 371 685 num
382 651 399 684 ὲ
412 649 508 683 nobis
520 648 770 682 sanctificatum:
799 646 933 689 Utique
949 645 1116 688 proprium
1127 656 1164 679 ac

289 711 402 734 verum
428 697 571 732 Domini
591 708 707 740 corpus
728 696 979 740 &sanguinem
1006 695 1076 728 Hic
1095 705 1165 728 om-

288 751 373 785 nino
383 747 429 782 est
440 746 647 782 Theodorcti
661 747 789 785 sensus,
814 746 870 790 qui
898 743 1006 778 lucide
1023 745 1164 779 involvit

288 811 327 832 ac
340 798 493 842 supponit
506 796 714 831 Eucharissiae
725 796 889 831 veritatem
903 820 909 826 .
938 794 1030 829 Hinc
1041 790 1167 830 Orthoss

288 848 397 882 doxus
417 848 521 892 pergit
543 861 554 881 .·
581 846 649 889 Etsi
668 847 730 880 haec
750 847 806 879 tihi
825 847 868 878 ad
882 845 975 887 sillem
986 845 1165 887 faciendam

286 898 451 943 sufficiant,
480 900 525 931 ad
532 904 690 931 veritatem
711 904 813 930 tamen
835 895 1068 938 confirmandam
1088 897 1166 937 adji»

287 955 364 983 ciam
385 950 521 983 &airam
538 947 739 989 probationem
751 971 758 978 .
785 948 846 979 Scis
863 946 945 989 quod
960 955 1071 988 panem
1083 949 1165 980 Deus

283 1004 440 1042 proprium
461 1007 563 1040 corpus
575 998 758 1039 appellavit.
790 997 868 1030 Alibi
891 998 962 1030 vero
971 1008 1091 1030 carnem
1094 996 1165 1039 fru-

286 1057 417 1082 memum
439 1050 625 1091 appellavit:
652 1047 724 1088 Nil?
737 1058 868 1090 granum
883 1046 1036 1088 frumenti
1055 1049 1163 1080 cadens

287 1105 321 1133 in
334 1108 445 1132 terram
457 1109 603 1131 mortuum
609 1097 707 1140 fuerit
721 1122 727 1128 .
754 1101 791 1130 In
801 1096 989 1137 mffleriorum
1007 1103 1079 1130 vero
1089 1096 1164 1136 insti-

287 1157 402 1183 tutione
419 1159 530 1191 panem
550 1149 719 1190 appellavit
739 1155 861 1189 corpus,
888 1149 922 1181 (¹5
938 1148 1017 1190 quod
1036 1153 1164 1180 mixtum

286 1209 354 1233 crat
381 1225 391 1240 ‚
423 1198 601 1243 sanguinem
629 1224 635 1231 .
666 1203 756 1240 Atqui
778 1196 940 1240 secundam
967 1206 1105 1231 naturam
1131 1199 1165 1231 ό·

285 1259 391 1292 corpus
406 1252 478 1291 jure
499 1257 623 1292 corpus,
650 1250 683 1282 (θ’
701 1247 825 1291 sanguis
846 1247 997 1281 vocabitur
1017 1248 1163 1291 [angult.

285 1301 429 1333 salvator
449 1310 549 1333 autem
571 1298 660 1338 noster
682 1305 801 1330 nomina
815 1303 1024 1339 permutavit:
1051 1300 1096 1329 Et
1107 1309 1165 1330 cor-

281 1357 353 1394 pori
375 1352 495 1392 quidem
515 1352 550 1382 id
559 1350 638 1392 quod
657 1357 722 1381 erat
741 1347 860 1390 symboli
882 1359 986 1381 nomen
997 1345 1135 1389 imposuit
1153 1371 1164 1387 ,

283 1399 407 1444 fimbolo
417 1408 516 1433 autem
530 1401 608 1442 quod
627 1408 693 1431 erat
706 1403 830 1439 corporis
844 1422 850 1429 .
877 1399 922 1430 sic
935 1402 1029 1430 vitem
1034 1396 1164 1441 seipsum

284 1457 338 1492 qui
359 1454 528 1483 nominavit
548 1473 559 1489 ‚
581 1447 737 1492 sanguinis
766 1459 870 1480 nomen
892 1446 1014 1489 symbolo
1038 1447 1163 1480 tribuit.

282 1499 395 1544 Pergit
407 1499 576 1533 ostendere
598 1498 688 1542 quod
709 1495 895 1531 patriarcha
906 1497 1008 1541 Jacob
1021 1510 1074 1540 per
1099 1498 1162 1541 pal·

282 1551 367 1583 lium
390 1551 422 1583 &
435 1549 549 1582 stolam
571 1560 608 1582 ac
624 1559 678 1591 per
693 1546 804 1580 vinum
827 1548 878 1580 seu
891 1558 959 1582 uvae
973 1548 1163 1592 sanguinem

282 1599 481 1634 inteilexerit
495 1599 635 1632 Domini
658 1598 861 1642 Sanguinem
880 1598 1070 1632 &Carnem
1085 1622 1092 1629 .
1120 1598 1163 1631 Et

281 1651 442 1694 imprimis
454 1646 558 1683 asserit
577 1648 671 1682 istam
685 1648 867 1682 locutionis
886 1648 1023 1691 speciem
1034 1648 1163 1691 reperiri

281 1704 382 1736 etiam
405 1701 437 1734 in
463 1699 664 1743 Evangelio.
694 1698 827 1731 Etenim
849 1698 894 1731 ibi
918 1699 985 1740 ipse
998 1698 1164 1732 Dominus

282 1753 344 1786 suo
366 1751 494 1793 corpori
516 1749 673 1792 imposuit
697 1758 817 1781 nomen
840 1748 994 1781 frumenti
1017 1772 1024 1779 .
1054 1747 1162 1782 Etiam

281 1809 405 1836 nomen
429 1800 537 1843 panis.
567 1798 622 1832 De
643 1808 776 1842 :recepto
799 1799 887 1831 enim
913 1799 945 1830 in
969 1808 1107 1838 manus,
1123 1799 1164 1832 v&

282 1849 505 1886 Eucharistice
526 1847 699 1883 beneditio
722 1858 825 1890 pane,
853 1848 958 1890 palam
971 1847 1076 1881 dixit:
1108 1853 1165 1880 Hoc

280 1904 320 1943 cst
337 1907 454 1942 Corpus
478 1911 575 1933 mrum
595 1924 601 1930 .
629 1897 866 1931 Theodoretus
885 1898 1022 1931 affirmat
1046 1909 1162 1941 panem

281 1965 352 1987 son
365 1952 457 1986 fuisse
478 1951 582 1994 ipsum
595 1949 723 1990 Corpus
736 1972 746 1988 ,
774 1947 825 1980 sed
838 1948 983 1990 corporis
993 1947 1163 1982 dumtaxat

280 2002 470 2044 symbolum
486 2025 496 2040 ‚
523 2000 663 2042 ideoque
675 1998 860 2032 Dominum
877 1999 968 2031 usum
992 1997 1052 2032 hac
1062 1999 1164 2032 fanm-

281 2058 315 2089 {a
330 2078 339 2094 ‚
367 2063 421 2096 per
440 2052 592 2085 Sannum
619 2048 841 2092 Augustinum
859 2048 1044 2090 frequenter
1058 2048 1165 2082 lauda·

281 2114 317 2138 ta
334 2128 344 2143 ,
371 2102 483 2146 regula
507 2113 513 2131 :
541 2102 732 2132 sacramenta
754 2109 856 2129 earam
879 2109 978 2130 rerum
1001 2121 1011 2137 ,
1037 2109 1165 2139 quarum

284 2157 479 2187 Sacramenta
496 2148 569 2191 sunt
591 2173 601 2188 ‚
629 2149 780 2188 quandam
797 2156 905 2189 gerunt
919 2145 1162 2188 fimilitudinem.

285 2207 318 2237 ,Ε
325 2216 346 2236 x
359 2203 414 2235 hac
426 2198 724 2240 auremfimilitudinc
738 2196 1016 2238 plerumquetenam
1034 2196 1166 2240 ipsarum

285 2266 386 2287 rerum
411 2255 529 2284 nomina
540 2253 715 2294 accipiunt.¹
738 2247 789 2280 Ex
802 2245 867 2280 hoc
882 2247 1043 2290 principio
1064 2248 1164 2282 etiam

286 2304 355 2347 ipse
376 2301 545 2336 Dominus
570 2297 763 2341 permutavit
779 2297 924 2331 nomina
949 2320 961 2338 ‚
985 2297 1019 2332 δι
1042 2297 1086 2330 rei
1108 2308 1166 2332 no-

289 2365 366 2390 men
379 2350 540 2385 transtulit
562 2349 595 2381 in
610 2346 796 2390 symbolum
809 2371 816 2378 .

342 2403 384 2436 Et
395 2402 435 2436 ad
459 2399 525 2434 haec
539 2397 722 2431 Eranistes:
752 2398 945 2438 Hocquidem
965 2398 1164 2438 veredixifli.

289 2455 401 2488 Vellem
420 2459 514 2485 autem
525 2452 752 2491 permutationir
764 2453 913 2480 nominum
932 2446 1051 2491 causam
1062 2448 1167 2491 edisce-
1181 2459 1183 2462 ·

292 2515 343 2537 re.
373 2503 416 2537 Et
437 2500 654 2537 Orthodoxus
676 2499 704 2530 ei
727 2498 868 2540 reposuit
894 2510 900 2529 :
930 2496 1104 2540 Manifestus
1129 2498 1167 2536 est

289 2554 393 2601 scopus
409 2557 468 2593 iis,
495 2557 545 2594 qui
557 2553 683 2583 Divinis
705 2547 844 2587 Mysteriis
861 2546 934 2589 sunt
955 2552 1085 2581 initiati.
1116 2552 1158 2581 Vo

297 2604 377 2638 lebat
400 2609 477 2636 enim
497 2613 542 2635 eos
561 2625 571 2641 ,
598 2603 650 2643 qui
661 2602 784 2630 Divinis
804 2597 942 2637 Mysteriis
960 2603 1146 2640 participant
1160 2621 1171 2638 ,

298 2666 355 2689 non
378 2653 526 2687 attendere
550 2660 689 2684 naturam
712 2660 809 2680 eorum
829 2658 895 2690 qua·
916 2657 1095 2689 cernuntur,
1117 2646 1174 2691 sed

295 2712 351 2745 per
367 2710 514 2737 nominum
524 2706 717 2735 mutationem
730 2703 908 2738 mutationi,
922 2709 1003 2741 qua·
1023 2710 1062 2732 ex
1069 2703 1174 2742 gratia

294 2753 384 2797 fabia
397 2753 433 2793 est
446 2777 456 2792 ,
478 2753 570 2796 fidem
580 2749 738 2783 adbibere.
766 2751 830 2792 ,ραὶ
838 2753 916 2781 enim
927 2756 1030 2790 eorpus
1051 2758 1174 2782 natura·

302 2805 329 2837 le
350 2803 515 2844 appellavit
532 2800 720 2842 frumentum
742 2801 776 2832 <tr
789 2807 921 2840 panem,
948 2800 984 2832 Θ
1005 2803 1055 2842 qui
1074 2796 1174 2841 rursus

299 2851 426 2897 skipficm
439 2855 605 2883 nominavit
627 2855 718 2882 vitem
730 2873 739 2888 ‚
761 2855 787 2882 is
800 2846 927 2889 visibilia
944 2848 1073 2892 symbola
1083 2857 1176 2890 corpo-

303 2911 347 2937 ris
373 2900 567 2944 &sanguinis
590 2899 786 2941 appellatione
807 2898 987 2939 honoravit,
1014 2911 1072 2933 non
1094 2907 1176 2932 natur

304 2965 373 2988 ram
385 2961 503 2986 mutans
518 2974 528 2990 ,
552 2948 607 2992 sed
617 2957 733 2982 naturae
747 2954 883 2991 gratiam
903 2950 1037 2982 addens.
1065 2948 1176 2983 Palam

306 3003 475 3048 profitetur
496 3000 529 3034 &
541 2998 705 3034 veritatem
723 2997 950 3045 Eucharistiae,
977 3000 1009 3032 δε
1021 2998 1179 3034 trans-ele-

306 3052 564 3087 mentationern.
591 3049 679 3083 Cum
703 3048 820 3081 Sansto
843 3048 975 3089 Cyrillo
988 3048 1179 3091 Hierosoly-

308 3116 367 3139 κως
380 3102 542 3145 Episcopo
554 3099 691 3134 affirmat
703 3107 773 3131 non
784 3096 920 3140 amplius
941 3099 1102 3134 elementa
1112 3109 1181 3142 quae

308 3153 478 3193 uidentur,
504 3149 569 3184 hoc
580 3149 623 3183 est
639 3173 649 3188 ‚
675 3147 1054 3183 refiduaselementorum
1067 3148 1182 3192 species

311 3212 459 3244 oportere
483 3199 631 3239 attendi,
657 3198 709 3232 sed
730 3198 846 3231 fastam
865 3208 906 3230 ex
918 3200 1019 3242 gratia
1031 3199 1181 3232 mutatio·

305 3262 412 3294 inem,
439 3250 517 3283 &in
540 3247 600 3283 hac
611 3247 967 3284 fundatimutationem
990 3250 1182 3283 nominum.

315 3300 409 3335 Huic
437 3299 611 3333 mutationi
637 3297 853 3332 adhibendam
880 3297 978 3332 fidem
1006 3323 1013 3331 .
1049 3299 1093 3332 Et
1120 3297 1184 3332 hoc

316 3348 470 3384 omnibus
490 3348 625 3381 initiatis
645 3350 708 3381 effe
729 3346 937 3381 manifestum
965 3372 971 3379 .

317 3399 378 3438 stes
399 3411 406 3431 :
434 3401 481 3434 Et
501 3397 607 3438 mystice
627 3398 736 3441 mystica
749 3397 830 3434 dtc‘ia
850 3396 923 3446 sunt
943 3422 954 3441 ‚
982 3348 1187 3441 &Egcfsiictiali

1357 80 1370 94 .

873 109 1505 154 Dlsseurar10

1226 197 1378 229 declarata
1399 220 1410 236 ,
1435 208 1502 240 quae
1525 205 1583 232 non
1601 201 1733 233 omnibu-r
1751 199 1827 244 fient
1847 213 1917 238 noea
1939 230 1946 238 .
1976 206 2113 241 omnia

1226 244 1369 279 admittit
1391 246 1425 279 ὃς
1437 248 1551 290 probat
1563 273 1570 280 .
1591 248 1696 296 Qod
1711 251 1800 284 enim
1810 253 1919 286 omnis
1928 254 2106 300 Eutychia·

1227 308 1267 329 na
1280 320 1290 336 ,
1315 296 1393 330 licet
1415 297 1449 330 in
1464 298 1619 341 plurimas
1631 297 1793 335 *fastiones
1812 301 2106 348 diffesta‚'Hydra

1228 343 1436 380 Eucharistiae
1457 348 1625 383 veritatem
1647 349 1743 384 fuerit
1761 352 2015 388 constantissime
2033 367 2106 399 -pro-

1226 395 1301 429 fessa
1324 420 1335 437 ,
1362 397 1455 439 supra
1481 398 1668 434 audivimus
1694 399 1736 434 ab
1766 400 1936 437 Anastasio
1963 403 2105 440 Sinaita.

1228 446 1310 480 Haec
1338 447 1433 481 verba
1454 460 1461 479 :
1490 448 1564 482 Non
1585 458 1727 483 naturam
1759 460 1881 486 mutans
1900 478 1918 496 q,
1938 452 1999 496 sed
2017 464 2108 488 natu-

1226 508 1270 531 ηε
1287 503 1421 541 gratiam
1441 500 1579 540 addens,
1607 499 1762 535 videntur
1780 501 1941 537 adstruere
1963 505 2109 547 impana-

1228 548 1371 582 tionem.
1399 547 1522 584 Eorum
1548 550 1664 594 scopus
1690 551 1723 585 &
1745 552 1854 586 sensus
1879 552 1987 588 statim
2007 565 2106 599 expo-

1229 606 1347 632 nentur
1359 622 1366 629 .
2053 608 2056 610 ·

1279 647 1392 693 Pergit
1405 648 1648 685 Orthodoxus:
1675 654 2043 698 Quoniamigiturconstat
2069 657 2104 690 o·

1222 699 1327 740 stolam
1350 700 1384 732 Θ
1395 701 1522 741 pallium
1546 703 1566 733 ἃ
1579 701 1758 736 patriarcha
1781 707 1966 737 Dominicum
1987 709 2104 747 Corpus

1230 750 1398 792 appellari,
1426 759 1516 793 atque
1535 757 1568 784 in
1584 750 1748 795 firmonem
1770 755 1808 787 de
1830 755 1947 788 divinis
1960 754 2104 795 Mysteriie

1231 801 1342 844 ingreffl
1365 797 1467 843 fumus
1478 825 1489 842 ,
1515 802 1628 844 dieper
1639 807 1818 844 veritatem,
1843 807 1925 845 cujtas
1930 813 2024 846 putas
2030 803 2105 848 fim-

1230 851 1326 883 bolum
1346 851 1515 894 &figuram
1534 852 1585 895 effi·
1602 852 1699 886 cibum
1718 851 1951 896 sanlliffimum?
1979 858 2104 888 Divini-

1231 908 1303 934 tatis
1316 912 1351 934 ne
1362 900 1470 941 christi
1483 905 1624 943 Domini,
1649 916 1690 936 an
1711 907 1847 946 Corporis
1869 906 2073 948 &Sanguinis
2086 907 2103 939 2

1234 952 1275 985 Et
1298 950 1478 990 Eranistes:
1506 956 1578 984 Non
1600 952 1720 986 dubium
1741 960 1814 996 quin
1834 966 1955 995 eorum,
1981 966 2103 998 quorum

1231 1004 1265 1035 <⁶7
1278 1013 1380 1034 nomen
1398 1005 1542 1042 accipiunt
1553 1026 1560 1032 .
1588 1001 1631 1034 Et
1642 1001 1759 1037 iterum
1772 1001 2005 1039 orthodoxus:
2034 1009 2104 1038 Cor·

1227 1057 1310 1094 porir
1334 1053 1540 1094 &Sanguinis
1563 1051 1662 1084 dicit?
1688 1051 1732 1085 Et
1744 1053 1926 1089 Eranistes:
1953 1059 2002 1090 lta
2021 1056 2102 1088 dico.

1231 1100 1446 1136 Otthodoxus
1469 1113 1475 1131 ε
1503 1104 1541 1133 Ut
1561 1102 1702 1134 veritatis
1713 1107 1839 1136 amicum
1858 1105 1961 1144 decet,
1987 1106 2103 1140 Iocutus

1230 1164 1278 1184 er.
1307 1155 1393 1184 Nam
1417 1154 1558 1183 Dominus
1569 1159 1682 1193 accepto
1688 1150 1809 1194 simbolo
1821 1165 1879 1186 non
1898 1155 2000 1194 dixit,
2031 1159 2104 1192 Haec

1230 1201 1266 1240 est
1279 1205 1437 1235 Divinitas
1446 1212 1511 1234 mea
1528 1226 1539 1242 ,
1558 1199 1636 1244 sed,
1661 1201 1766 1243 Hocest
1777 1208 1894 1245 Corpus
1914 1215 2010 1237 meum
2023 1229 2030 1236 .
2057 1207 2104 1237 Ee

1230 1252 1329 1284 rursics
1342 1265 1353 1285 .·
1382 1258 1438 1288 Hic
1448 1250 1486 1294 est
1495 1253 1622 1294 sanguis
1635 1262 1715 1285 meus
1730 1278 1737 1284 .
1766 1252 1808 1286 Et
1822 1253 2003 1288 Eranistes:
2031 1261 2105 1290 Haec

1232 1300 1403 1344 verasunt,
1434 1303 1549 1333 Divina
1572 1307 1649 1333 enim
1666 1299 1739 1343 sunt
1760 1305 1899 1337 oracula.
1929 1303 2105 1339 EtOrtho-

1230 1352 1335 1386 doxus
1346 1348 1537 1385 concludit.-
1563 1352 1595 1382 si
1604 1361 1673 1394 ergo
1686 1362 1782 1392 vera,
1807 1361 1911 1394 corpus
1931 1362 2034 1395 utique
2051 1352 2104 1386 ba-

1232 1402 1291 1435 buit
1315 1405 1476 1436 Dominus.
1508 1399 1755 1442 Eutychianum
1781 1401 1952 1436 Eranisten
1977 1402 2104 1438 invadit

1230 1464 1270 1486 eo
1290 1461 1488 1496 argumento
1510 1474 1520 1490 ,
1557 1461 1623 1494 quo
1644 1450 1749 1493 ipsum
1775 1450 1996 1495 Eutychetem
2015 1448 2105 1488 inra-

1232 1504 1308 1535 serat
1323 1501 1469 1546 Magnus
1481 1500 1551 1534 Leo
1564 1500 1744 1534 Pontifex:
1772 1506 1809 1534 In
1819 1501 1924 1544 quibus
1946 1502 2013 1542 isti,
2042 1503 2103 1537 Eu·
2124 1499 2170 1537 ΕΡ·
2194 1507 2240 1535 23·
2284 1499 2288 1534 ῗ

1230 1550 1377 1595 tychiani
1400 1576 1410 1592 ‚
1438 1556 1615 1594 Ignorantia
1638 1550 1770 1584 tenebris
1794 1575 1806 1592 ,
1831 1556 1863 1583 in
1884 1563 1938 1594 quo
1962 1551 2104 1587 haerena:

1231 1600 1342 1642 defidiae
1365 1609 1479 1644 torpore
1497 1603 1618 1642 jacuere
1639 1624 1650 1641 ,
1675 1610 1711 1634 ut
1734 1611 1786 1635 nec
1806 1602 1913 1635 auditu
1939 1599 2104 1645 difterem,

1229 1654 1281 1685 vel
1298 1652 1417 1685 lemane
1436 1649 1635 1695 cognoscerent
1655 1674 1666 1691 ‚
1692 1652 1770 1692 quod
1787 1656 1819 1683 in
1839 1651 1966 1694 Ecclefia
1990 1655 2048 1686 Dei
2071 1659 2105 1687 in

1228 1707 1356 1735 omnium
1380 1712 1426 1735 ore
1437 1711 1500 1734 tam
1520 1698 1673 1743 consonum
1692 1700 1751 1741 est,
1777 1711 1811 1734 ut
1821 1712 1873 1735 nee
1891 1702 1931 1735 ab
1942 1702 2106 1744 infantium

1227 1753 1334 1796 linguis
1358 1756 1473 1786 veritas
1498 1753 1636 1792 Corporis
1662 1751 1696 1784 <5
1716 1752 1876 1795 Sanguinis
1902 1750 2012 1791 Christi
2027 1758 2107 1787 inter

1229 1807 1388 1835 communis
1412 1802 1610 1834 sacramenta
1621 1801 1711 1833 Fidei
1721 1803 1881 1835 teneatur?
1907 1804 1991 1847 ,Quia
2008 1808 2041 1835 in
2050 1803 2104 1836 tila

1229 1852 1339 1892 mystica
1350 1851 1550 1890 distributione
1561 1848 1732 1894 spiritualis
1753 1851 1902 1886 alimonia
1928 1852 1980 1885 hoc
1990 1857 2107 1895 impar-

1229 1909 1302 1936 titur
1314 1926 1323 1942 ‚
1353 1900 1403 1934 hoc
1407 1899 1536 1943 sumitur
1549 1925 1560 1941 ‚
1586 1909 1619 1934 ut
1629 1905 1802 1942 accipientes
1822 1906 1967 1935 virtutem
1984 1902 2101 1942 coelestis

1228 1952 1304 1993 cibi,
1330 1958 1361 1984 in
1373 1956 1504 1984 Carnem
1514 1949 1623 1992 ipsius,
1648 1956 1777 1993 quicaro
1799 1949 1896 1991 nostra
1911 1951 2017 1993 fabius
2039 1951 2101 1992 est,

1229 2000 1433 2045 transeamus.
1461 2000 1530 2034 Hie
1541 2000 1586 2035 est
1600 2000 1656 2034 ille
1678 1998 1786 2040 cibus,
1815 2000 1872 2043 qui
1892 2001 2104 2036 alicubiallo·

1229 2053 1338 2095 quitur
1361 2050 1544 2084 humanum
1566 2061 1686 2094 genus:
1714 2050 1808 2083 Cibus
1826 2048 1895 2093 sum
1913 2053 2102 2095 grandium.

1231 2100 1334 2144 cresce
1359 2102 1393 2134 ἐν
1405 2099 1598 2133 manducabis
1616 2110 1662 2133 me
1678 2124 1685 2131 .
1713 2103 1779 2132 Nec
1801 2107 1834 2133 tu
1852 2110 1898 2132 me
1916 2100 2046 2134 mutabis
2069 2107 2103 2135 in

1229 2162 1258 2185 te
1270 2176 1281 2192 ‚
1318 2160 1375 2184 tcut
1387 2150 1483 2183 cibum
1494 2154 1593 2183 carnis
1607 2157 1668 2183 tuae
1679 2173 1690 2190 ‚
1711 2147 1770 2192 sed
1777 2157 1809 2182 tu
1820 2148 1982 2189 mutaberis
1997 2157 2030 2184 in
2039 2162 2086 2185 me
2096 2176 2104 2183 .

1230 2201 1267 2235 In
1282 2200 1457 2243 mysticum
1476 2209 1584 2233 meum
1599 2199 1745 2242 Corpuse
1772 2199 1810 2232 ln
1823 2209 1882 2233 tuo
1897 2199 2107 2235 consubstan-

1230 2251 1300 2286 tiali
1326 2250 1469 2293 principi
1493 2247 1858 2283 circumsubstantialem
1879 2250 2106 2294 &concorpo-

1229 2301 1328 2335 raiem
1355 2298 1512 2344 populum
1533 2323 1540 2332 .
1582 2297 1626 2331 Et
1647 2297 1880 2332 Theodoretus
1905 2299 1937 2333 ὅ(
1960 2300 2107 2345 Magnus
2197 2318 2225 2328 2

1231 2351 1301 2385 Leo
1313 2362 1354 2384 ex
1365 2349 1452 2383 avita
1473 2347 1607 2382 Patrum
1619 2347 1748 2393 Regula
1761 2348 1923 2383 affirmant
1943 2349 2030 2383 idem
2052 2360 2107 2394 pet
2188 2346 2214 2373 ’Ἴ

1228 2400 1341 2444 omnia
1352 2409 1468 2442 corpus
1489 2399 1551 2432 esse
1571 2399 1604 2432 ὃς
1619 2398 1652 2432 in
1678 2398 1742 2432 hoc
1764 2399 1997 2440 Sacramenm,
2023 2399 2057 2434 ἀ
2071 2400 2107 2433 in

1230 2449 1347 2485 v*risibili
1369 2448 1509 2483 Domini
1523 2449 1685 2491 supposito
1698 2461 1709 2481 t
1737 2448 1779 2481 Et
1791 2448 1866 2491 quia
1877 2449 1987 2483 omnis
2000 2448 2108 2484 Eccle-

1231 2502 1273 2534 sia
1297 2499 1466 2544 profitetur
1485 2498 1518 2531 in
1533 2499 1742 2532 sacramento
1763 2498 1826 2532 effe
1838 2510 1944 2532 veram
1964 2499 1999 2534 &
2011 2498 2108 2534 nobis

1231 2548 1539 2585 consubstantialem
1566 2559 1695 2582 carnem
1722 2571 1733 2587 ‚
1767 2549 1972 2583 concludunt
2007 2549 2107 2583 talem

1229 2601 1325 2635 fuisse
1351 2598 1451 2633 etiam
1466 2607 1575 2632 natam
1596 2599 1637 2632 de
1648 2597 1812 2643 Virgine,
1837 2600 1955 2642 passam
1977 2599 2012 2632 in
2025 2598 2108 2633 Cru-

1232 2662 1269 2686 ce
1289 2673 1299 2689 ‚
1326 2649 1544 2684 resuscitatam
1570 2649 1587 2682 ὲ
1609 2651 1746 2683 mortuis
1767 2672 1778 2689 ‚
1804 2649 1839 2682 δι
1864 2649 2040 2683 exaltatam
2064 2646 2107 2682 ad

1233 2695 1399 2738 dexteram
1419 2698 1485 2733 Dei
1500 2698 1605 2732 Patris
1619 2724 1626 2731 .
1654 2699 1697 2732 Et
1720 2708 1819 2739 nota,
1846 2695 1934 2741 quod
1945 2697 2106 2732 Theodo-

1235 2761 1319 2786 retus
1339 2749 1429 2784 hunc
1450 2748 1673 2783 sanctissimum
1695 2747 1804 2782 cibum
1824 2747 1962 2791 appellet
1981 2748 2014 2782 δε
2027 2749 2107 2792 figu-

1235 2813 1302 2835 ram
1315 2800 1405 2833 fimul
1426 2800 1460 2832 &
1474 2799 1644 2833 veritatem
1659 2811 1666 2830 :
1692 2797 1844 2842 Figuram
1857 2799 1983 2832 ratione
2004 2797 2108 2831 conti.

1238 2851 1384 2886 nentium
1412 2849 1634 2892 symboiorum
1653 2870 1664 2887 ‚
1690 2849 1853 2881 veritatem
1881 2847 2007 2881 ratione
2031 2859 2109 2881 con·

1238 2911 1332 2936 tentae
1354 2898 1551 2934 substantiae.
1579 2899 1622 2932 Et
1642 2898 1708 2940 ejus
1731 2897 1824 2934 verba
1837 2908 2042 2943 nequaquam
2054 2897 2110 2931 ad·

1240 2953 1353 2985 sonant
1374 2951 1464 2994 supra
1488 2958 1669 2983 memorato
1703 2947 1803 2981 errori
1831 2946 1977 2981 Nestorii
1998 2972 2004 2979 .
2035 2946 2117 2981 Nee?

1239 3003 1326 3035 enim
1347 3011 1423 3034 cum
1446 2998 1601 3033 Nestorio
1622 3008 1743 3042 negant
1766 2997 1983 3031 Divinitatem
2006 2995 2114 3042 fingu-

1241 3051 1296 3085 lari
1323 3049 1424 3084 modo
1443 3050 1506 3083 esse
1532 3048 1566 3082 in
1593 3047 1800 3082 sacramento
1826 3071 1837 3087 ‚
1865 3047 1919 3081 sed
1943 3047 2114 3082 dumtaxat

1242 3100 1388 3135 adversus
1400 3096 1615 3141 Eutyche-,tem
1639 3107 1760 3142 negant
1781 3098 1884 3140 ipsam
1906 3099 1969 3132 effe
1988 3097 2089 3131 solnm
2100 3119 2114 3136 ‚

1242 3151 1386 3195 adeoque
1397 3150 1564 3192 adsumpta
1574 3159 1705 3182 carnem
1728 3148 1761 3182 ὅ(
1774 3148 1966 3192 sanguinem
1978 3148 2117 3181 afferunt

1246 3203 1278 3235 in
1290 3202 1392 3243 ipsam
1405 3210 1471 3234 non
1493 3198 1556 3232 effe
1565 3200 1721 3232 conversa
1733 3222 1740 3230 .

1294 3252 1338 3286 Et
1350 3250 1390 3285 ad
1405 3249 1470 3283 haec
1483 3248 1644 3282 Eranines
1660 3247 1826 3292 respondit
1839 3262 1850 3282 .·
1876 3253 1953 3282 Vera
1958 3246 2030 3290 sunt
2042 3244 2112 3279 bac.

1248 3303 1365 3333 Divina
1376 3297 1534 3343 enimsunt
1546 3298 1660 3330 oracula
1675 3323 1681 3330 .
1707 3299 1842 3332 Fatetur
1864 3299 1898 3331 in
1912 3295 2118 3330 Eucharistia

1250 3361 1315 3384 non
1337 3350 1438 3383 solam
1460 3347 1623 3383 contineri
1643 3348 1884 3387 Divinitatem,
1911 3346 1965 3379 sed
1988 3345 2118 3388 insuper

1251 3411 1357 3435 veram
1383 3398 1524 3434 Domini
1553 3399 1694 3432 Carnem
1730 3409 1767 3431 ac
1805 3396 2036 3481 Sanguinerril.
2076 3395 2123 3431 Et

2022 3454 2074 3479 inc
