2352 3756
786 84 1597 131 CoNc1L1ABULum,

261 181 344 219 pus,
371 179 456 216 Erpo
475 171 642 216 Episcopus
673 166 862 208 Monasterii,
885 167 1044 200 Folmarus
1072 170 1149 200 Min-

263 225 358 267 densi's
372 223 499 266 Ecclefiae
511 221 694 266 Episcopus,
722 222 823 260 Poppo
851 216 988 258 Tullenfis
1011 216 1145 259 Ecclefiae

262 274 446 318 Episcopus,
472 280 540 317 qm'a
546 282 601 315 per
608 270 642 315 se
651 269 748 312 ipsum
758 268 853 311 adesse
866 279 923 300 non
945 273 1066 309 potuit,
1090 276 1146 309 per

264 329 393 369 Legatos
402 324 471 369 suos
483 347 493 363 ,
517 328 641 366 quivice
657 320 714 364 sua
736 324 902 352 intererant
914 341 925 357 ,
952 316 1019 350 huic
1039 318 1149 356 synodo

262 375 398 418 consensit
411 377 446 410 (¹5
452 372 620 418 subscripsit
629 397 637 404 .
666 368 866 404 Burcbardus
879 378 991 409 quoque
1003 366 1148 408 Basileen-

260 424 300 466 fis
311 424 444 465 Ecclefiae
456 428 486 456 E
486 422 620 466 pisiopus
634 446 644 462 ‚
669 423 703 455 (Β
715 417 792 452 Otho
814 417 1161 460 stratzburgenfisflEe-ec
1184 450 1187 451 ⁷

260 474 351 517 elesiae
364 473 525 518 Epts‘copus
535 482 591 515 per
605 476 732 515 Legatos
739 467 810 511 suos
821 465 1026 511 consenserunt
1041 469 1074 501 ἀν
1084 466 1149 509 sub-

258 524 462 567 scripserunt:
490 526 555 566 ,Qui
563 530 684 564 propter
696 518 784 558 hostes
814 515 947 557 Ecclefiis
960 514 1026 558 suis
1047 519 1154 550 crude·-

263 576 330 607 liter
351 578 442 607 nimis
466 579 656 606 imminentes
680 595 692 610 ‚
718 570 835 601 domum
858 567 963 607 dimiffi
983 565 1074 609 sunt.
1102 570 1148 599 Et

262 625 349 657 multi
365 623 455 665 fimul
480 622 644 660 Presbyteri
668 629 757 661 atque
781 621 925 650 Diacones
945 616 1147 657 interfuerunt

257 674 329 707 ‹buic
351 675 459 713 synodo
480 680 657 716 congregata
677 676 709 701 in
730 673 854 701 civitate
875 670 1029 710 Moguntia
1054 689 1062 697 .
1088 666 1145 698 Ubi

261 726 296 758 o·
318 729 448 757 omnium
468 721 680 765 Epiftopor-um
698 719 803 752 aderat
827 714 999 759 consensus,
1020 713 1084 755 five
1107 717 1146 749 de

260 775 375 814 Italia,
396 772 461 814 five
480 774 605 812 Gallia,
633 772 722 803 immo
742 769 780 800 de
803 772 881 798 omni
909 764 1067 797 Catholica
1087 768 1144 799 Ec-

259 822 361 863 clesia,
386 827 420 854 in
440 830 563 863 quorum
581 821 711 852 alternis
732 815 869 850 cordibus
892 819 976 847 vivit
993 811 1143 855 spiritalis

261 883 343 904 amor
363 873 398 906 (v
415 875 542 915 gratia,
567 876 601 901 ut
619 866 690 908 ficut
709 870 856 899 unitatem
867 871 962 897 tenere
968 863 1142 905 firmiter&

261 923 422 955 vindicare
439 920 566 958 debent,
591 917 723 950 maxime?
743 913 882 957 Episcopi
904 919 955 955 qui
977 919 1008 946 in
1021 913 1144 955 Ecclesia

256 970 441 1014 praest‘dent,
466 975 510 1003 ita
531 966 744 1011 Episcopatum
766 975 874 1007 quoque
895 974 986 997 unum
999 970 1142 1007 usquein-

262 1019 396 1063 divisum
415 1018 560 1062 probent.
586 1019 646 1050 Sed
665 1016 760 1058 aliqui
781 1012 995 1056 Episcoporum
1005 1021 1143 1050 exierunt

260 1072 299 1104 ab
321 1073 436 1104 illorum
455 1073 649 1103 communione
663 1092 674 1108 ,
701 1077 820 1109 quorum
830 1074 991 1099 conventus
998 1064 1063 1107 five
1076 1077 1140 1100 con-

258 1120 365 1165 sensus
387 1121 428 1153 ibi
440 1120 548 1161 fuerat
566 1127 623 1161 pro
640 1118 839 1159 recuperanda
857 1124 931 1157 pace
943 1116 995 1149 vel
1009 1116 1141 1161 Ecclefiae

260 1174 312 1205 vel
332 1170 530 1211 Reipublicae,
559 1175 609 1211 qui
630 1173 719 1201 etiam
740 1179 778 1200 ex
800 1166 891 1199 multo
902 1173 1030 1207 tempore
1045 1169 1141 1201 nolue-

259 1230 331 1254 runt
353 1219 443 1263 usque
462 1219 560 1252 adbuc
577 1223 787 1251 communicare
810 1217 879 1250 5edi
900 1215 1082 1258 apostolica,
1104 1217 1140 1259 fi·

260 1284 299 1305 ne
317 1273 400 1312 cujus
423 1269 601 1303 authoritate
621 1280 670 1302 nec
692 1266 747 1310 ipfi
766 1268 884 1310 quidem
890 1267 1006 1310 possunt
1017 1270 1139 1308 alicujus

259 1325 292 1354 E
291 1320 447 1364 piscopalis
471 1321 551 1362 officii
571 1318 764 1360 ministerium
789 1317 897 1351 habere
927 1342 934 1349 .
974 1318 1042 1351 Ideo
1069 1316 1138 1361 ipso-

259 1383 327 1404 rum
348 1368 471 1414 baereses
491 1372 525 1403 ὁ*
541 1367 705 1412 schismata
723 1368 762 1401 ab
780 1368 914 1402 omnibus
927 1366 1086 1401 Catholicis
1098 1379 1141 1401 re-

255 1421 387 1465 probata
406 1419 479 1463 sunt
503 1427 592 1462 atque
628 1422 777 1453 damnata
797 1429 859 1451 cum
877 1416 944 1459 ipfis
966 1417 1141 1461 authoribus,

254 1477 375 1514 pariter
397 1472 432 1504 δ’
459 1468 638 1511 consortibus
654 1479 792 1503 externae
817 1472 1024 1501 communionis
1051 1476 1140 1510 atque

253 1522 393 1564 perfidiae
405 1545 412 1551 .
436 1523 476 1553 Hi
497 1529 596 1553 autem
614 1518 708 1563 sunt,
734 1524 785 1562 qui
804 1526 857 1551 aut
860 1518 1010 1562 fuglenda
1022 1516 1136 1561 Episco-

255 1578 346 1612 patus
361 1569 431 1614 suos
449 1569 628 1614 dimiserunt
649 1594 661 1610 ,
686 1578 740 1602 aut
762 1580 807 1602 eos
824 1576 880 1610 per
906 1568 982 1600 bella
1003 1574 1138 1601 maxima

202 1618 205 1620 ’
251 1619 308 1662 fibi
324 1622 509 1653 vindicando
528 1618 746 1661 usurpaverunt
757 1640 768 1656 ,
795 1628 832 1650 ne
840 1623 1084 1651 communicarent
1094 1623 1138 1651 eis

257 1676 307 1712 qui
317 1674 528 1702 communicant
539 1667 692 1701 Catholico
702 1671 878 1708 Imperatori
891 1690 901 1705 ,
926 1668 979 1699 vel
985 1669 1053 1699 sedi
1066 1671 1138 1708 Apo-

251 1719 360 1760 stolicae
374 1743 382 1750 .
410 1718 601 1752 Geberardus
625 1714 840 1760 salzburgenfis
862 1714 997 1756 Ecclefiae
1022 1718 1136 1757 Arcpie-

252 1768 390 1811 piscopus
410 1793 420 1808 ,
459 1771 619 1803 Hartuicus
644 1764 900 1809 Magdeburgenfis
925 1764 1057 1805 Ecclest'ae
1083 1770 1138 1797 Ar-

253 1816 451 1860 chiepifitopus
461 1840 471 1855 ‚
486 1816 627 1849 Adelbero
641 1813 903 1858 Wirtziburgenfis
916 1812 1050 1854 Ecclefiae
1061 1817 1135 1855 Epi.

249 1866 355 1911 scopus
378 1891 389 1907 ,
428 1867 613 1899 altmannus
637 1863 827 1904 Patavienfis
850 1862 987 1903 Ecclefiae
1014 1862 1135 1904 Episco-

1928 108 2015 153 341

1209 174 1276 198 tem
1302 163 1350 198 illi
1373 164 1551 203 Ecclesiam
1572 171 1750 208 calumnias
1771 175 1952 210 Venerii-:us
1974 178 2087 214 denuo

1211 215 1433 259 prosequitur:
1461 220 1555 259 Igitur
1577 220 1714 255 Clemens
1734 228 1820 265 Papa
1841 233 1956 262 carsiens
1967 240 2084 271 gregem

1213 269 1333 297 Domini
1344 267 1379 299 Θ
1404 276 1474 299 Oves
1487 265 1594 304 Christi
1605 279 1642 300 ex
1653 276 1761 310 rapina
1773 287 1807 307 ac
1827 278 2014 310 devoratione
2037 278 2085 311 be.

1203 314 1331 355 stiarum
1355 321 1425 359 agri
1447 320 1581 357 eripere,
1612 318 1756 356 constituit
1775 325 1929 364 apostolica
1952 326 2084 360 authorff.

1210 374 1272 397 tate
1276 363 1488 412 supradic‘lam
1501 367 1715 408 synodumsieri
1739 374 1770 400 in
1793 376 1888 414 Regno
1909 380 2082 418 Teutonico,

1209 417 1295 456 apud
1308 417 1491 457 Metropolim
1513 422 1666 449 civitatem
1691 421 1871 461 Moguntiae,
1896 433 1927 455 ut
1950 435 2083 468 ageretur

1208 466 1255 498 ib}
1273 467 1309 498 de
1335 468 1414 499 Fide
1441 465 1591 499 Catholica
1613 489 1623 504 ,
1649 468 1682 500 &¹
1697 475 1767 507 pace
1790 470 1977 510 Ecclefiarum
1996 484 2083 518 atque

1208 517 1358 549 concordia
1367 541 1378 558 ,
1404 517 1524 558 ideoque
1539 518 1645 550 aderat
1655 516 1696 548 ibi
1709 524 1837 552 omnium
1848 518 1997 563 consensus
2010 527 2086 565 Epi.

1204 562 1357 607 scoporum
1381 567 1420 599 de
1440 572 1519 599 omni
1537 566 1693 602 catholica
1718 568 1846 611 Ecclefia
1865 593 1876 609 ‚
1903 574 1936 603 in
1962 582 2084 613 quorum

1208 617 1335 648 alternis
1358 616 1495 649 cordibus
1519 622 1603 650 vivit
1621 615 1769 659 spiritalis
1792 630 1876 653 amor
1899 621 1934 653 <5
1960 627 2083 665 gratia.

1209 667 1323 698 Aderat
1344 671 1434 699 etiam
1453 671 1619 708 Imperator
1641 667 1819 709 Henrieus,
1840 674 2008 712 praecipuus
2033 682 2084 704 au-

1207 714 1274 747 thor
1293 714 1382 757 hujus
1407 717 1531 751 synodi:
1561 718 1646 760 ,Quia
1667 715 1746 749 nibil
1754 725 1849 750 tutum
1861 730 1953 762 neque
1960 719 2084 762 firmum

1205 771 1316 805 poterit
1335 766 1385 809 effe
1407 771 1439 798 in
1462 765 1510 798 bis
1532 777 1600 808 quae
1621 764 1695 808 sunt
1714 765 1884 810 ejusmodi,
1909 768 1965 810 nisi
1982 770 2083 812 defen-

1207 815 1263 846 dat
1286 816 1320 848 (ς
1333 815 1438 858 probes
1460 827 1496 850 ea
1516 817 1638 860 Regalis
1661 816 1828 851 authoritas
1847 825 1906 860 pro
1926 818 2081 860 Majestate

1207 868 1346 905 1mperii.
1374 866 1538 910 Episcopo
1562 866 1728 901 Venerico
1751 891 1763 907 ‚
1788 867 1866 902 licet
1886 868 2083 913 nequiffimo

1206 911 1386 950 schismatis
1407 926 1546 960 patrono
1569 939 1580 957 ,
1606 926 1742 961 magnas
1763 916 1919 952 debemus
1941 918 2081 963 gratias,

1206 963 1296 1007 quod
1315 963 1408 1008 hujus
1428 966 1592 1002 latrocinii
1614 966 1695 1003 Asta
1718 977 1786 1003 tam
1805 970 1952 1003 accurate
1967 969 2008 1004 ad
2020 980 2083 1003 nos

1205 1016 1416 1050 transmiserit
1428 1041 1436 1052 ,

1256 1065 1406 1101 Praefatos
1446 1067 1635 1111 quindecim
1664 1069 1844 1114 Episcopos
1873 1067 2081 1105 orthodoxos

1208 1128 1275 1150 non
1303 1117 1509 1153 solummodo
1533 1119 1722 1164 degradavit
1750 1119 1814 1154 hoc
1841 1120 2052 1154 latrocinium
2068 1143 2082 1160 ,

1207 1166 1259 1200 sed
1283 1166 1411 1210 insuper
1428 1169 1463 1201 in
1481 1170 1695 1213 quorumdam
1718 1170 1807 1204 sedes
1829 1169 1937 1214 postea
1950 1170 2082 1204 intrusit

1206 1216 1288 1249 alios
1307 1242 1314 1248 .
1343 1217 1478 1252 Etenim
1498 1219 1532 1251 in
1546 1219 1697 1252 Hartuici
1711 1219 2004 1265 Magdeburgenfis
2017 1220 2081 1254 Ar·

1205 1265 1402 1310 chlepiscopi
1423 1267 1538 1302 Sedem
1566 1268 1691 1303 intrusit
1704 1270 1901 1303 Hartuicum
1915 1269 2084 1304 Herosfel·

1204 1316 1320 1349 diensis
1340 1317 1533 1351 Monasterii
1547 1317 1709 1352 Abbatem
1723 1343 1730 1351 .
1760 1318 1944 1354 Audiamus
1955 1329 2021 1352 rem
2037 1319 2080 1353 ab

1205 1364 1320 1400 eodem
1341 1366 1525 1402 Venerico:
1553 1373 1649 1413 Igitur
1666 1368 1803 1414 fugitivo
1822 1370 1866 1401 illi
1890 1371 1924 1403 Θ
1943 1368 2079 1402 haeretico

1204 1416 1351 1451 Hartuico
1367 1416 1490 1461 succeffit
1512 1419 1678 1452 catholicus
1701 1425 1864 1456 Hartuicus
1875 1425 1907 1452 in
1919 1419 2081 1461 Episcopa-

1203 1476 1265 1500 tum
1288 1468 1541 1512 Magdeburgenst's
1566 1468 1723 1511 Ecclefiae,
1749 1481 1835 1511 quem
1842 1469 1905 1511 post
1915 1469 2080 1503 electionem

1203 1517 1283 1550 Cleri
1305 1519 1339 1551 (η’
1355 1520 1457 1560 populi
1480 1521 1636 1553 ordinavit
1657 1519 1871 1563 Suffraganeus
1892 1521 1958 1560 ejus
1993 1520 2078 1553 Dedo

1202 1565 1387 1610 Episcopus,
1414 1580 1492 1602 anno
1517 1569 1662 1612 millefimo
1684 1569 1841 1612 oc‘i'ogefimo
1861 1576 1963 1612 quinto
1986 1593 1998 1609 ,
2022 1578 2081 1602 ter-

1200 1622 1240 1648 tio
1260 1618 1326 1650 idus
1344 1620 1448 1663 Julii.
1481 1621 1531 1652 Ad
1548 1623 1615 1657 ejus
1636 1621 1847 1653 ordinationem
1863 1618 2002 1662 praesens
2012 1627 2080 1653 erat

1202 1669 1364 1706 Imperator
1388 1669 1558 1702 Henricus.
1586 1670 1634 1703 Ibi
1657 1670 1689 1702 6*
1706 1669 1843 1713 praesens
1867 1677 1933 1703 erat
1955 1671 2077 1703 Wizeli·

1200 1724 1255 1746 nus
1279 1718 1462 1758 Moguntinae
1480 1716 1614 1757 Ecclefiae
1639 1717 1874 1761 Archiepiscopus
1891 1743 1903 1759 ,
1928 1721 1962 1752 (5
1984 1721 2083 1761 segui-

1199 1774 1255 1795 nus
1276 1765 1451 1806 Colonienfis
1471 1765 1604 1806 Ecclefi'ae
1628 1767 1887 1811 Archiepiscopus‚
1911 1776 2001 1810 atque
2027 1768 2080 1800 alii

1194 1814 1295 1853 plures
1318 1813 1461 1857 Episcopi
1485 1840 1492 1847 .
1529 1817 1710 1851 Hartuicus
1730 1817 1786 1852 ille
1810 1818 1922 1852 Abbas
1944 1818 2007 1851 fnit
2031 1818 2080 1851 vit

1197 1862 1396 1897 dostiffimus
1420 1876 1457 1898 ac
1473 1866 1680 1908 nequiffimus
1700 1890 1712 1907 ,
1751 1868 1806 1900 cui
1822 1866 1965 1901 eruditio
1983 1876 2078 1901 erant

248 1926 332 1961 pus,
362 1915 536 1949 adelbertus
561 1912 786 1955 Wormattenfis
808 1911 941 1952 Ecclesi‘ae
952 1909 1133 1953 Episcopus,
1197 1922 1284 1945 arma
1298 1913 1332 1945 in
1345 1923 1445 1947 manu
1463 1916 1592 1949 furiofi.
1620 1916 1746 1950 Deillo
1758 1917 1851 1951 enim
1874 1915 1966 1951 addit
1997 1928 2077 1951 con-

249 1966 451 2000 Burcbardus
491 1962 747 2007 Halberstadienfis
785 1960 919 2002 Ecclefiae
946 1959 1132 2003 Episcopus,

249 2018 419 2050 Wernerus
431 2011 672 2056 Merseburgenfis
689 2009 824 2051 Ecclesiae
838 2008 1004 2052 Episcopus
1014 2035 1023 2049 ,
1052 2014 1133 2043 Gun-

250 2066 354 2102 tberus
366 2062 520 2104 citizensis
533 2059 841 2107 EcclefiaesEpiscopus
854 2084 864 2100 ,
891 2061 995 2091 Benno
1006 2058 1132 2102 Mtsnen-

246 2114 284 2157 fis
299 2113 430 2156 Ecclefiae
456 2111 645 2156 Episcopus,
671 2115 835 2146 Hartuicus
859 2108 1051 2149 Virdunensis
1073 2112 1130 2143 Ec-

248 2165 336 2208 clefiae
347 2162 511 2207 Episcopus
524 2186 535 2202 ,
553 2166 755 2195 Herimannus
766 2157 901 2200 Metenfis
912 2155 1043 2198 Ecclefiae
1053 2162 1130 2200 Epi-

243 2214 348 2259 scopus
360 2237 371 2252 ,
396 2209 611 2256 Leginbardus
621 2208 781 2251 Mindenfis
801 2207 936 2249 Ecclefiae
959 2206 1125 2251 Episcopus

243 2273 300 2307 per
309 2263 412 2305 studia
421 2267 557 2303 partium
564 2258 808 2304 subintrodublus
822 2283 833 2299 ,
854 2259 1011 2302 Wigoldus
1025 2262 1124 2302 Augu·

245 2314 301 2355 stae
323 2312 485 2355 Episcopus
503 2319 559 2353 per
577 2310 678 2350 studia
698 2314 834 2352 paritum
851 2306 1090 2351 subintroduci'us
1110 2333 1121 2349 ,

248 2363 440 2397 Geberardus
465 2358 688 2401 constantienfis
721 2357 851 2400 Ecclefiae
882 2356 1045 2400 Episcopus
1067 2366 1121 2399 per

240 2414 341 2454 studia
359 2416 495 2454 partium
501 2408 740 2453 subintroduc‘lus
752 2433 762 2449 ‚
788 2408 940 2441 Henricus
954 2407 1118 2441 Paderbor-

248 2461 341 2504 nensis
365 2460 529 2504 Episcopus
554 2468 613 2502 per
633 2458 733 2499 studia
749 2463 884 2501 partium
905 2457 1092 2490 introduc‘ius
1107 2484 1117 2499 ‚

240 2513 301 2557 sed
321 2524 355 2545 ne
376 2511 472 2544 adhuc
492 2511 610 2552 quidem
620 2513 776 2542 initiatus.
804 2507 854 2548 Isti
866 2509 1033 2550 quindecim
1039 2516 1119 2548 prae-

241 2562 375 2604 ferentes
399 2571 502 2594 nomen
523 2560 680 2592 Sacerdotii
703 2583 714 2599 ‚
734 2556 817 2601 saepe
836 2558 925 2589 antea
947 2558 1115 2598 admoniti,

244 2623 320 2646 nunc
341 2618 438 2644 autem
457 2610 630 2653 regulariter
650 2613 748 2640 vocati
768 2631 779 2647 ,
806 2613 877 2649 quia
898 2608 1052 2639 noluerunt
1075 2610 1120 2640 ad

239 2671 344 2705 pacem
361 2659 472 2700 Christi
499 2660 532 2691 (5
555 2655 687 2699 Ecclefiae
704 2663 817 2691 reverti
837 2680 848 2696 ‚
885 2668 923 2689 ex
943 2656 1116 2691 auc‘loritate

1199 1971 1293 2006 gerro
1307 1962 1487 1997 veneticus
1501 1978 1511 1997 .-
1539 1967 1631 2008 ,Quod
1642 1970 1805 2008 Imperator
1816 1978 1872 2000 non
1877 1973 1979 2009 potuit
1983 1968 2077 2010 perfi-

1195 2022 1256 2044 cere
1269 2018 1339 2044 totis
1350 2013 1469 2046 viribus
1477 2018 1594 2057 Regni,
1619 2014 1670 2048 boc
1694 2016 1863 2049 Hartuicus
1883 2016 2010 2059 perfecit
2033 2027 2075 2051 ex

1193 2060 1339 2099 industria
1358 2061 1508 2104 sapientis
1529 2070 1639 2106 ingenti
1662 2089 1674 2105 ,
1703 2064 1812 2108 scilicet
1831 2074 1864 2099 ut
1886 2068 2074 2101 divideretur

1192 2115 1297 2142 unitas
1307 2110 1512 2154 perversorum
1526 2136 1538 2152 ,
1563 2117 1628 2145 cum
1638 2125 1696 2147 non
1702 2116 1795 2157 poffet
1802 2124 1859 2156 per
1882 2115 2074 2158 disciplinam

1193 2163 1235 2192 rei
1246 2159 1389 2194 militaris
1399 2162 1521 2194 emolliri
1542 2163 1658 2195 duritia
1676 2164 1823 2197 Saxonum
1835 2188 1847 2204 ,
1873 2166 1923 2198 vel
1942 2165 2072 2207 rescindi

1189 2207 1316 2252 societas
1329 2210 1557 2255 Thuringorum.
1584 2211 1765 2247 Hartuicus
1775 2213 1861 2248 inter
1881 2213 1959 2249 istos
1983 2216 2070 2258 opti-

1189 2269 1260 2292 mos
1272 2260 1418 2295 Ecclefiae
1437 2260 1522 2295 filios
1547 2261 1710 2296 suscitavit
1722 2261 1859 2298 schisma
1871 2287 1882 2304 ‚
1907 2272 2005 2308 atque
2015 2265 2068 2300 in·

1188 2308 1228 2342 de
1249 2307 1410 2345 horrenda
1438 2309 1582 2345 facinora
1602 2336 1610 2344 .
1637 2311 1716 2345 Duo
1739 2311 1774 2346 hi
1796 2313 1985 2355 Hartuici„
2010 2326 2066 2350 eo-
2106 2313 2112 2322 “

1186 2358 1260 2392 dem
1282 2368 1428 2404 tempore
1448 2360 1590 2405 ejusdem
1614 2361 1764 2396 Ecclefiae
1783 2361 1960 2408 Episcopi,
1987 2366 2062 2402 suut

1185 2408 1261 2442 ficut
1284 2409 1384 2451 Jacob
1409 2411 1443 2445 &
1469 2411 1555 2445 Esau
1567 2410 1793 2447 discernendi.
1818 2413 1957 2449 Istorum
1969 2416 2064 2459 quin-

1183 2457 1289 2492 decim
1315 2460 1551 2505 Episcopotum
1584 2461 1720 2495 crimina
1747 2463 1846 2497 etiam
1866 2464 1968 2499 edicit
1993 2465 2059 2501 Ve-

1182 2507 1328 2542 neticus.
1359 2509 1416 2543 Est
1437 2510 1622 2545 calumnia:
1650 2510 1806 2547 Attamen
1830 2513 1911 2548 scitu
1931 2514 2030 2560 digna
2044 2541 2055 2557 ‚

1182 2556 1319 2599 ideoque
1345 2559 1479 2603 legenda
1508 2585 1515 2591 .
1550 2560 1595 2594 Et
1615 2561 1671 2595 ilie
1697 2562 1788 2596 addit
1811 2577 1819 2596 :
1855 2564 2056 2600 Hermannus
2074 2569 2133 2601 1³01.
2154 2575 2199 2610 84.

1179 2609 1329 2640 Saxonum
1349 2613 1433 2647 Rex,
1458 2612 1558 2651 utpote*
1577 2622 1645 2644 reus
1667 2612 1834 2654 Majestatis
1859 2638 1870 2654 ,
1894 2625 1984 2658 atque
2008 2615 2057 2650 bo-

1170 2655 1226 2696 stis
1247 2657 1450 2699 Ecclefiasticae
1471 2664 1554 2703 pacis
1566 2684 1577 2701 ,
1605 2661 1764 2696 damnatus
1785 2663 1823 2704 est
1844 2669 1877 2698 in
1891 2668 2058 2711 Magantia-

243 2714 327 2746 Sedis
349 2708 510 2753 Apostolicae
528 2707 598 2752 sunt
622 2707 728 2749 dejesta
746 2715 838 2749 atque
860 2708 1012 2739 damnati.
1040 2706 1114 2740 Post
1127 2714 1135 2790 ι
1176 2705 1252 2748 censi
1257 2709 1386 2746 synodo.
2064 2721 2084 2726 -

243 2763 346 2797 varias
364 2762 399 2794 in
412 2761 585 2804 septimum
598 2757 797 2803 Gregorium
817 2758 852 2791 &
871 2756 1114 2792 communican-

645 2933 1056 3023 'Conventus
1111 2943 1612 3048 Berchcicensts.

325 3117 517 3151 Onventum
530 3111 620 3147 hunc
631 3111 766 3154 exponit
788 3110 975 3146 Conrardus
998 3109 1110 3145 Abbas

352 3164 579 3209 Uspergenfis:
609 3162 725 3194 Eodem
760 3173 838 3194 anno
861 3185 871 3200 ‚
897 3161 1025 3194 condic‘lo
1045 3171 1107 3193 tam

238 3219 277 3252 ab
303 3221 427 3251 inimicis
449 3216 538 3256 quam
561 3216 664 3244 amicis
682 3215 875 3252 Imperatoris
898 3212 1051 3252 colloquio,
1077 3217 1108 3244 in

237 3272 262 3299 T
264 3268 407 3310 huringiae
438 3265 496 3298 loco
516 3268 567 3305 qui
599 3259 752 3294 Berchacb
782 3261 891 3293 dicitur
912 3283 923 3299 ‚
958 3268 1108 3294 convenie-

1171 3112 1322 3154 probaturi
1334 3137 1345 3153 ,
1368 3118 1410 3148 cui
1417 3119 1505 3156 parti
1508 3113 1629 3158 justitia
1631 3115 1759 3157 faveret
1770 3139 1781 3156 ,
1807 3120 1984 3159 Imperatore
1995 3128 2042 3154 ta-

1173 3175 1238 3196 men
1247 3162 1362 3206 absente
1371 3190 1378 3196 .
1391 3167 1412 3196 5
1412 3170 1438 3197 ic
1447 3169 1524 3198 enim
1535 3163 1596 3207 ipse
1605 3164 1755 3207 consensit.
1769 3169 1799 3198 E
1800 3167 1882 3199 [ει-71]·
1892 3173 1983 3211 igitur
1988 3169 2039 3212 sa-

1173 3219 1212 3245 tis
1223 3215 1363 3247 litteratis
1376 3215 1410 3247 &
1419 3214 1618 3256 eloquentibus
1630 3220 1708 3247 viris
1719 3239 1729 3255 ,
1743 3215 1811 3248 hinc
1823 3218 1968 3251 Wecilone
1977 3222 2039 3252 Mo·

1167 3268 1295 3306 guntino
1307 3288 1316 3302 ,
1342 3265 1422 3297 illinc
1445 3264 1612 3296 Geberardo
1626 3264 1839 3308 salisburgensi
1846 3266 2036 3311 archiepisbo·

231 3320 309 3351 bant
333 3329 369 3350 ex
390 3324 514 3355 utraque
541 3320 632 3354 parte
662 3315 835 3352 quicumque
850 3308 1049 3352 sapienttffimff
1072 3312 1108 3343 a'e
1168 3319 1236 3354 pis,
1251 3312 1412 3356 disputatio
1423 3322 1517 3354 coepta
1527 3312 1580 3352 est.
1606 3315 1739 3355 affirmat
1751 3315 2036 3360 Geberardus,pro·

238 3366 438 3411 optimatibus
461 3361 677 3403 judicabantur
700 3384 709 3397 ‚

336 3415 439 3455 Christ.
456 3418 531 3456 Lupi
543 3417 641 3454 Opera
653 3414 686 3441 T.
699 3412 748 3442 Vt.

744 3364 897 3393 Canonum
928 3359 1106 3395 authoritate
1167 3371 1291 3406 ponente
1302 3363 1352 3396 hoc
1357 3364 1442 3406 prius
1455 3364 1602 3397 Wecilone
1610 3388 1620 3403 ,
1641 3368 1849 3407 Imperatorem
1860 3377 1916 3399 non
1929 3366 2034 3406 injusto

1525 3414 1552 3447 F
1577 3414 1596 3446 f
1643 3425 1661 3460 3
1902 3417 1985 3456 judi-
