2372 3756
400 153 500 193 126

325 233 412 275 prius
434 232 533 262 omnia
552 225 706 270 neceffart'a
727 227 893 268 ministrare
902 230 1056 263 moderata
1067 226 1200 268 distribu-

328 288 405 315 tione
416 279 522 313 debent
534 303 545 318 ,
555 277 777 321 idsummopere
783 287 995 321 praecaventes
1005 303 1016 318 ,
1027 290 1064 312 ne
1074 284 1198 312 nimium

322 332 450 375 prodiga
466 326 670 373 fiaperfluitate
694 330 767 364 talis
777 331 919 370 neceffitas
927 335 1104 372 proveniat,
1131 339 1199 371 quae

323 378 477 423 thesauros
489 378 622 422 Ecclefiae
630 381 759 421 expendi
768 380 921 420 compellat
931 404 938 411 .
966 381 987 413 5
988 383 999 410 i
1012 384 1091 412 enim
1101 383 1196 411 immo

323 431 429 465 derat?
438 428 595 473 effundunt
606 453 617 470 ,
625 438 751 472 peccant
763 443 773 463 :
786 431 874 473 ,Quia
885 427 1095 469 inconfiderata
1106 427 1197 470 effusio

322 480 360 521 est
384 485 475 515 totius
496 482 602 514 domus
622 485 729 513 ruina.
754 479 848 513 sacra
860 479 1036 513 ministeria
1058 478 1197 512 venden-

322 531 356 565 di
380 529 599 566 necessitatem
620 529 700 563 oriri
735 540 803 563 non
836 531 907 565 vult
930 541 971 563 ex
993 528 1195 563 Clericorum

710 143 752 189 S.
791 140 1116 190 GREGORII
1151 144 1395 189 Sr-:Pan
1431 144 1795 195 Possunt-,m

1264 227 1789 268 Austriacivinculisliberandum
1807 234 1915 269 feciffe
1932 236 1966 272 &t
1989 236 2144 284 Anglica·

1264 289 1338 311 nam
1351 278 1544 322 Ecclefiam‚
1571 282 1660 325 supra
1670 282 1869 318 audivimus.
1899 286 2008 321 Etiam
2029 290 2069 323 de
2090 301 2143 332 pa-

1262 338 1309 361 tre
1326 329 1385 363 suo
1407 329 1532 365 Alexio
1555 331 1778 375 Imperatore,
1803 334 1913 379 longis
1935 336 1970 370 ὅ(
1995 348 2051 380 per
2074 339 2145 373 Ro-

1262 377 1388 414 bertum
1412 381 1629 416 Guiscardum
1652 383 1686 417 <Sc
1710 394 1766 427 per
1789 383 1920 419 Turcas
1943 384 2038 421 bellis
2049 399 2142 423 vexa-

1261 438 1318 470 to,
1346 430 1485 475 ideoque
1509 431 1549 465 ad
1578 433 1723 476 inopiam
1734 433 1888 476 reddin,
1914 436 2025 471 scribit
2036 436 2140 474 Anna

1261 478 1435 515 Comnena
1448 494 1460 514 .-
1484 484 1617 517 Tandem
1622 485 1812 525 pra-valente
1821 491 1854 516 in
1866 486 1930 519 dies
1943 494 2021 521 metu
2033 487 2140 523 Rober-

1260 535 1304 570 ti,
1331 532 1465 572 perditis
1477 532 1566 566 rebus
1583 556 1594 573 ,
1612 533 1701 577 quast*
1717 535 1761 567 ad
1777 534 1897 579 sacram
1908 536 2069 571 anchoram
2078 541 2140 573 Ec-

2157 463 2218 497 Lib.
2228 475 2253 503 5.

319 592 377 617 aut
398 579 645 616 Monachorum
656 579 734 613 luxu
746 603 757 621 ,
783 580 833 614 vel
851 580 1050 626 imprudenti
1061 581 1214 614 oecouo-‘
1260 578 1468 621 clefiasticorum
1485 581 1686 626 thesaurorum
1704 585 1826 626 adjecta
1837 585 2051 632 naufragantis
2063 592 2138 624 Rei-

318 642 385 667 tma
397 657 405 665 .

368 683 462 716 Dum
472 680 771 726 Longobardorum
784 681 934 725 impietas
946 681 1121 716 devastaret
1136 680 1198 716 lta·

316 732 417 773 liam,
445 732 663 768 Ecclefiarum
672 733 800 767 suarum
811 730 977 767 thesauros
997 733 1031 765 in
1050 729 1195 765 Siciliam

314 792 371 816 aut
389 780 453 817 alia
475 791 547 817 tuta
557 782 632 817 loca
652 782 862 826 deportarunt
876 806 887 821 ‚
914 783 948 817 δε
960 781 1023 815 suis
1036 780 1106 815 istic
1118 781 1194 815 Col-

314 832 398 877 legis
417 841 475 867 aut
495 832 639 878 ipsorum
658 832 812 867 Ecclefiis
838 831 1001 867 dederunt
1026 841 1083 866 aut
1104 843 1195 866 com-

312 881 513 918 mendarunt
523 883 603 917 varii
617 882 773 926 Episcopi
785 883 821 916 &
831 881 952 917 Clerici
962 905 974 922 ,
998 882 1033 916 ὅ(
1043 881 1130 916 hisce
1141 882 1194 916 de·

310 933 432 970 funstis
443 932 493 967 illi
505 932 582 967 istos
592 931 653 966 fibi
664 932 883 966 retinuerunt.
898 933 941 967 Et
955 932 1088 967 interim
1099 929 1193 967 Chri-

309 982 450 1016 stianam
471 980 570 1016 fidem
592 982 800 1025 susceperunt
822 979 1034 1027 Longobardi
1059 1008 1069 1024 ,
1094 992 1192 1026 atque

308 1032 354 1065 ita
374 1056 386 1072 ,
414 1031 491 1066 licet
510 1042 580 1066 non
604 1031 763 1067 Romano
787 1033 932 1077 imperio
953 1059 965 1074 ,
990 1033 1054 1067 suis
1080 1044 1188 1067 tamen

309 1080 463 1116 Ecclefiis
475 1092 585 1127 pacem
594 1081 755 1117 dederunt
768 1108 776 1116 .
791 1082 884 1117 Hinc
895 1094 1011 1117 omnes
1024 1082 1102 1117 istos
1115 1095 1189 1127 qua·
1200 1106 1202 1110 s

134 1142 165 1172 1.
171 1151 184 1177 3
206 1141 294 1182 Epist·
308 1132 504 1177 quaversitm
524 1133 681 1177 dispersos
705 1132 872 1168 thesauros
898 1145 954 1177 per
980 1134 1187 1177 Cyprianum

138 1188 182 1211 16·
307 1183 502 1218 Diaconum
526 1208 538 1225 ‚
564 1183 751 1226 A-postolici
781 1184 815 1217 in
843 1182 953 1218 Sicilia
989 1183 1184 1218 Patrimonii

306 1233 500 1273 Restorem,
525 1234 623 1277 quaeri
646 1235 680 1267 δε
702 1233 816 1278 colligi
840 1234 926 1277 juffit
950 1236 1083 1270 Sanctus
1096 1235 1183 1278 Papa

306 1283 510 1332 Gregorius,
536 1284 571 1317 ὅ(
595 1283 660 1317 suis
671 1284 762 1318 reddi
784 1284 950 1318 Ecclefiis.
980 1285 1090 1318 Etiam
1107 1283 1184 1318 Ale·

304 1333 416 1368 rienfis
438 1333 588 1368 Ecclesiae
609 1359 620 1374 ,
647 1344 717 1376 quae
743 1334 912 1369 severinus
939 1335 1120 1379 Episcopus
1147 1335 1180 1367 in

303 1383 489 1418 Sardiniam
515 1384 740 1427 deportaverat
760 1408 772 1425 ,
798 1384 979 1418 ministeria
1006 1383 1120 1428 colligi
1148 1384 1182 1417 ὅ(

129 1448 287 1487 L.4.Epist.
302 1431 394 1468 reddi
416 1433 502 1476 juffit
521 1444 579 1477 per
604 1432 736 1468 Petrum
765 1433 943 1468 Notarium
957 1458 967 1474 ,
996 1434 1180 1477 Apostolici

129 1500 157 1525 9.
304 1483 427 1518 ibidem
450 1482 647 1518 Patrimonii
673 1483 867 1518 Restorem.
895 1483 999 1531 Qod
1026 1484 1129 1527 ipsum
1141 1484 1180 1518 de

300 1532 468 1567 Vulternae
486 1533 637 1568 Ecclesiae
657 1531 809 1569 thesauro
835 1534 904 1567 fieri
927 1535 1014 1577 juffit
1036 1544 1091 1576 per
1110 1535 1179 1567 An-

299 1581 461 1618 themium
481 1582 729 1619 Subdiaconum
748 1583 919 1618 Rectorem
936 1583 1099 1627 Campani
1123 1583 1179 1617 Pa-

125 1604 450 1673 {iktff‘2fn‘trimonii
475 1658 483 1666 .
511 1633 679 1680 roirca
711 1633 933 1678 Hispanarum
964 1634 1178 1668 Ecclefiarum

298 1682 466 1719 thesauros
481 1681 643 1727 diripere,
667 1694 724 1719 aut
738 1685 803 1719 suis
817 1683 968 1719 Ecclefiis
982 1684 1092 1729 largiri
1108 1695 1175 1718 non

124 1761 174 1799 Ep·
186 1770 250 1800 30·3
296 1734 406 1779 potuit
434 1732 667 1771 Childebertus
691 1735 767 1770 Rex
793 1735 1016 1770 Francorum:
1044 1734 1089 1768 Et
1116 1734 1179 1768 istae

258 1773 282 1793 ¹'
296 1785 395 1829 ipfius
417 1783 565 1819 Ecclefiae
577 1785 709 1820 fuerunt
727 1784 870 1820 omnin&
883 1783 1036 1829 obligatae
1047 1784 1087 1818 ad
1100 1795 1178 1818 cun-

295 1837 422 1870 &orum
445 1834 682 1870 restitutionem
697 1860 705 1869 .
732 1833 913 1870 Christiani
940 1835 1031 1869 enim
1045 1834 1177 1879 Reges,

295 1886 373 1920 licet
396 1884 478 1931 justa
501 1884 588 1920 bella
606 1896 744 1932 gerant,
770 1890 838 1920 non
861 1896 971 1920 tamen
991 1885 1033 1919 de
1044 1885 1176 1919 Christo

294 1936 448 1971 Domino
469 1946 525 1970 aut
550 1935 619 1979 ejus
644 1937 810 1977 Bafilicis,
837 1936 891 1970 sed
915 1934 954 1969 de
965 1935 1176 1970 solainimica

295 1987 481 2029 Republica
502 1987 623 2030 poffint
645 1988 677 2020 se
694 1986 877 2020 vindicare.
1059 2018 1062 2024 ,

344 2037 410 2071 Pro
433 2037 594 2071 vendendi
620 2035 716 2080 hujus
737 2036 879 2071 thesauri
906 2035 1055 2081 legitima
1082 2038 1175 2070 causa

293 2087 445 2121 ostavum
468 2087 660 2122 Concilium
687 2087 820 2121 adducit
845 2086 948 2120 solam
981 2086 1174 2120 alendorum

292 2147 469 2180 pauperum
499 2146 557 2172 aut
590 2137 793 2180 captivorum
821 2136 1087 2171 redimendorum
1121 2148 1176 2170 ne·

291 2186 478 2222 cessitatem.
511 2186 692 2233 Gregorius
715 2187 824 2221 noster
833 2185 926 2220 addit
937 2187 1037 2221 etiarn
1051 2195 1173 2221 certam

291 2237 386 2281 ipfius
409 2236 560 2273 Ecclefiae
584 2237 782 2272 utilitatem.
810 2236 974 2280 Superflua
1001 2236 1091 2271 enim
1117 2246 1172 2270 aut

291 2287 349 2322 fibi
374 2297 443 2322 non
467 2288 641 2323 necessaria
667 2288 849 2322 ministeria
878 2298 935 2321 cur
965 2298 1035 2321 non
1067 2287 1173 2321 valeat

293 2337 436 2373 Ecclesia
452 2337 488 2372 in
508 2338 610 2373 alium
621 2336 679 2373 fibi
702 2340 795 2373 usum
805 2337 950 2372 conflare
962 2338 995 2371 &
1009 2337 1172 2372 vendere?
1203 2372 1206 2379 ‚

292 2388 406 2423 Aliam
427 2389 557 2434 insuper
580 2389 711 2423 causam
731 2388 765 2422 in
789 2390 847 2423 suo
875 2386 1034 2422 historico
1046 2388 1173 2422 Brevia·

291 2437 342 2473 rio
371 2463 382 2480 ‚
411 2439 452 2474 de
477 2438 663 2474 infelicibus
683 2437 891 2482 Imperatoris
909 2438 1058 2472 Heraclii
1080 2437 1173 2471 bellis

291 2500 392 2534 agens
413 2513 425 2531 ‚
450 2489 551 2524 edicit
571 2491 705 2525 Sanstus
739 2487 948 2532 Nicephorus
985 2485 1170 2522 Patriarcha

120 2536 237 2571 A-614·
292 2539 710 2584 Constantinopolitanus:
738 2542 797 2573 Per
823 2540 903 2572 idem
933 2546 1047 2581 tempus
1074 2538 1170 2571 Eccle-

285 2587 398 2630 fiarum
410 2589 543 2634 thesauri
553 2590 685 2631 distr-adli
695 2588 786 2636 sunt,
811 2590 845 2622 &
868 2588 986 2621 Tributt
1011 2593 1125 2621 nomine
1138 2593 1170 2621 in

292 2641 449 2676 Barbaros
473 2639 578 2682 divisi.
603 2640 706 2688 Qod
734 2640 840 2684 ipsum
867 2639 948 2672 sacri
974 2637 1052 2672 belli
1078 2639 1170 2672 causa

293 2691 491 2734 quandoque
515 2691 631 2724 fadtum
653 2690 814 2724 affirmant
838 2687 1019 2723 authentici
1031 2689 1172 2732 Scripto-

294 2750 362 2773 res.
389 2739 445 2774 Ad
468 2740 596 2786 Regem
621 2742 714 2775 suum
740 2738 945 2775 Richardum
963 2737 982 2772 ὲ
1008 2737 1169 2784 Leopoldi

1257 629 1383 672 publicae
1404 631 1443 672 est
1463 638 1601 677 cogitatio
1615 658 1622 666 .
1650 636 1794 677 Replicati
1814 638 1862 670 ad
1868 637 2016 671 obtentum
2025 644 2069 673 rei
2074 647 2133 682 pa-

1260 692 1326 714 rum
1343 687 1377 714 in
1397 684 1506 726 vulgus
1523 683 1691 727 plaufibiles
1708 695 1825 720 veteres
1836 691 1973 722 canones
1986 712 1998 728 ,
2023 688 2132 732 quibus

1261 736 1292 763 in
1314 733 1541 775 redemptionem
1559 739 1745 777 captivorum
1765 739 1899 779 impendi
1916 736 2022 781 sacras
2043 747 2132 782 pecu-

1260 788 1363 816 cunias
1374 808 1385 824 ‚
1409 795 1461 817 con
1461 783 1589 827 starique
1610 784 1675 828 vas
1668 798 1688 819 a
1695 788 1868 830 templorum
1873 787 1934 829 fas
1943 789 1994 832 effe
2007 790 2131 823 caveba-

1260 842 1318 866 tur.
1335 834 1539 868 admonebant
1548 837 1676 879 incidisse
1686 845 1804 881 tempus
1815 839 1901 881 illud5
1912 838 2031 873 servire
2046 845 2128 873 enim

1253 881 1428 925 servimtem
1458 884 1655 928 miserabilem
1676 910 1688 928 ,
1713 888 1749 921 Θ·
1773 892 1807 922 in
1825 894 1938 923 exitum
1957 895 2070 923 animae
2093 900 2130 924 ac

1254 934 1414 974 periculum
1436 932 1549 977 salutis
1566 935 1703 980 praesens
1724 961 1736 978 ,
1755 936 1815 982 sub
1837 941 1976 972 DominIs
2001 938 2131 981 infideli-

1256 983 1310 1016 bus
1331 983 1514 1024 christianos
1532 993 1589 1028 per
1613 990 1767 1021 Orientem
1776 989 2018 1023 innumerabiles.
2046 991 2129 1033 ,Qui-

1254 1033 1309 1066 bus
1327 1032 1440 1076 succuri
1453 1036 1536 1076 pcfflt
1557 1046 1615 1068 non
1645 1047 1685 1071 ex
1715 1036 1784 1079 ipfis
1807 1039 1925 1081 quidem
1944 1038 2127 1080 celebribus,

1253 1085 1287 1117 δ’
1307 1085 1482 1126 quotidiana
1502 1086 1638 1129 religione
1660 1086 1866 1130 frequentatis
1881 1087 1979 1131 sacris
2007 1089 2126 1124 aedibus

1250 1135 1459 1178 redemptionis
1475 1141 1575 1176 pretio
1593 1137 1721 1178 petendo
1732 1161 1744 1178 ,
1765 1136 1823 1180 sed
1840 1149 1879 1172 ex
1890 1137 2012 1181 desertis
2022 1163 2035 1180 ‚
2060 1140 2128 1172 nul·

1249 1185 1355 1227 lunque
1370 1187 1440 1227 jam
1456 1184 1528 1227 fere
1553 1184 1638 1229 usum
1647 1185 1842 1229 habentibus,
1869 1199 1937 1230 quae
1953 1199 2064 1232 magna
2076 1190 2126 1222 do-
2146 1186 2151 1195 “

1249 1241 1400 1268 nariorum
1409 1244 1541 1268 veterum
1562 1243 1645 1278 copia
1655 1236 1775 1276 refertae
1787 1238 1866 1271 nihil
1875 1239 1960 1271 aliud
1970 1236 2126 1282 nlstsacri·

1245 1283 1322 1327 legia
1341 1285 1544 1318 nofflurnorum
1561 1286 1669 1326 furum
1694 1287 1884 1328 experiamur
1909 1298 1962 1321 aut
1979 1296 2125 1331 provoca·

1246 1342 1333 1366 rent.
1360 1334 1502 1368 Addidit
1524 1334 1663 1368 Alexius
1688 1337 1773 1370 sacra
1801 1337 1868 1372 haec
1892 1338 2030 1372 donaria
2053 1338 2071 1372 ὲ
2091 1339 2124 1372 se

1245 1383 1417 1418 dumtaxat
1438 1385 1472 1418 in
1494 1394 1647 1419 mutuum
1661 1385 1839 1428 postulari,
1866 1386 2075 1429 postmodum
2087 1389 2124 1422 fi-

1242 1432 1359 1468 deliter
1369 1432 1565 1468 restituenda
1579 1459 1586 1467 .
1614 1434 1662 1469 Et⁴
1685 1434 1763 1469 hinc
1774 1435 1961 1471 Patriarcha
1971 1437 2005 1470 δε
2017 1436 2124 1480 Syno-

1242 1482 1304 1517 dus
1323 1483 1471 1527 precibus
1493 1493 1698 1519 annuerunt.
1725 1484 1851 1520 Verum
1873 1485 1953 1521 dum
1966 1487 2123 1521 executio

1243 1533 1311 1567 fieri
1332 1535 1451 1578 coepit,
1477 1544 1625 1576 potenter
1646 1534 1820 1569 interceffit
1844 1535 1921 1570 Leo
1936 1535 2123 1572 Chalcedo⁴

1243 1585 1348 1618 nenfis
1369 1584 1570 1628 Episcopus,
1595 1585 1630 1618 ὅ(
1651 1585 1693 1619 de
1705 1584 1775 1628 ipso
1792 1586 1898 1631 pergit
1908 1584 2029 1620 Anna:
2057 1589 2123 1620 Leo-

1241 1634 1304 1666 rum
1314 1636 1331 1668 e*
1341 1635 1448 1668 valvis
1466 1636 1642 1677 templorum
1652 1658 1663 1674 ,
1689 1646 1756 1677 quae
1769 1636 1813 1667 ad
1823 1635 1929 1677 forum
1940 1641 2011 1669 aeris
2023 1647 2121 1671 vena-

1239 1684 1278 1717 lis
1295 1685 1400 1726 procul
1416 1685 1455 1717 ab
1478 1691 1699 1727 opportunitate
1727 1684 1831 1727 populi
1836 1684 1911 1727 fita,
1936 1691 2044 1719 minori
2055 1697 2123 1719 con-

1238 1733 1321 1777 cursu
1342 1734 1519 1774 tenebatur,
1544 1736 1658 1769 auri&
1670 1740 1784 1777 argenti
1807 1737 1939 1768 laminas
1950 1743 2042 1778 atque
2058 1748 2119 1770 em·

1239 1783 1371 1818 blemata
1390 1786 1494 1818 revelli
1512 1794 1642 1818 cerneret
1662 1809 1673 1825 ‚
1700 1791 1733 1817 tn
1753 1785 1884 1818 medium
1905 1790 2021 1819 irruens
2046 1796 2120 1821 voce

1238 1833 1331 1867 libera
1351 1838 1521 1877 intere-affe,
1548 1845 1600 1868 nec
1619 1835 1671 1868 ulli
1689 1833 1874 1878 excusationi
1885 1836 2053 1876 necfftatis
2062 1843 2119 1869 aut

1237 1886 1407 1929 allegationi
1423 1884 1589 1929 prisiorum
1608 1888 1764 1918 canonum
1789 1886 1941 1919 concedere
1953 1885 2120 1928 quidquam

1238 1935 1349 1968 voluit.
1377 1938 1464 1979 ,Quin
1487 1940 1581 1969 etiam
1601 1946 1637 1968 ex
1663 1946 1694 1968 eo
1718 1942 1845 1976 tempore
1854 1937 2059 1970 contumeliose
2069 1944 2130 1970 att

1237 1996 1293 2027 que
1321 1991 1493 2027 impotenter
1523 1985 1628 2020 invehi
1659 1982 1848 2027 consueverat
1879 1991 1914 2017 in
1938 1984 2129 2030 Augustum,

1232 2034 1468 2078 praesentemque
1490 2042 1523 2069 in
1545 2049 1577 2069 os
1598 2035 1773 2078 objurgare,
1798 2041 1913 2078 quoties
1937 2036 1988 2069 ille
1999 2035 2119 2068 redibat

1237 2090 1270 2118 in
1288 2089 1413 2130 Regiam
1422 2086 1543 2119 urbem.
1571 2086 1647 2128 Ego
1674 2095 1735 2118 nec
1755 2084 1894 2124 Alexii,
1919 2087 1979 2119 nec
1992 2084 2131 2120 Leonis:

1235 2136 1366 2170 causam
1377 2136 1476 2169 velim
1490 2135 1656 2178 suscipere.
1667 2133 1775 2168 Leoni
1786 2134 1918 2168 interim
1928 2134 1959 2168 se
1968 2134 2130 2178 adjunxit·

1235 2185 1348 2219 omnis
1359 2186 1516 2229 populus.
1544 2183 1731 2233 Qomodo
1748 2183 1889 2220 Alexim
1908 2185 2015 2219 multa
2026 2184 2119 2229 Apo-

1235 2235 1325 2280 logia
1336 2236 1367 2270 se
1382 2233 1567 2279 purgaverit
1582 2259 1594 2275 ‚
1619 2234 1750 2277 culpam
1764 2234 1864 2267 fuerit
1873 2234 1971 2267 fassus
1980 2258 1992 2274 ‚
2018 2235 2120 2277 petie·

1233 2286 1276 2319 rit
1297 2283 1425 2328 publice
1447 2284 1577 2318 veniam
1596 2305 1608 2322 ,
1635 2283 1751 2317 omnia
1775 2282 1941 2317 restituere
1962 2282 2116 2327 promise-

1233 2335 1275 2368 rit
1288 2359 1299 2374 ,
1325 2347 1364 2369 ac
1375 2334 1474 2368 etiam
1485 2332 1656 2368 restituerit
1667 2356 1678 2373 ,
1707 2330 1809 2377 longe-
1826 2332 1965 2376 exponit
1987 2331 2109 2368 Anna.

1233 2383 1362 2427 Nempe
1383 2384 1428 2418 est
1452 2383 1571 2419 modus
1604 2384 1639 2417 in
1663 2382 1776 2417 rebus:
1803 2382 1849 2416 Et
1875 2381 1943 2416 sola
1969 2392 2118 2418 extrema.

1233 2435 1398 2469 neceffitas
1411 2434 1571 2478 permittit
1583 2431 1715 2477 procedi
1725 2433 1767 2468 ad
1780 2432 1839 2467 ista
1851 2441 1999 2471 extrema
2018 2443 2119 2468 reme·

1232 2483 1285 2518 dia
1302 2509 1308 2517 .
1335 2484 1439 2533 Qod
1459 2483 1500 2519 de
1526 2483 1698 2519 necessaria
1709 2492 1785 2518 ante
1796 2481 2026 2517 venditionem
2038 2494 2117 2517 con-

1230 2535 1366 2569 flatione
1388 2534 1501 2569 Patres
1528 2534 1714 2568 constanter
1764 2532 1939 2568 adfirmant
1969 2532 2118 2568 admittit

1231 2583 1317 2619 hanc
1339 2585 1358 2619 ὲ
1383 2586 1501 2619 Sancto
1513 2584 1668 2618 Fulberto
1680 2582 1847 2619 laudatam
1855 2582 2086 2626 exceptionem
2101 2596 2116 2616 .-

1231 2635 1326 2668 Alteri
1351 2633 1486 2675 Ecclefiae
1506 2636 1688 2669 venumdari
1703 2633 1796 2675 potest
1819 2631 1945 2668 sacrum
1967 2631 2114 2666 ministe-

1230 2686 1338 2726 rium,
1364 2695 1398 2719 ut
1413 2690 1444 2719 in
1464 2684 1526 2729 ipsi)
1553 2685 1632 2719 idem
1645 2684 1785 2727 officium,
1811 2682 1991 2726 quodantea
2004 2705 2016 2723 ,
2040 2683 2113 2717 cele-

1233 2736 1351 2770 bretur.
1910 2762 1912 2764 -

817 2954 1333 3003 CANON

1452 2954 1590 2998 XX.

294 3087 475 3227 UT
511 3088 763 3155 Sacerdotes
810 3092 898 3143 fine
948 3094 1129 3143 licentia
1165 3091 1226 3140 sui
1274 3090 1478 3160 Episcopi
1511 3095 1527 3152 3
1571 3092 1615 3139 &
1649 3087 1860 3138 Monachi
1903 3085 1960 3136 de
1994 3087 2110 3136 notis

276 3211 280 3215 .
466 3160 739 3213 Monasteriis
786 3161 872 3212 fine
905 3161 1074 3215 suorum
1118 3162 1344 3212 Abbatum
1378 3163 1558 3213 licentia
1591 3176 1680 3210 non
1714 3158 2006 3226 recipiantur.

1030 3299 1386 3371 &tiss-{³543}

1818 3483 2062 3523 SCHOLION
