2372 3756
40 920 72 950 1.-
81 926 141 955 4.c.
153 927 178 956 ς.

42 1226 201 1264 L·6.Epist.

42 1277 89 1305 33·
114 1277 162 1306 35·

50 1873 112 1905 Lib.
137 1883 166 1903 2.

50 1917 103 1953 Ep.
127 1924 171 1950 ¹4·

183 2180 185 2183 ⁴
230 2176 293 2208 pro
326 2166 446 2207 septem
471 2164 559 2203 feriis
579 2188 590 2204 ‚
634 2176 671 2198 ac
692 2164 732 2197 de
767 2165 917 2198 Domina
944 2162 1115 2208 septimam

172 2561 176 2564 .
234 2513 360 2553 lectulo,
387 2518 550 2554 requievit.
577 2513 742 2551 Fidelium
766 2514 798 2546 in
812 2514 931 2547 sacram
944 2514 1118 2559 Virginem

69 3063 162 3096 ΗΜ.
171 3068 223 3105 Ep.

48 3150 51 3153 ,
69 3113 118 3143 33-
136 3115 180 3143 35·

195 3320 202 3327 *
242 3309 324 3345 tlam
347 3311 515 3355 profitetur
536 3309 683 3347 laudatus
695 3312 810 3350 Petrus
831 3314 1007 3349 Damiani.
1035 3316 1121 3350 Eun-

201 273 384 319 sepultumm
396 274 497 322 negari
518 271 568 316 effe
586 271 780 313 detestabile;
800 270 926 314 sufficere
935 268 1080 301 authenti-

593 178 1200 247 QJiNruMRoMANuM
1237 182 1622 227 CONCILlum.
1882 183 1939 232 81

1140 263 1318 308 reparavit.
1347 262 1561 297 Dominicam
1581 267 1771 310 sepulturam
1785 293 1796 311 ‚
1821 280 1858 304 ac
1867 269 2019 312 θήρῃ-ἓ

204 336 239 359 ca
251 326 378 356 Parrum
388 326 514 360 Decreta
524 346 535 362 ,
561 323 595 355 Θ
603 320 695 365 super
709 321 756 354 his
770 320 906 365 neglec‘iis
922 318 1082 361 impofitum
1140 325 1235 358 atque
1249 312 1485 356 Apostolorum
1498 312 1539 348 de
1551 315 1617 358 ipsa
1628 318 1750 352 lustum
1761 320 1865 354 voluit
1878 331 1932 363 per
1942 318 2019 357 heb·

205 382 394 417 congruenter
412 377 595 415 poenitentiae
616 374 751 407 modum.
783 369 909 403 Caelesti
933 368 1083 411 Epistolae
1141 363 1363 403 domadariam
1384 363 1475 397 istam
1487 364 1716 408 abstinentiam
1737 370 2021 408 memorariafide·

206 424 332 458 censuit
342 435 410 458 non
423 422 642 457 adhibendam
653 421 751 458 fidem
764 444 771 452 .
784 420 918 453 Interim
931 419 1082 461 plurimas
1144 414 1227 449 libus
1239 423 1335 456 atque
1349 412 1522 451 honorari.

206 473 430 516 tunc-desuper
449 472 634 510 convenisse
643 469 795 513 synodos
808 469 947 507 affirmat
962 465 1083 501 Glaber
1194 464 1319 502 Verum
1331 464 1451 498 Canon
1474 466 1577 508 passus
1590 466 1652 502 fuit
1668 477 1782 513 graves
1806 465 1918 501 obices
1932 491 1940 499 .
1965 468 2024 502 Et-

210 522 407 566 Rudolphus
430 547 440 563 ‚
467 533 603 565 quarum
629 520 694 556 haett
719 520 782 552 fuit
804 520 939 553 Summa
966 531 977 551 .-
1002 518 1087 550 Illud
1146 515 1235 548 enim
1259 514 1383 557 ipsum,
1408 514 1496 558 quod
1521 517 1633 561 utique
1656 530 1727 552 non
1752 519 1951 557 servaretur,
1978 518 2026 550 in-

207 571 282 616 sane
302 574 524 606 memorandum
536 596 546 611 ,
570 571 651 613 quod
668 569 802 601 omnibus
822 572 855 601 in
866 578 1011 602 commune
1018 567 1085 609 pla·
1150 575 1234 598 nova
1242 565 1287 600 vit
1310 575 1347 598 ac
1368 565 1428 598 suae
1441 565 1640 602 Belluacenfi
1663 568 1802 611 Synodo
1818 566 1952 601 inseruit
1963 567 2029 600 Co·

211 627 286 663 cuit,
315 624 441 665 qualiter
452 620 582 659 omnibus
605 617 834 652 bebdomadibus
851 617 1003 662 sansqione
1023 625 1087 659 per·
1150 626 1217 653 non
1243 613 1458 655 Prae'nestinus
1482 615 1684 661 Episcopus,
1710 616 1875 657 Paschalis
1895 615 2030 654 secundi

207 679 303 714 petua
315 697 326 712 ‚
347 671 436 717 sexta
447 674 495 704 die
514 668 705 708 abstineretur
725 670 745 706 ἃ
759 675 829 702 vino
840 692 851 709 ‚
877 671 911 702 o·
921 670 940 700 ἃ
950 667 1089 701 carnibus
1152 676 1206 708 per
1218 664 1363 703 Galliam
1375 664 1559 702 Cardinalis
1571 668 1715 713 Legatus
1727 694 1734 701 .
1750 667 1865 706 Exstat
1875 665 2031 710 Synodus

208 720 341 767 stptima
362 746 374 763 ‚
401 720 545 763 nififorte'
565 723 676 762 gravis
706 719 869 761 infirmitas
890 718 1090 759 compelleret,
1154 715 1188 749 in
1210 714 1353 756 secundo
1366 715 1534 762 spicilegii
1559 727 1653 758 tomo
1670 717 1757 761 apud
1769 719 1894 753 Lucam
1905 714 2035 755 Dache.

213 763 461 807 autceleberrima
481 766 659 815 solemnitas
687 774 900 802 interveniret.
927 769 1037 806 sivero
1048 765 1090 808 es·
1154 766 1259 798 rium.
1287 764 1383 811 Qin
1407 766 1441 802 ἀ
1462 768 1503 801 ad
1514 766 1745 809 Cluniacemses
1760 765 1952 808 Monacbos
1962 766 2035 805 scri-

210 821 421 864 fho‘lio“aliqua
440 819 649 859 intercederet,
675 822 709 852 ut
733 818 780 852 bic
790 829 872 851 tenor
891 818 1041 860 paulatim
1051 817 1094 848 ia·
1156 815 1203 854 bit
1225 815 1370 857 ipsorum
1396 814 1511 852 Abbas
1529 841 1541 857 ‚
1567 818 1623 862 qui
1645 818 1708 858 isto
1731 827 1879 861 tempore
1899 816 2035 857 floruit,

214 878 337 905 naretur
356 894 367 911 ‚
393 878 455 904 tres
472 869 598 913 proinde
618 876 767 910 pauperes
793 868 875 902 vitiu
893 866 1093 910 sustentaren-
1157 864 1271 898 Petrus
1290 865 1484 900 Mauritius:
1512 867 1664 909 abstinent
1684 867 1776 912 causa
1797 870 1856 901 Dei
1879 865 1936 909 ipfi
1951 870 2035 903 mimi
2050 869 2112 909 Lib,
2139 874 2166 899 6.

212 928 280 955 tur.
305 918 344 953 T
345 931 411 956 unc
431 920 518 954 enim
541 919 657 952 &mos
679 920 713 952 ὅ(
727 919 846 952 Canon
864 915 1095 961 permittebant
1157 915 1207 947 vei
1224 915 1297 946 lixae
1320 916 1489 950 acarnibus
1501 924 1580 955 omni
1594 918 1769 959 Sabbatha,
1795 917 1945 958 abstinent
1957 914 2011 958 ins
2007 928 2037 949 u·
2054 917 2100 951 fip—
2124 919 2168 953 ⁸5*

212 968 332 1014 jejunia
358 970 574 1011 eleemosynis
601 968 714 1002 redimi
736 994 743 1000 .
775 968 885 1003 Etiam
910 968 929 1001 ὲ
958 969 991 1001 se
1014 965 1096 1000 istud
1156 972 1212 1006 per
1228 965 1364 1006 plerique
1377 969 1534 1005 Laii-orum
1553 975 1633 1002 omni
1651 978 1784 1013 quarta,
1808 967 1954 1010 abstinent
1975 971 2038 1009 qui-

214 1019 373 1063 jejunium
383 1019 474 1058 fuiffe
485 1029 563 1052 tunc
577 1017 705 1052 strenue
717 1018 986 1053 commendatum
1002 1026 1099 1060 atque
1160 1015 1232 1047 dam
1248 1023 1290 1048 tx
1301 1013 1369 1055 ipfis
1389 1021 1482 1052 etiam
1493 1024 1572 1051 omni
1581 1016 1713 1065 secunda
1730 1018 1815 1060 feria
1825 1012 1849 1051 .’
1865 1022 1902 1054 At
1914 1020 2042 1050 Fratres

215 1077 426 1113 promotum,
453 1078 583 1103 necnon
607 1068 640 1102 &
655 1068 820 1103 miraculis
839 1067 1069 1102 confirmatum
1082 1066 1098 1099 a
1162 1063 1249 1105 nostri
1271 1064 1374 1097 SanHi
1395 1067 1519 1099 Ordinis
1539 1091 1550 1109 ‚
1575 1068 1692 1109 cit-lestis
1719 1067 1859 1110 Propofiti
1880 1065 2040 1107 Monacbi,

215 1118 340 1154 Divina
361 1118 555 1161 Majestate,
584 1119 721 1152 testatur
748 1118 780 1152 in
793 1118 910 1152 litteris
922 1118 963 1151 ad
977 1117 1101 1150 Gamu-
1162 1112 1257 1154 &boc
1278 1114 1484 1158 cluniacenses
1507 1141 1519 1159 ‚
1538 1115 1642 1159 spreto
1665 1122 1745 1158 Deo,
1774 1117 1888 1159 abjeao
1902 1117 2041 1160 pudore,

217 1169 345 1215 gnenfis
356 1167 511 1203 Coenobii
527 1168 688 1203 Eremitas
701 1169 835 1202 Sanctus
848 1166 1101 1202 PetrusDamia-
1163 1172 1278 1203 totum,
1304 1173 1338 1197 ut
1361 1167 1496 1206 dicitur,
1520 1178 1634 1201 annum
1654 1192 1666 1208 ,
1691 1169 1775 1203 nulla
1790 1176 1904 1210 pra-ter
1923 1165 2044 1210 s'extam

218 1219 263 1254 ni.
273 1219 318 1254 Et
329 1218 381 1253 his
391 1217 613 1253 fundamentis
624 1218 720 1252 nixus
731 1218 839 1252 noster
850 1217 1029 1262 Gregorius
1040 1215 1103 1250 edi·
1163 1222 1286 1258 excepta
1300 1214 1408 1255 feria,
1435 1222 1468 1249 in
1490 1217 1680 1261 absumendis
1701 1218 1839 1252 carnibus
1849 1221 2044 1257 continuant,

217 1268 270 1303 dit
290 1270 471 1313 praesentem
485 1268 660 1303 Canonem
682 1293 690 1301 .
715 1267 918 1302 Sabbathum
932 1279 999 1301 non
1012 1266 1103 1301 avito
1167 1275 1216 1298 nec
1239 1264 1289 1300 boc
1293 1263 1402 1308 saltem
1423 1267 1529 1301 occulte
1541 1291 1552 1307 ,
1573 1267 1633 1311 sed
1638 1269 1745 1310 palam
1757 1279 1791 1301 ac
1797 1267 1915 1310 publice
1928 1266 2047 1308 facien-

218 1317 343 1363 jejunio
358 1345 370 1360 ,
395 1319 498 1358 immo
520 1330 580 1352 nec
606 1317 696 1359 vini,
724 1330 885 1356 ovorum,
911 1327 967 1352 aut
988 1316 1104 1351 laffici·
1166 1325 1230 1354 res.
1256 1315 1362 1349 sancti
1376 1316 1542 1351 Benedicti
1557 1318 1706 1363 Regula,
1732 1317 1864 1352 &avita
1876 1316 1966 1349 istius
1979 1316 2048 1349 sans

221 1370 354 1404 niorum
377 1393 388 1408 ‚
414 1369 466 1402 {ed
491 1369 558 1401 sola
579 1368 686 1402 carnis
711 1366 906 1401 abstinentia
932 1367 1041 1401 sanxit
1064 1364 1106 1399 ab
1166 1363 1292 1403 ssiffimi
1314 1365 1398 1400 olim
1410 1366 1602 1406 Monasterii
1625 1368 1797 1413 disciplina
1809 1366 1904 1401 nullo
1915 1365 1970 1400 die
1981 1376 2050 1408 per-

221 1419 316 1453 omni
329 1418 449 1461 ubique
461 1417 578 1457 Latina
590 1417 729 1451 Ecclesia
753 1414 1004 1451 honorandum.
1033 1414 1105 1449 Ple·
1168 1413 1303 1453 mittunt
1325 1415 1379 1449 edi
1404 1426 1533 1456 carnem
1557 1443 1568 1459 ‚
1593 1418 1737 1463 ideoque
1763 1416 1965 1456 venerandus
1990 1414 2050 1448 iste

222 1479 302 1502 nam
315 1468 407 1502 avitae
427 1467 604 1510 disciplinae
624 1466 860 1509 reparationem
871 1465 1015 1510 corrupti
1027 1475 1106 1507 tunc
1170 1462 1282 1500 Abbas
1293 1463 1328 1500 in
1343 1464 1441 1500 hosce
1453 1467 1642 1504 carnivoros
1653 1469 1717 1502 fuit
1730 1468 1847 1504 merito
1860 1477 1937 1500 cum
1950 1466 2052 1508 impe·

219 1528 326 1553 mores
347 1516 580 1554 dissuaserunt,
1171 1515 1380 1548 suinveetus.
1408 1516 1452 1552 Et
1474 1516 1638 1554 Henricus
1649 1516 1842 1552 Albanenfis
1856 1517 2052 1560 Episcopus,

271 1565 419 1612 Qaestio
433 1564 501 1606 est,
527 1565 563 1599 in
583 1565 676 1609 cujus
700 1566 911 1601 reverentiam
929 1565 1107 1610 Gregorius
1170 1564 1326 1607 Gregorii
1347 1566 1506 1600 ostaviad
1519 1567 1764 1605 instaurandum
1789 1569 1913 1601 sacrum
1929 1565 2053 1599 bellum

220 1613 307 1651 hanc
333 1614 567 1654 abstinentiam
597 1616 760 1650 reduxerit
785 1640 793 1648 .
822 1616 968 1663 Quidam
995 1614 1106 1650 exi'sti-
1171 1623 1225 1656 per
1249 1613 1392 1648 Galliam
1414 1615 1558 1660 Legatus
1579 1640 1590 1657 ,
1617 1617 1728 1650 statuit
1752 1617 1787 1651 in
1809 1616 1948 1660 Synodo
1967 1615 2054 1652 Pari-

219 1666 428 1710 mant·qu0d
460 1666 497 1700 in
522 1665 735 1705 reverentiam
760 1666 909 1709 Deiparae
932 1665 1109 1710 VirginiS‚
1171 1663 1281 1697 fienfi:
1309 1668 1350 1699 Ut
1359 1666 1379 1696 ἆ
1385 1664 1529 1708 praesenti
1538 1678 1618 1699 anno
1640 1672 1671 1704 in
1681 1671 1912 1709 quinquennium
1928 1672 1984 1707 per
1995 1677 2054 1699 om-

221 1715 325 1751 Etita
337 1714 438 1751 hodie
459 1713 548 1759 plebs
562 1716 672 1758 paffim
682 1715 858 1759 opinatur.
885 1715 1016 1749 Fundat
1029 1715 1106 1749 sein

223 1765 339 1799 litteris
358 1767 463 1801 Sancti
473 1765 562 1805 Petri
578 1766 736 1800 Damiani
759 1765 799 1799 ad
814 1765 1020 1800 Defideriurn
1041 1765 1108 1799 Ab·

230 1816 338 1850 batem
360 1816 593 1858 Caffinensem,
621 1815 656 1850 δε
679 1816 892 1850 Cardinalem
915 1817 1026 1850 sanctae
1041 1814 1110 1849 Ro-

229 1876 333 1900 manae
345 1867 491 1905 Ecclefiae
503 1880 514 1899 :
541 1865 664 1900 Pulcher
688 1877 751 1900 mos
762 1872 794 1905 in
816 1867 965 1900 nonnullis
977 1864 1110 1907 Ecclefit's

230 1915 376 1958 inolevit,
401 1924 435 1950 ut
456 1914 625 1959 speclaliter
645 1917 690 1949 ad
703 1920 847 1958 Deiparae
869 1921 1002 1960 Virginis
1025 1916 1109 1948 bono-

228 1977 290 1999 rem
300 1974 356 2008 per
375 1978 457 2000 omne
471 1965 655 2000 sabbathum
681 1967 833 2010 Miffarum
852 1966 1033 2002 celebrentur
1056 1967 1112 2007 offi-

228 2022 298 2056 cia,
324 2016 381 2056 nisi
392 2015 474 2058 forte?
488 2016 665 2058 fhfflvstas,
692 2018 743 2050 vel
755 2016 842 2058 seria
864 2015 1111 2061 ,Quadragefima-

230 2067 270 2100 Iis
280 2065 407 2107 obsistat.
432 2065 561 2100 Primus
585 2067 716 2111 pietatis
738 2068 849 2100 auctor
869 2068 963 2101 fuisse
986 2067 1112 2100 videtur

233 2114 397 2150 Alcuinus
409 2117 546 2150 Flaccus
558 2141 568 2156 ,
594 2117 650 2157 qui
674 2117 794 2158 septem
806 2116 918 2149 Miffas
931 2115 1114 2159 composuit

1172 1725 1223 1747 nes
1242 1711 1351 1756 sextas
1364 1714 1470 1757 serien
1490 1717 1555 1759 esset
1564 1716 1696 1759 fidelium
1714 1716 1840 1759 populus
1852 1721 1885 1748 in
1900 1714 1960 1748 cibo
1969 1716 2056 1757 ,Qua-

1172 1762 1376 1807 dmgefimall,
1403 1766 1483 1799 &ut
1495 1774 1607 1809 quarta
1621 1767 1708 1809 feria
1728 1778 1762 1802 ac
1774 1764 1926 1800 sabbatho
1935 1764 2056 1804 abstine-

1171 1824 1239 1847 rent
1259 1815 1279 1845 ἃ
1299 1814 1439 1848 carnibus
1464 1827 1563 1854 omnes
1583 1818 1629 1851 illi
1650 1842 1661 1859 ,
1689 1823 1741 1861 qui
1766 1816 1854 1860 essent
1878 1816 2037 1850 incolumes
2055 1838 2062 1845 .

1171 1862 1325 1899 sabbathi
1347 1863 1545 1905 abstinentia
1569 1867 1677 1903 lucide
1698 1866 1892 1911 supponitur
1915 1865 2060 1904 necdum

1172 1923 1252 1949 tunc
1275 1914 1308 1948 in
1326 1914 1436 1954 Gallia
1451 1917 1607 1961 viguisse.
1635 1918 1679 1954 Et
1693 1918 1727 1952 in
1741 1916 1913 1955 sententiis
1927 1916 2060 1951 suiscir-

1174 1977 1211 1998 ca
1237 1964 1352 1999 eadem
1373 1975 1520 2009 tempora
1540 1967 1661 2012 scripsit
1684 1967 1849 2003 Robertus
1872 1966 2060 2001 Cardinalis

1175 2013 1288 2049 Pullus
1302 2027 1310 2047 :
1338 2020 1405 2049 Nec
1414 2028 1450 2050 ea
1459 2029 1527 2059 quae
1537 2020 1650 2052 comedi
1664 2043 1674 2058 ,
1701 2030 1754 2052 nec
1765 2029 1831 2061 quae
1846 2017 1958 2060 possunt
1972 2016 2034 2050 bibi
2050 2040 2060 2055 ,

1173 2068 1290 2098 omnino
1317 2066 1378 2099 ulla
1403 2068 1519 2102 dimitti
1540 2070 1590 2102 Iex
1622 2068 1794 2107 christiana
1817 2069 1982 2108 mandat,
2009 2065 2064 2108 nisi

1168 2114 1253 2155 forte*
1268 2113 1299 2155 fi
1316 2117 1394 2156 quid
1411 2116 1579 2159 hujusmodi
1594 2117 1783 2160 suboriatur,
1809 2130 1901 2160 quare
1927 2118 2007 2160 quod
2023 2117 2063 2149 li-

1177 2169 1267 2196 citum
1277 2163 1338 2203 est,
1363 2172 1518 2208 tamquam
1540 2168 1674 2200 illicitum
1677 2168 1788 2211 fugere
1809 2173 1970 2200 conveniat
1983 2191 1991 2198 .
2016 2168 2062 2198 51-

1176 2221 1224 2246 cut
1240 2212 1332 2255 sexta
1344 2214 1430 2255 feria
1443 2239 1454 2255 ,
1479 2227 1546 2249 cum
1558 2218 1670 2259 jejunii
1692 2217 1799 2251 diebus
1814 2241 1824 2257 ,
1849 2228 1954 2250 carnes
1977 2217 2062 2250 edere

1177 2264 1299 2296 minime
1311 2265 1384 2304 jam
1404 2265 1470 2298 licet
1481 2290 1492 2305 ,
1517 2272 1657 2308 quoniam
1679 2268 1716 2300 id
1726 2266 1862 2309 Ecclefiae
1887 2266 2062 2307 abstinentia

1174 2312 1312 2354 probibet
1335 2338 1341 2346 .
1381 2315 1518 2352 Nullam
1545 2314 1703 2353 Sabbathi
1730 2316 1809 2354 facit
1836 2317 2061 2353 mentionem.

1179 2362 1222 2397 Et
1247 2362 1288 2397 ad
1316 2362 1610 2410 Archiepiscopum
1651 2367 1881 2403 Bracarensem
1908 2366 2063 2409 rescripsit

1178 2413 1265 2455 apud
1304 2413 1501 2458 Gregorium
1527 2427 1655 2451 nonum
1682 2417 1895 2452 Innocentius
1927 2417 2061 2450 tertius:

1177 2466 1255 2495 Cum
1277 2464 1426 2505 quaefieris
1448 2468 1486 2500 de
1509 2467 1569 2500 illis
1583 2491 1593 2507 ,
1619 2473 1669 2511 qui
1691 2475 1811 2510 propter
1831 2467 2019 2501 debilitatem
2030 2472 2062 2498 in
2082 2472 2170 2507 [ηις.
2192 2473 2237 2505 tit.

1179 2512 1331 2546 sabbatho
1353 2526 1457 2551 carnes
1472 2515 1598 2559 sumunt
1610 2542 1620 2558 ‚
1646 2518 1724 2562 quod
1733 2524 1764 2552 in
1773 2517 1912 2558 partibus
1926 2523 1987 2550 tuis
2002 2517 2066 2550 nul·
2079 2517 2125 2549 46·
2143 2522 2199 2545 ἰῶ·

235 2562 372 2599 devotio
395 2563 495 2605 coepit
509 2560 612 2600 hocce
634 2563 997 2608 temporefingulariter
1006 2565 1121 2598 cresce-
1178 2564 1297 2596 latentis
1315 2563 1385 2605 fiera'
1402 2565 1576 2611 consuevit,
1601 2579 1666 2601 cum
1687 2567 1737 2602 hoc
1761 2568 1799 2601 ab
1810 2569 1880 2602 aliis
1901 2566 2064 2608 moleste'fe-

236 2624 292 2646 re:
318 2612 423 2647 Omni
448 2611 576 2646 vacanti
596 2611 763 2646 Sabbatho
784 2614 885 2657 coepit
900 2613 942 2648 de
965 2613 1029 2657 ipsa
1052 2625 1120 2649 non
1179 2624 1286 2652 ratur,
1311 2615 1471 2651 &oriatur
1489 2618 1561 2650 inde
1575 2617 1634 2650 illis
1660 2616 1759 2657 masio
1779 2616 1978 2658 detrabendi3
2005 2615 2066 2659 resl-

237 2662 345 2696 solum
359 2661 462 2696 Miffae
482 2661 672 2695 sacrificium
688 2685 699 2701 ,
725 2661 778 2696 sed
798 2662 832 2695 ὅ(
848 2663 949 2697 totius
962 2664 1027 2698 diei
1041 2664 1121 2698 cele·
1176 2663 1340 2704 pandemus
1364 2667 1445 2708 quod
1447 2664 1539 2709 super
1549 2665 1599 2700 boe
1622 2666 1854 2712 consuetudinem
1865 2676 1926 2700 tuae
1938 2671 2064 2710 regionis

239 2712 324 2746 brari
347 2712 517 2751 officium,
543 2711 577 2745 in
598 2712 713 2754 quavis
737 2712 815 2746 feria
837 2724 875 2746 ac
890 2713 972 2748 festo
984 2714 1120 2758 simplici
1171 2712 1276 2757 facias
1299 2711 1476 2756 observari,
1495 2715 1536 2757 fic
1558 2726 1656 2750 tamen
1677 2719 1758 2759 quod
1781 2717 1926 2756 debilibus
1936 2716 2066 2759 acinfir-

240 2761 309 2795 dici
319 2761 465 2795 minores
476 2761 564 2798 illius
574 2759 661 2798 hora:
678 2785 689 2802 ,
708 2773 745 2796 ac
759 2762 827 2805 ejus
839 2762 945 2797 Miffis
959 2764 1122 2807 propriam
1180 2769 1237 2795 mis
1254 2765 1418 2804 periculum
1434 2773 1555 2807 propter
1571 2766 1623 2799 hoc
1644 2779 1701 2801 non
1722 2776 1870 2812 emergat.
1898 2767 2063 2810 Supponit

239 2811 470 2846 Praefationem
481 2810 572 2846 dedit
587 2811 747 2846 Urbanus
760 2813 915 2847 secundus
926 2838 933 2845 .
962 2814 1120 2856 Ejusdem
1180 2814 1242 2847 effe
1254 2814 1372 2847 variam
1386 2815 1600 2851 Ecclefiarum
1612 2817 1880 2853 consuetudinem
1891 2842 1901 2860 ‚
1913 2818 1948 2852 &
1959 2817 2063 2853 istius-

239 2872 321 2906 ergo
341 2862 376 2896 in
389 2860 548 2897 honorem
571 2861 699 2899 videtur
710 2861 815 2897 noster
827 2863 1009 2907 Gregorius
1029 2864 1125 2899 indu·
1180 2863 1271 2898 modi
1295 2863 1524 2900 abstinentiam
1545 2866 1631 2910 apud
1645 2867 1802 2911 quasdam
1823 2879 1892 2902 non
1903 2868 1966 2902 effe
1977 2878 2061 2901 rece-

241 2912 322 2946 xiffe
343 2909 429 2946 hanc
440 2911 674 2949 Sabbathinam
699 2912 928 2947 abstinentiam
941 2938 948 2945 .
975 2914 1124 2958 Respon-
1182 2924 1269 2957 ptam
1282 2939 1289 2947 .
1319 2914 1361 2948 Et
1373 2914 1408 2948 in
1422 2915 1516 2951 Bulla
1528 2941 1538 2955 ,
1570 2928 1634 2961 qua
1649 2916 1870 2954 Benedictinis
1881 2916 2061 2953 Monachis

241 2961 308 2997 deo
327 2971 437 2997 tamen
461 2961 588 3005 plebem
608 2974 732 2998 errare,
761 2963 887 2997 Lucide
905 2963 994 2998 enim
1014 2965 1056 2999 ad
1072 2975 1123 2999 ne·
1180 2964 1268 2998 esum
1281 2964 1387 3002 carnis
1399 2965 1552 3007 indulsit,
1579 2967 1646 3001 haec
1658 2966 1755 3003 habet
1767 2968 1962 3006 Benedistus
1980 2967 2060 3001 duo·

243 3010 313 3046 scio
339 3023 438 3056 quem
458 3010 555 3055 hujus
574 3012 779 3048 abstinentiae
799 3012 1023 3048 observantem
1047 3015 1123 3049 Mo·
1180 3013 1344 3049 decimus:
1371 3017 1538 3050 statuimus
1562 3019 1596 3052 (τ
1619 3019 1814 3060 ordinamus,
1840 3019 1920 3060 quod
1935 3025 1990 3058 per
2018 3001 2146 3048 10-021'·
2171 3007 2215 3034 ²⁶·

245 3059 390 3095 nachum
407 3060 494 3096 dixit
515 3073 668 3106 apparens
690 3062 841 3108 Angelus
861 3076 868 3095 ε
896 3063 1031 3104 Hesterno
1051 3065 1123 3099 sab·
1180 3074 1244 3098 tum
1263 3077 1377 3099 annum
1395 3066 1481 3108 feria
1491 3078 1604 3110 quarta
1627 3070 1721 3104 &die
1731 3067 1878 3108 Sabbatbl
1894 3077 1992 3100 omnes
2003 3069 2060 3100 Re-

246 3109 335 3145 batbi
355 3111 404 3146 die
420 3109 611 3155 sepulturam
635 3117 819 3147 Dominicam
830 3139 840 3155 ‚
867 3115 940 3147 dum
956 3114 1099 3156 jejunasti
1112 3141 1123 3157 ,
1175 3119 1298 3159 gulares
1309 3114 1437 3157 ejusdem
1450 3119 1577 3152 ordinis
1599 3119 1638 3155 ab
1648 3117 1700 3163 usu
1712 3124 1846 3161 earnium
1856 3116 1962 3159 ubique
1973 3115 2060 3158 absti-

243 3166 392 3203 veraciter
410 3161 556 3201 adorasti.
585 3164 654 3199 Uti
679 3174 746 3198 tem
770 3163 1007 3199 Authenticam
1018 3176 1122 3200 narrat
1179 3175 1272 3200 neant
1293 3192 1299 3198 .
1327 3165 1529 3202 Sabbathum
1553 3169 1708 3212 exprimit
1727 3194 1738 3212 ,
1765 3177 1850 3203 tacet
1871 3168 1996 3203 sextam
2016 3168 2061 3200 fe-

244 3210 407 3245 inlitteris
417 3210 457 3246 ad
470 3209 530 3246 suae
549 3213 814 3263 congregationis
830 3215 1011 3255 eremitas,
1034 3216 1121 3251 &ad
1180 3217 1278 3250 riam.
1343 3216 1409 3250 uod
1431 3218 1549 3261 nempe
1561 3218 1645 3253 istud
1665 3218 1707 3253 ad
1729 3213 1915 3264 generalem
1937 3216 2060 3259 ubique

242 3260 341 3295 istum
362 3261 497 3303 scopum
519 3262 742 3301 commendari
761 3263 780 3300 ὲ
803 3265 834 3301 se
856 3263 942 3300 hanc
962 3263 1121 3300 abstinen-
1178 3266 1412 3301 abstinentiam
1422 3269 1623 3303 consuetudo
1637 3279 1704 3309 non
1715 3269 1876 3314 obligaret
1889 3294 1896 3300 .
1913 3267 2061 3310 Ejusmo-

1177 3317 1210 3351 di
1222 3317 1491 3352 consuetudinem
1506 3329 1574 3353 non
1594 3319 1657 3354 effe
1671 3319 1705 3351 in
1719 3318 1854 3360 Francia
1866 3343 1878 3361 ,
1904 3316 2061 3359 Cathalo·

1179 3369 1233 3401 nia
1245 3391 1256 3408 ‚
1284 3378 1322 3401 ac
1335 3367 1408 3404 aliis
1422 3367 1563 3411 partibus
1579 3369 1716 3404 affirmat
1735 3370 1770 3407 in
1782 3364 1915 3408 Summa
1926 3367 2059 3402 Sanetus

1179 3417 1385 3451 Antoninus.
1413 3419 1456 3453 Et
1474 3430 1533 3452 nos
1546 3417 1652 3465 Belgae
1663 3420 1695 3453 in
1710 3420 1834 3455 cunffls
1846 3419 1929 3454 intra
1940 3416 2060 3453 Domi·
2077 3417 2150 3448 Part.
2165 3427 2211 3454 ²9·

1178 3469 1211 3501 ni
1225 3467 1381 3504 Natalem
1403 3480 1441 3503 ac
1453 3469 1601 3514 Deiparae
1612 3469 1762 3516 Virginis
1784 3471 1834 3506 Pu
1842 3467 2058 3546 rificatiokr'iem
2078 3461 2103 3488 ⁶·
2114 3466 2141 3489 ²·
2153 3467 2173 3487 ¹·
2184 3466 2214 3487 ²·

1935 3516 1973 3550 Sa
2000 3532 2010 3541 -

232 2213 399 2248 sabbatho
419 2215 589 2258 affignavit
609 2239 617 2251 ‚
646 2213 827 2247 Rationem
847 2214 940 2249 addit
967 2215 1116 2252 laudatus

231 2263 347 2297 Petrus
370 2277 377 2297 :
406 2263 610 2302 sabbathum,
637 2264 719 2305 quod
737 2268 854 2304 requies
875 2269 1117 2306 interpretatur,

231 2324 288 2356 quo
305 2314 443 2347 videlicet
462 2314 512 2350 die
526 2316 606 2346 Deus
630 2313 799 2355 requievtffe
809 2314 920 2356 legitur
933 2338 943 2354 ‚
966 2312 1046 2357 satis
1057 2324 1116 2346 con·

230 2365 305 2408 grue
327 2364 503 2402 Beatiffimae
519 2367 635 2406 Virgini
660 2364 828 2395 dedicatur.
857 2365 961 2406 ,Quam
978 2369 1119 2397 nimirum

229 2411 284 2455 fibi
302 2411 455 2455 sapientia
477 2414 594 2445 domum
616 2412 782 2454 ‹edifica-vit
803 2437 814 2452 ,
841 2423 930 2455 atque
954 2417 987 2447 in
1008 2425 1045 2447 ea
1065 2422 1120 2455 per

235 2464 387 2506 assumptae
398 2462 576 2496 humilitatis
589 2462 747 2501 mysterium
758 2487 768 2504 ,
796 2464 879 2496 velut
890 2469 923 2496 in
929 2462 1121 2506 sacratiffimo

243 3357 320 3397 dem
366 3359 509 3395 omnino
544 3361 681 3407 respexit
715 3363 751 3399 &
781 3364 889 3400 noster
925 3365 1119 3409 Gregorius.

244 3408 383 3445 Avitum
404 3411 512 3445 Sansti
536 3410 687 3453 Sylvtstri
711 3413 890 3449 Decretum
911 3426 979 3448 non
1005 3416 1122 3451 solum-

244 3459 347 3515 modo
372 3460 485 3507 quoad
507 3460 653 3516 officium
667 3486 678 3504 ,
704 3463 755 3499 sed
777 3466 875 3500 etiam
898 3464 1005 3508 quoad
1022 3466 1118 3502 finem
