2372 3756
382 135 479 183 ·118

303 219 404 254 titulo
431 219 622 265 insignitus*⁸
648 220 724 255 Nec
743 220 819 254 istos
842 220 1013 254 dumtaxat
1035 232 1112 254 cum
1134 219 1187 252 Bi-

304 271 467 306 bliotheca
478 270 589 305 exussit
604 271 674 306 Leo
688 295 698 312 ,
710 271 762 305 sed
775 272 905 313 insuper
916 270 1043 304 addidit
1055 296 1066 311 ,
1093 266 1184 311 quod

303 321 404 356 eriam
418 321 459 355 ab
482 320 610 355 Abdela
632 323 863 355 Saracenorum
889 319 1043 363 Principe
1064 321 1184 353 factum

141 370 200 402 Fol-
228 380 281 408 150
306 371 416 404 scribit
431 371 579 405 laudatus
601 370 805 405 Anastasius:
835 369 963 402 Abdelas
979 394 989 409 ,
1013 381 1078 403 cum
1102 373 1185 401 Ame-

307 430 351 456 t‘ae
367 422 546 468 fungeretur
571 421 657 463 officio
670 446 680 461 ,
706 423 801 454 multa
825 421 906 451 mala
924 419 1106 459 Christianis
1129 416 1185 460 sub

310 476 486 515 Principum
505 470 557 515 suo
578 471 752 514 degentibus
784 469 997 509 demonstravit
1014 492 1022 499 .
1049 472 1185 502 Litteras

310 521 416 566 discere
425 521 622 566 prohibebat.
651 521 753 566 Qiod
770 520 874 562 ipsum
890 519 930 553 de
942 519 1001 554 illo
1013 518 1185 553 confirmat

309 573 440 617 Martyr
449 570 687 614 Theophanes.

359 623 452 669 Qin
466 634 507 655 ex
520 621 659 663 septimae
671 621 714 663 Sy
721 619 797 653 nodi
811 619 968 654 mandato
985 620 1117 653 Sanctus
1129 615 1187 650 Pa-

310 673 446 710 triarcha
472 668 650 704 Tharafius
672 669 709 703 fit
732 669 836 703 studia
860 681 1004 713 reparare
1026 677 1187 707 conatus,

309 721 528 758 dubitandum
555 731 622 754 non
651 721 697 754 est
714 745 722 751 .
748 720 905 753 Attamen
938 719 983 753 ob
1005 717 1187 752 subsecutas

310 773 396 808 inter
410 772 639 815 imperatorem
655 770 912 804 Constantinum
922 769 956 802 &
970 768 1112 801 Matrem
1127 766 1189 800 Ire·

309 835 386 858 nem
397 821 575 856 discordias
587 846 597 861 ,
620 821 654 854 &
666 820 745 853 alias
756 820 907 861 deinceps
917 817 1117 852 calamitates
1125 817 1188 851 fuit

308 873 460 908 modicus
472 871 647 906 succeffus.
676 869 720 903 Et
731 880 799 903 non
814 869 859 902 ita
883 868 1010 902 dudum
1033 867 1102 911 post
1126 867 1187 901 lm-

307 934 435 968 perator
453 922 522 956 Leo
544 919 719 954 Armenius
738 917 1164 961 resumpfiticonociastiam
1178 886 1204 958 ,i

307 987 345 1008 ac
356 974 397 1007 de
408 973 475 1015 ejus
488 972 521 1005 in
536 969 707 1012 Imperium
724 969 898 1002 successore
909 967 1073 1002 Michaele
1085 948 1205 1022 ωηο-ξ

307 1023 401 1058 riensi
416 1021 537 1062 scripsit
553 1019 719 1064 Georgius
744 1018 936 1053 Cedrenus:
965 1018 1096 1052 Michael
1113 1019 1205 1051 litte·'

307 1082 444 1106 saturam
455 1070 491 1110 est
505 1071 578 1104 adeo
594 1068 755 1112 aversatus
769 1092 781 1107 ‚
805 1077 838 1102 ut
847 1081 884 1102 ne
895 1077 1002 1110 pueros
1013 1069 1134 1111 quidem
1155 1079 1190 1102 ea
1202 1067 1206 1085 ²

302 1120 471 1166 permiserit
486 1121 596 1155 erudiri
610 1144 620 1160 ,
649 1131 686 1153 ne
698 1120 749 1152 vel
758 1117 890 1162 vesaniae
901 1118 986 1161 ipfius
998 1120 1187 1162 coarguendae
1201 1094 1204 1172 i

304 1182 391 1215 atque
405 1184 436 1205 re
433 1171 581 1214 fellendae
595 1170 790 1210 instrumenta
801 1171 855 1203 alii
866 1170 935 1203 inde
943 1178 1093 1211 pararent
1102 1194 1113 1208 ,
1140 1170 1192 1201 vel

305 1223 464 1264 disciplina
478 1223 581 1263 adjuti
596 1245 607 1260 ‚
633 1231 697 1253 cum
710 1220 802 1252 oculor
823 1233 853 1252 m
865 1231 899 1252 ac
911 1221 1022 1262 lingua
1034 1196 1204 1252 velocitatei

137 1302 155 1330 ι,
177 1299 184 1307 .
304 1279 338 1306 in
349 1274 468 1317 legendo
480 1275 635 1305 uterentur
646 1295 656 1311 ,
684 1231 884 1314 ipfipalsmw
895 1271 959 1311 ejus
981 1275 1023 1301 rei
1043 1274 1188 1311 praeripe-

148 1311 195 1330 *⁰¹⁸
222 1312 279 1337 499
304 1334 374 1357 rent
390 1349 396 1356 .
426 1324 503 1355 Adeo
516 1326 595 1355 enim
606 1325 638 1353 in
648 1322 757 1353 litteris
770 1321 973 1361 componendis
986 1321 1020 1352 (τ
1044 1317 1185 1359 conficien-

305 1376 352 1407 dis
359 1373 479 1417 sillabis
491 1380 556 1405 erat
570 1372 675 1403 tardus
690 1395 699 1410 ‚
726 1380 761 1402 ut
772 1372 848 1402 alius
869 1370 976 1402 librum
985 1369 1112 1409 facilius
1122 1377 1187 1409 per-

302 1426 412 1468 legeret
424 1448 435 1464 ,
461 1424 551 1464 qua‘m
562 1420 623 1463 ipse
631 1420 681 1463 sui
694 1426 820 1451 nominis
834 1420 977 1452 elementa
986 1417 1168 1460 percenseret
1180 1442 1186 1449 .

306 1474 349 1508 Et
365 1473 442 1507 hinc
465 1482 599 1506 omnem
615 1469 818 1503 Orientalem
842 1468 1016 1502 Ecclesiam
1040 1468 1188 1501 miseran-

694 134 1083 182 &Gna-Gonu
1121 149 1359 180 S'EPTIMl
1397 135 1762 187 P'ONriricm

1245 222 1324 250 noris
1337 225 1443 259 expers
1446 217 1513 260 fuit
1524 219 1735 258 Constantinus
1747 247 1753 253 .
1775 225 1872 255 Unum
1883 230 1960 257 enim
1970 225 2099 268 referam
2109 242 2121 268 ·,

1247 268 1368 310 dignum
1387 268 1520 309 profedlo
1542 270 1759 311 admiratione,
1787 273 1822 304 (9⁹
1840 275 1921 314 quod
1939 278 2035 308 multa
2053 279 2121 317 ejus
2142 264 2199 296 FOI·
2233 270 2267 302 ⁶3
2274 275 2310 314 51³

1242 325 1365 358 peccata
1376 317 1524 360 obscurare
1532 320 1627 360 poffit.
1655 322 1796 353 selemias
1818 328 1899 356 enim
1913 347 1923 362 ‚
1951 324 2121 359 Aritbmeti-
2301 315 2307 320 “

1246 377 1333 408 cam,
1362 367 1501 409 Muficam
1520 394 1530 409 ,
1569 369 1778 409 astronomiam
1795 396 1806 412 ,
1842 376 2062 415 Gemmarum,
2086 378 2121 410 θ

1246 424 1375 450 omnium
1395 421 1565 461 Principem
1591 419 1835 462 Philosophlam‚
1859 434 1929 465 quae
1943 425 2013 464 jam
2039 425 2123 469 longo

1247 469 1372 509 tempore
1382 467 1416 501 ob
1426 474 1571 502 incuriam
1583 469 1774 512 &inscitiam
1796 475 2010 514 Imperatorum
2027 480 2122 515 perie-

1246 516 1418 560 rant‚-sua
1440 519 1583 559 industria
1604 521 1802 560 instauravit,
1826 521 1989 565 conquisitis
2011 530 2063 566 qui
2088 530 2123 557 in

1246 573 1351 609 quovis
1356 579 1466 611 genere
1476 570 1649 603 excellerent
1659 596 1671 611 ‚
1697 572 1732 604 (⁰2⁹
1741 571 1902 612 constitutis
1925 573 2098 607 Doc‘loribus
2109 597 2122 615 ,

1240 616 1427 660 studiosisque
1449 625 1570 659 receptis
1593 621 1627 653 Θ
1650 622 1817 654 conductis.
1844 623 2039 666 ‚Quofac‘lum
2060 624 2122 665 est,

1247 675 1279 700 ut
1306 673 1408 710 exigui
1432 674 1572 709 temporis
1597 670 1718 714 decursu
1741 697 1751 712 ‚
1777 672 1916 706 barbarie
1938 674 2096 717 profligata
2109 699 2123 715 ‚

1247 717 1318 750 urbs
1340 719 1449 752 litteris
1469 718 1617 758 floruerit.
1647 718 1771 755 Verum
1793 723 1893 766 longa
1913 723 2030 757 iterum
2052 735 2121 758 non

1247 767 1310 801 fuit
1331 766 1390 801 ista
1414 768 1571 803 felicitas.
1599 769 1718 805 Scribit
1738 772 1828 805 enim
1851 773 1950 807 Anna
1977 773 2122 808 Comne-

1249 828 1290 851 na
1304 830 1316 850 .-
1343 821 1367 850 A
1395 820 1574 860 Principum
1597 819 1702 862 Bas-ili
1724 822 1961 866 Porphyrogeniti
1981 825 2026 857 ad
2044 828 2124 857 Con-

1242 867 1371 908 stantini
1393 869 1576 902 Monomacbi
1599 874 1759 912 Imperium
1780 874 1906 906 melioris
1917 873 2123 914 doHrinaestu-

1248 919 1332 951 dium
1356 921 1376 951 a
1399 916 1547 961 plerisque
1565 921 1723 964 neglec‘lum
1738 924 1897 963 jacuerat.
1925 928 1998 957 Non
2020 933 2123 957 tamen

1247 978 1279 1001 ut
1301 967 1476 1009 exstinctum
1497 993 1508 1008 ‚
1531 971 1672 1013 pleneque
1690 971 1839 1015 sepultum
1863 973 1929 1017 effet
1947 998 1954 1005 .
1992 972 2122 1014 ExstitIt

1247 1020 1313 1062 ergo
1324 1028 1413 1060 atque
1423 1018 1534 1060 emersit
1545 1019 1681 1060 illustrius
1698 1047 1710 1063 ,
1735 1028 1898 1056 excitatum
1921 1030 2047 1068 ingeniis
2066 1035 2127 1056 ex·

1248 1069 1419 1101 cellentibus
1433 1094 1444 1110 ‚
1470 1071 1601 1111 qualium
1609 1076 1687 1104 circa
1698 1081 1830 1114 tempora
1841 1074 1938 1107 Alexis·
1959 1078 2127 1117 Imperato—
2166 1111 2171 1117 ,

1249 1125 1292 1151 ris
1319 1129 1443 1162 magnus
1458 1128 1626 1160 proventus
1647 1128 1790 1164 apparuit
1813 1148 1820 1155 .
1855 1123 1904 1156 Illi
1918 1122 1994 1167 scrib
2018 1134 2126 1157 veram
2144 1109 2209 1141 Ub‘
2233 1118 2262 1146 ς’

1249 1170 1445 1202 eruditionem
1455 1175 1523 1213 arri·
1539 1181 1663 1210 uerunt,
1691 1181 1822 1215 nugante
1841 1173 1967 1207 antebac
1982 1173 2053 1215 fere*
2067 1175 2123 1213 ju-

1248 1226 1388 1259 ventute,
1414 1218 1558 1262 otiofisque
1577 1227 1709 1263 aucupiis
1729 1221 1949 1264 cothurnicum,
1974 1232 2031 1256 aut
2050 1224 2124 1255 altis

1247 1280 1284 1300 ex
1293 1267 1539 1309 probabilioribus
1548 1271 1670 1303 ludicris
1684 1282 1805 1306 aetatem
1829 1272 1960 1316 discendi
1973 1281 2029 1315 per
2049 1278 2126 1305 iner-

1248 1329 1307 1350 tem
1319 1315 1476 1359 lasciviam
1493 1327 1678 1361 conterente,
1703 1327 1736 1353 in
1752 1321 1867 1364 summo
1888 1331 2051 1365 contemptu
2071 1324 2124 1356 ele-

1242 1373 1378 1410 gantium
1403 1369 1571 1401 litterarum
1593 1379 1682 1411 atque
1703 1372 1885 1403 eruditarum
1905 1378 2032 1405 artium.
2059 1371 2126 1405 De-

1248 1417 1403 1451 monstrat
1420 1430 1486 1452 non
1502 1419 1606 1452 solum
1631 1419 1760 1454 Patrem
1782 1422 1873 1454 suum
1896 1420 2127 1464 Imperatorem

1251 1467 1405 1501 Alexium
1420 1491 1429 1507 ,
1458 1468 1554 1502 secl&
1567 1468 1713 1503 Matrem
1735 1470 1861 1504 Ireuem
1881 1472 1974 1505 fuisse
1995 1469 2128 1516 insigni—

303 1524 344 1558 da
369 1522 556 1568 ignorantia
572 1520 769 1562 occupavit,
800 1519 834 1552 ὅ(
860 1516 1001 1552 ιῃυὶῑὺηι
1023 1518 1188 1562 pra-valuit
1247 1528 1294 1550 ter
1315 1516 1491 1550 studiosam
1516 1519 1550 1552 ὅ(
1569 1517 1697 1552 ἀοὲὶειιη
1722 1543 1734 1559 ,
1771 1520 1912 1563 ideoque
1933 1521 2022 1563 plura
2044 1531 2124 1554 tunc

303 1574 424 1608 hrt-refis
436 1570 670 1606 lconoclastica
686 1592 693 1600 .

354 1625 420 1658 Res
434 1622 479 1656 ita
490 1620 633 1656 cucurrit
648 1621 747 1662 usque
760 1617 799 1652 ad
811 1619 1043 1662 Imperatorem
1058 1616 1185 1652 Micha-

303 1675 387 1707 elem
415 1672 569 1711 tertium,
600 1682 637 1704 ac
665 1670 732 1712 ejus
762 1670 981 1707 avunculum,
1008 1670 1186 1707 Caesarem,

303 1725 337 1759 ἃ
354 1724 524 1757 Rectorem
538 1720 677 1754 Bardam
693 1744 703 1759 ,
729 1719 770 1753 de
797 1730 863 1762 quo
887 1719 973 1752 idem
999 1719 1186 1752 Cedrenus:

305 1775 430 1807 Bardas
453 1771 602 1814 profanas
629 1781 740 1812 quoque
760 1771 877 1802 litteras
903 1792 913 1808 ,
939 1781 1006 1810 quae
1028 1773 1186 1809 imperato-

304 1837 371 1858 rum
383 1821 520 1856 barbarie'
531 1830 619 1863 atque
630 1819 751 1863 inscitia
757 1822 827 1859 jam
838 1821 857 1851 ᾶ
871 1821 975 1852 multis
993 1825 1082 1851 annis
1104 1827 1176 1859 pror

299 1874 355 1919 sus
381 1872 587 1916 obsoleverant
611 1871 646 1904 δ’
666 1878 876 1908 evanuerant,
901 1874 1069 1908 recreavit,
1090 1868 1184 1911 fingu-

307 1927 345 1958 lis
356 1922 491 1967 scientiis
504 1932 580 1956 certo
592 1922 648 1954 loco
656 1918 729 1963 suas
738 1918 853 1961 scholas
869 1918 1037 1951 attribuens
1051 1943 1061 1958 ,
1087 1917 1189 1961 supre-

305 1987 364 2008 mae
378 1983 475 2007 autem
490 1978 616 2006 omnium
635 1969 828 2010 l'h.e'osophiae
843 1967 988 2012 adipsum
1012 1972 1136 2012 Regiam
1157 1974 1188 1999 in

133 2035 186 2068 {01
226 2045 286 2071 547·
306 2029 497 2069 Magnetum.
525 2027 633 2065 Itaque
643 2033 681 2055 ex
702 2032 731 2053 eo
744 2019 971 2059 rur.rumflorere
981 2017 1115 2061 scientlae
1139 2028 1186 2050 ιω-

301 2084 434 2118 perunt.
464 2073 506 2108 Et
523 2072 604 2105 infra
619 2084 626 2103 :
654 2072 777 2102 Bardas
796 2072 927 2112 Sergium
940 2073 1049 2101 Leonis
1062 2068 1189 2110 discipu-

306 2127 367 2159 lum
379 2128 554 2156 Geometrico
560 2119 702 2164 gymnasio
718 2142 728 2157 ,
755 2121 789 2152 (5
801 2117 987 2158 Theodosium
1001 2119 1104 2149 itidem
1126 2119 1189 2157 ejus

299 2175 488 2219 familiarem
508 2171 696 2204 Arithmrtico
718 2179 753 2200 ac
779 2167 966 2207 Astronomico
989 2168 1057 2199 ludo
1074 2175 1191 2208 praepo-

302 2224 382 2269 suit.
412 2224 512 2265 Large
531 2226 574 2254 eis
592 2218 730 2263 sumptus
747 2217 958 2260 suppeditavit
973 2241 982 2255 ,
1009 2225 1100 2258 utque
1127 2225 1193 2249 erat

303 2271 447 2316 studiosus
474 2272 618 2304 bonarum
642 2275 776 2306 artium,
797 2266 881 2309 saepe
907 2266 967 2309 ipse
993 2277 1104 2308 quoque
1111 2264 1192 2307 scho-

309 2327 371 2358 lam
386 2322 619 2365 frequentavit,
647 2319 832 2350 alacritatem
846 2314 1080 2359 dissentiumsuo
1093 2327 1188 2348 exem·

307 2375 358 2417 plo
376 2372 551 2415 confirmans
575 2394 582 2401 .
611 2373 668 2401 Hoc
683 2367 772 2409 patio
793 2366 884 2398 bonas
909 2368 1046 2405 litterar,
1068 2363 1207 2407 pror-susi

312 2425 382 2457 ante
392 2421 570 2462 suffindas,
598 2425 643 2452 ita
666 2426 699 2451 ut
719 2428 754 2450 ne
777 2416 927 2459 vestigium
949 2417 1069 2458 quidem
1088 2418 1190 2448 earur‘n

312 2472 501 2517 aurftintilla
517 2469 642 2510 exstaret
654 2493 664 2509 ,
691 2468 777 2500 brevi
789 2472 926 2507 temporis
933 2464 1036 2508 spatio
1059 2465 1106 2497 ad
1131 2443 1207 2496 mcx-i

306 2535 403 2569 gnam
412 2527 515 2556 evexit
526 2519 756 2561 amplitudinem
773 2542 780 2548 .
809 2516 975 2550 Laudatus
997 2516 1014 2547 a
1038 2514 1208 2548 Cedreno=

1248 1567 1390 1610 praeclara
1404 1568 1536 1612 ingenia
1560 1568 1775 1613 undequaque
1796 1570 2124 1614 Constantinopolim

1247 1617 1441 1651 confluxisse
1464 1642 1471 1650 .
1501 1617 1543 1651 Et
1565 1619 1672 1652 revera
1693 1630 1809 1654 omnes
1830 1622 1952 1664 semper
1971 1620 2123 1655 meliores

1249 1679 1313 1702 ram
1330 1667 1483 1711 Episcopi
1498 1678 1594 1709 quam
1610 1668 1780 1713 Principes
1800 1671 1835 1704 ὃς
1856 1670 2006 1704 civilium
2027 1670 2060 1704 ἀ
2080 1671 2126 1705 sa·

1247 1728 1371 1751 crarum
1385 1717 1566 1751 litterarum
1581 1717 1684 1753 studia
1698 1743 1710 1759 ‚
1734 1728 1903 1763 tamquam
1917 1719 2067 1754 Ecclefiae
2085 1731 2124 1754 ac

1249 1768 1450 1811 Reipublicae
1470 1767 1694 1809 firmamenta,
1723 1769 1876 1813 singulari
1904 1770 2026 1813 semper
2046 1780 2124 1803 cura

1246 1818 1279 1851 &
1302 1817 1452 1861 impensis
1476 1829 1726 1860 promoverunt.
1754 1818 1928 1864 Privilegia
1949 1831 1986 1853 ac
2006 1818 2126 1863 ssipen-

1246 1868 1299 1901 dia
1316 1893 1326 1908 ,
1351 1879 1422 1911 quae
1443 1867 1643 1902 Ductoribus
1669 1869 1842 1914 affignavit
1862 1870 1963 1903 dietus
1986 1867 2126 1903 Alexius

1247 1918 1461 1956 comnenus,
1491 1917 1526 1951 in
1549 1918 1667 1952 decimi
1698 1919 1778 1953 noni
1798 1918 1953 1957 Trullani
1975 1918 2124 1952 Canonis

1248 1966 1498 2002 Commentario
1508 1969 1645 2011 exponit
1657 1967 1859 2003 Theodorus
1882 1969 2055 2004 Balsamon
2066 1993 2073 2000 .

1299 2018 1422 2051 Eadem
1436 2028 1490 2061 per
1512 2017 1800 2064 Merovingiorum
1821 2014 1951 2064 Regum
1969 2017 2123 2053 desidiam

1249 2068 1377 2102 inducta
1391 2066 1549 2101 barbaries
1559 2079 1692 2102 omnem
1705 2069 1786 2102 olim
1808 2066 2007 2103 Francorum
2030 2067 2129 2102 Chri-

1248 2117 1448 2151 stianitatem
1474 2117 1590 2151 evertit
1603 2142 1614 2158 ,
1641 2117 1780 2161 ideoque
1797 2117 1838 2152 de
1856 2117 1924 2160 ejus
1944 2127 2133 2161 reparatore.

1231 2163 1374 2201 'Carolo
1386 2166 1516 2209 Magno
1530 2166 1640 2200 scribit
1655 2167 1795 2202 secunda
1816 2167 2046 2202 Cabilonenlis
2065 2166 2126 2210 Sy·

1232 2196 1237 2242 i
1251 2218 1357 2251 nodus
1370 2229 1377 2248 z
1408 2221 1530 2256 Oportet
1540 2241 1550 2256 ‚
1580 2225 1613 2249 ut
1619 2216 1691 2256 ficut
1716 2221 1860 2250 Dominus
1878 2223 2043 2259 Imperator
2063 2220 2129 2247 Ca-

1233 2247 1237 2303 i
1250 2268 1332 2300 rolus
1341 2269 1484 2307 pracepit
1498 2288 1509 2304 ,
1533 2263 1797 2308 Epiftopiscbolas
1809 2266 1984 2306 constituant
1995 2290 2006 2306 ,
2017 2271 2049 2298 itt
2061 2271 2128 2307 qui·

1251 2317 1351 2350 bus&
1365 2315 1509 2347 litteralis
1531 2312 1649 2357 solertia
1673 2313 1860 2357 disciplina,
1886 2317 1920 2350 Θ
1938 2315 2032 2358 sacrae
2050 2317 2129 2348 Scri·

1248 2374 1348 2408 pturae
1358 2365 1531 2397 documenta
1542 2362 1692 2407 discantur
1703 2388 1714 2404 ‚
1739 2365 1773 2398 τ’]
1783 2366 1858 2398 tales
1871 2364 1913 2397 ibi
1922 2365 2100 2398 erudiantur
2113 2388 2131 2404 ,.
2144 2370 2219 2401 Can·
2239 2379 2272 2407 3-

1254 2415 1360 2458 quibus
1388 2415 1489 2446 merito
1513 2415 1631 2447 dicatur
1651 2416 1671 2446 ἃ
1692 2417 1818 2447 Domino
1833 2439 1843 2454 ,
1876 2414 1968 2451 VOS
1997 2413 2128 2449 ESTIS

1255 2463 1342 2499 SAL
1355 2463 1543 2497 TERRAE
1553 2489 1560 2495 .
1588 2467 1618 2496 E
1621 2473 1634 2496 t
1645 2470 1696 2506 qui
1705 2467 1918 2498 condimentum
1925 2464 2059 2506 plebibus
2072 2465 2127 2508 effe

1256 2515 1380 2547 valeant
1403 2538 1414 2554 ‚
1450 2514 1483 2547 (5·
1507 2525 1626 2555 quorum
1648 2514 1783 2547 doc¹2rina
1808 2526 1867 2548 non
1881 2513 1977 2558 solum
1999 2514 2124 2554 diverfis

138 2572 201 2604 Fol-
229 2578 291 2606 550»
312 2575 384 2609 Leo
405 2573 469 2607 fuit
491 2573 635 2606 summus
660 2564 901 2610 Philosophus,
928 2564 1071 2608 ejusdem
1094 2563 1208 2609 scien-1
1251 2563 1428 2606 baerefibus‚
1455 2565 1560 2596 verum
1571 2570 1662 2597 etiam
1674 2563 1994 2604 Antichristimomus,
2019 2566 2054 2598 <5
2073 2564 2132 2607 ipfi

313 2626 367 2658 tiae
380 2623 526 2667 primusa
541 2620 643 2653 Barda
658 2617 752 2651 datus
772 2617 927 2659 profertor
943 2640 953 2655 ,
980 2614 1114 2658 Joannis
1135 2612 1208 2647 Pan-¹
1253 2613 1426 2653 Antichristo
1435 2612 1593 2655 refistatur.
1623 2614 1666 2647 Et
1692 2615 1827 2657 Joannis
1842 2614 1947 2648 ostavi
1969 2614 2124 2649 Romana

315 2672 460 2708 triarcbae
486 2666 852 2711 Constantinopolitani
881 2665 1097 2698 consobrinus
1123 2687 1134 2704 ‚
1157 2661 1208 2696 ac¹
1254 2664 1429 2707 synodus.-
1457 2664 1582 2695 Carolus
1603 2665 1752 2706 religionis
1765 2664 1895 2704 statum,
1923 2669 2003 2697 inter
2023 2664 2124 2698 diver-

317 2735 372 2767 per
385 2722 486 2764 ipsum
497 2722 538 2755 ab
551 2721 747 2762 Imperatore
758 2714 956 2758 Tiieophilo
975 2724 1144 2758 promotus
1155 2713 1194 2746 ad
1250 2712 1349 2757 sorum
1360 2724 1488 2746 errorum
1499 2714 1532 2745 (5
1541 2718 1728 2754 pravitatum
1739 2721 1845 2759 vepres
1857 2714 1997 2746 incultum
2017 2719 2124 2747 inven-

317 2771 642 2813 Archiepiscoparum
655 2766 979 2801 Thessalonicensem
991 2789 998 2796 .
1025 2762 1149 2797 Verum
1163 2764 1196 2798 δε
1256 2773 1320 2797 tum
1332 2788 1342 2803 ,
1364 2762 1460 2806 sacris
1474 2764 1582 2796 litteris
1595 2765 1724 2796 erudivit
1738 2787 1749 2802 ‚
1775 2766 1893 2795 Divina
1898 2769 2016 2805 pariter
2028 2765 2061 2797 6·
2071 2763 2125 2796 bu-

318 2818 547 2864 Theophiffls,
575 2819 608 2852 &
629 2818 793 2860 IoanneS,
823 2816 856 2849 &
881 2816 951 2849 Leo
973 2816 1104 2848 fuerunt
1128 2814 1211 2856 pes-³
1257 2827 1349 2847 mana
1366 2812 1492 2856 scientia
1512 2819 1690 2854 perornavit
1708 2837 1718 2853 ,
1750 2812 1898 2845 erroribus
1921 2817 2128 2856 expurgavit,

320 2872 390 2905 simi
428 2868 634 2903 lconoclassae
654 2892 664 2906 ‚
702 2866 841 2908 ideoque
878 2863 966 2899 hunc
1005 2852 1212 2907 imperatrix¹
1257 2870 1334 2896 ratis
1347 2863 1531 2906 dogmatibus
1539 2862 1671 2905 fignavit
1683 2886 1693 2901 ,
1721 2869 1809 2904 atque
1829 2868 1912 2895 intra
1933 2863 2128 2902 brevlffienum

321 2919 506 2955 Theodora
527 2930 563 2951 ac
573 2919 706 2952 Sanstus
729 2912 916 2949 patriarcha
938 2913 1134 2949 Methodius
1157 2905 1212 2945 E-'
1258 2921 1374 2954 tempus
1397 2919 1441 2945 ita
1458 2919 1584 2954 pietatis
1602 2912 1696 2952 studio
1716 2918 1795 2956 egit,
1821 2922 1854 2945 ut
1873 2923 1969 2945 novus
1986 2914 2129 2954 quodam·

282 2985 285 2986 ⁷
323 2972 491 3015 piscopatu
511 2968 689 3011 ejecerunt.
717 2963 827 3011 Qare
848 2965 950 3006 ipsum
963 2964 1002 2997 ad
1015 2962 1213 2998 docendam!
1259 2965 1343 2996 modo
1363 2964 1516 2995 videretur
1547 2963 1673 3003 mundus
1696 2985 1703 2992 .
1738 2961 1840 3006 Qod
1868 2960 1970 3003 ipsum
1997 2963 2032 2995 in
2058 2962 2131 3010 ejus⁴

324 3034 361 3055 ac
383 3019 591 3063 reparandam
614 3013 860 3057 Philosophiam
888 3025 955 3047 non
981 3013 1036 3046 nisi
1060 3026 1099 3047 ex
1121 3013 1199 3046 inte·

325 3081 453 3114 gratum
471 3071 678 3112 personarum
691 3065 804 3106 inopia
819 3062 941 3096 ssardas
963 3064 1108 3097 admovit
1121 3087 1128 3093 .
1157 3063 1199 3095 Et

326 3121 442 3153 facium
455 3131 520 3152 non
534 3116 656 3161 placuit
667 3116 784 3149 octava
794 3113 950 3155 synodo:
978 3113 1098 3146 Statuit
1108 3112 1199 3146 enim

329 3171 383 3202 illa
406 3169 530 3203 nullum
551 3167 701 3209 deinceps
722 3162 907 3198 haereticum
929 3162 1063 3205 publicat
1083 3163 1197 3196 littera-

329 3229 398 3253 rum
412 3217 599 3260 professioni
611 3214 855 3249 admovendum
873 3236 880 3244 .

379 3266 502 3300 Verum
530 3266 689 3310 reparatio
716 3274 782 3296 non
808 3263 932 3296 dudum
953 3259 1076 3307 viguit.
1106 3261 1199 3296 Hinc

331 3317 419 3352 enim
431 3317 469 3349 de
483 3317 679 3358 Imperatore
691 3312 914 3348 Constantino
936 3312 1198 3355 porphyrogeni-

332 3377 392 3405 to,
419 3365 541 3398 Leonis
563 3364 721 3407 Sapientis
741 3363 832 3403 filio,
860 3361 968 3396 scribit
991 3362 1077 3396 idem
1099 3362 1196 3394 Geor·

331 3418 407 3463 gius
417 3414 606 3449 Cedrenus:
632 3417 703 3448 Non
709 3410 828 3456 prorsus
852 3417 947 3447 omnis
966 3413 1106 3455 praeclari
1119 3409 1197 3452 faci·

1261 3014 1324 3046 vita
1346 3012 1451 3046 scribit
1479 3013 1584 3047 Sanffl
1605 3011 1694 3044 Galli
1707 3009 1914 3050 Monachus,
1941 3009 2060 3045 addens
2086 3011 2131 3051 ah

1263 3064 1332 3105 ipso
1356 3063 1497 3106 undique
1520 3060 1717 3103 conquisitos
1743 3061 1833 3094 viros
1854 3060 1969 3095 destos
1988 3086 1998 3102 ,
2035 3062 2131 3104 ipsos·

1262 3123 1324 3155 que
1347 3114 1431 3146 inter
1452 3111 1544 3145 fuiffe
1568 3110 1732 3144 Albinum
1753 3112 1907 3150 Flaccum
1922 3135 1932 3152 ,
1957 3121 2131 3145 evocatum

1260 3173 1299 3195 ex
1313 3162 1451 3196 Ecclesia
1466 3160 1678 3195 Eboracenfi.
1699 3160 1804 3195 Unde
1813 3159 1998 3195 scholarum
2006 3161 2136 3195 crestio-

1263 3224 1337 3245 nem
1361 3211 1531 3255 Episcopis
1551 3209 1669 3244 assidue
1689 3211 1844 3244 mandant
1869 3211 2022 3254 pleraeque
2042 3211 2133 3244 istius

1262 3263 1417 3305 temporis
1428 3260 1573 3303 Synodi.
1589 3260 1681 3305 Qas
1692 3262 1868 3303 exsequens
1880 3262 2011 3294 Sanctus
2021 3257 2136 3293 Theo·

1264 3311 1405 3353 dulphus
1422 3311 1662 3344 Aurelianenfis
1684 3311 1863 3354 Episcopus
1885 3310 1993 3343 statuit
2017 3309 2051 3341 in
2074 3309 2135 3343 suo

1265 3361 1443 3404 Capitulari
1459 3373 1464 3391 ε
1493 3361 1524 3392 Si
1536 3365 1601 3401 quis
1615 3372 1650 3393 ex
1664 3360 1845 3397 Presbyteris
1856 3360 1978 3392 voluerit
2002 3365 2134 3397 nepotem

1260 3409 1347 3452 suum
1368 3435 1378 3451 ,
1418 3411 1469 3444 vel
1492 3411 1617 3451 aliquem
1653 3408 1899 3452 consanguineum
1931 3409 1975 3441 ad
2004 3406 2135 3450 scholam

2019 3463 2086 3490 mit-
