2352 3756
80 518 154 558 Cap.
172 524 197 542 2.

84 1430 120 1464 ᾗ.
139 1430 209 1463 1085

716 87 756 131 C
794 95 1067 136 o-N-cui
1100 93 1181 127 1-A
1213 79 1507 133 viitiLuM.

207 172 405 211 Henricum.
439 170 502 205 Ista
524 169 615 205 enim
636 169 700 204 fuit
720 180 808 204 nona
831 169 900 213 ejus
911 167 1081 213 Synodus.

209 222 255 269 Et
264 220 344 264 hinc
368 222 453 256 lucet
470 221 538 264 ejus
553 232 697 261 nonam,
725 220 906 261 decimam,
933 230 970 253 ac
985 218 1085 253 unde-

209 265 496 318 cimam-Synodo‘s
518 271 609 305 fuisse
619 270 794 317 celebratas
813 271 848 305 in
863 269 966 304 castro
979 269 1086 304 Sansti

210 317 334 367 Angeli
348 349 355 355 .
382 323 476 357 Olim
497 322 586 356 enim
596 321 660 355 fuit
682 322 752 355 illic
770 321 906 365 insignis
921 319 1062 356 Ecclesia
1076 343 1087 359 ‚

212 370 297 411 dista
319 372 456 407 Basilica
477 372 584 407 Sancti
611 370 817 415 Archangeli
843 368 1023 410 Michaelis
1049 370 1085 403 in

213 423 329 461 Coelo.
360 421 455 457 Otho
475 422 682 467 Frisingenfis
704 422 883 465 Episcopus
905 419 938 452 in
953 419 1088 463 pimoli-

214 473 273 507 bro
297 473 338 506 de
351 473 458 519 Gestis
468 470 633 514 frederici
654 470 863 514 Imperatoris
882 470 980 503 etiam
994 480 1091 514 expo-

1143 171 1276 210 tiamque
1296 167 1501 201 anathematis
1522 182 1667 207 renovans
1695 196 1705 215 ‚
1743 175 1885 218 Epistolis
1917 202 1928 218 ‚
1956 191 2028 222 quae

1143 219 1246 252 multis
1268 223 1300 251 in
1309 219 1377 252 loc1s
1402 216 1547 251 habentur
1561 244 1571 259 ‚
1598 225 1753 266 Principes
1774 232 1856 270 regni
1868 229 2025 265 adversus

1146 273 1353 310 Imperatorem
1357 265 1445 310 suum
1459 274 1619 300 concitavit
1632 296 1639 303 .
1666 274 1746 319 Qae
1757 277 1844 311 unde
1859 275 2001 312 hauserit
2013 303 2025 320 ,

1146 318 1265 362 ignoro
1279 344 1285 351 .
1314 318 1384 354 Alii
1398 329 1512 352 omnes
1523 318 1685 352 affirmant
1701 322 1898 367 Gregorium
1914 328 2026 363 Roma

1147 369 1188 402 ad
1210 368 1398 404 Caffinense
1414 368 1657 406 Monasterium
1672 390 1693 408 ,ι
1709 371 1743 404 &
1759 372 1834 408 inde
1847 375 1958 411 abiisse
1974 379 2026 412 Sa-

1147 419 1291 452 lernum.
1325 418 1435 452 Alexii
1449 418 1619 456 Comneni
1642 430 1717 453 cum
1731 420 1882 458 Henrico
1894 425 2029 461 Trafta.¹

1148 480 1218 502 tum
1230 469 1342 503 multis
1357 471 1496 512 exponit
1510 469 1599 508 istius
1614 470 1681 503 filia
1693 469 1815 504 Anna:
1844 474 1886 506 Et
1899 475 1973 515 quia
1984 475 2030 509 ob

214 524 266 558 nit
288 522 427 556 Henrici
451 521 702 556 coronationem
716 545 728 561 ,
753 532 790 554 ac
809 520 935 563 pergit:
964 524 1090 558 Venera-

215 573 284 609 bilir
294 580 394 605 autem
407 573 545 606 sacerdos
558 575 716 615 Gregorius
723 570 951 613 persecutionem
953 569 1090 612 fugiens,

216 624 261 658 ad
266 627 375 656 tutiora
387 632 529 654 montana
542 620 674 664 Thusciae
696 626 727 653 in
737 629 848 654 terram
858 620 1015 661 Comitiffae
1027 623 1091 651 Ma-

216 671 324 707 thildis
350 695 361 711 ‚
387 683 454 714 qua:
482 675 675 713 Imperatoris
701 669 914 714 consanguinea
934 668 1002 710 fuit
1030 691 1040 707 ‚
1059 666 1092 710 se

217 721 364 765 contulit,
390 721 486 764 ibique
504 730 561 764 per
584 723 696 766 aliquot
719 722 784 761 dies
807 731 953 761 manens,
975 717 1095 760 senten-

1149 518 1301 562 Gregorii
1325 530 1472 554 amorem
1498 518 1663 553 Robertus
1691 519 1889 554 Guiscardus
1907 522 2031 566 diffipae

1151 568 1197 601 vit
1220 570 1332 603 omnia
1358 569 1416 602 ista
1440 570 1594 609 consilia,
1622 571 1748 612 loquax
1764 570 2033 614 mulierimputat

1151 619 1264 657 omnia
1279 619 1444 663 Gregorio
1457 642 1468 658 ‚
1490 620 1570 653 &in
1592 620 1820 653 sancliffimum
1834 619 2035 656 Pontificem

1151 670 1277 703 evomit
1301 669 1398 713 plena
1428 669 1563 712 plaustra
1587 670 1835 704 convitiorum.
1863 670 2036 714 Qasdam

1150 718 1217 761 ejus
1232 717 1449 754 schismaticas
1465 730 1570 765 nugas
1584 721 1675 763 supra
1687 720 1815 754 discuffi
1829 745 1837 752 .

526 959 529 961 -
565 905 1058 1013 moguntinum
1128 905 1664 988 Conciliubulum
1686 896 1714 982 .’

328 1070 415 1106 Ἀιισ
428 1068 740 1111 Pseudo-synodum
759 1069 896 1111 exponit
912 1069 946 1102 in
960 1068 1104 1103 Mariani

364 1121 454 1155 Scoti
478 1119 706 1164 supplemento
733 1118 952 1153 Dodechinus
991 1118 1103 1152 Abbas

233 1173 341 1207 Sancti
353 1169 536 1214 Dysibodi:
564 1170 689 1209 synodus
699 1172 857 1211 Moguntiae
875 1170 960 1210 apud
968 1168 1106 1201 sancium

233 1222 379 1255 Albanum
385 1221 463 1263 jussu
475 1220 602 1253 Henrici
611 1218 736 1252 habetur
748 1242 759 1258 ‚
779 1224 823 1252 cui
834 1217 897 1261 ipse
908 1230 972 1252 cum
984 1222 1107 1261 Legatis

236 1271 391 1309 Guiberti‚
417 1277 466 1312 qui
490 1272 523 1303 ὢ*
541 1271 677 1302 Clemens
701 1293 712 1309 ,
740 1268 882 1309 interfuit
904 1292 915 1308 ,
940 1274 987 1301 cui
1010 1277 1107 1301 omnes

235 1322 352 1354 obedire
383 1328 484 1353 contra
519 1320 690 1363 Gregorlum
711 1321 914 1359 potentialiter
953 1319 1090 1360 compulit
1102 1341 1109 1348 .

238 1372 352 1404 Wicelo
361 1369 444 1412 ipsius
455 1374 588 1402 civitatis
604 1367 766 1410 Episcopus
779 1368 854 1401 banc
869 1370 1011 1406 synodum
1035 1379 1112 1410 rege-

238 1422 311 1454 bat.
340 1421 382 1453 Et
396 1419 579 1465 Sigebertus
589 1418 832 1452 Gembiacenfis
846 1432 857 1452 .·
884 1419 1038 1457 Henrt'cus
1058 1422 1113 1451 Im-

235 1478 359 1513 perator
381 1472 541 1514 Moguntiae
562 1470 665 1512 Regali
686 1469 864 1516 &synodali
889 1476 1031 1501 conventu
1053 1478 1115 1500 coa—

240 1521 304 1560 ἆυ,
330 1524 427 1563 exegit
448 1519 486 1551 ab
498 1518 630 1551 omnibus
642 1543 652 1558 ,
678 1526 712 1551 ut
734 1518 944 1551 Hildebrandi
970 1516 1114 1559 depofitio-

241 1580 312 1606 nem
330 1569 364 1602 δ’
377 1567 514 1602 Guiberti
525 1570 737 1601 ordinationem
746 1566 801 1610 fitb
813 1570 928 1609 Scripta
942 1566 1117 1609 approbent,

240 1624 286 1653 cui
310 1620 402 1659 aliqui·
411 1630 503 1657 manu
527 1620 560 1652 Θ
573 1630 620 1651 ore
629 1618 775 1659 faventes
790 1642 802 1659 ,
828 1619 912 1651 corde
934 1628 1033 1651 tamen
1046 1616 1115 1649 Hil-

241 1667 395 1702 debr-ando
415 1668 614 1706 adhaerebant
627 1692 635 1698 .
663 1668 869 1700 Herimannus
894 1667 1031 1706 Metenfis
1045 1671 1118 1707 Epi-

240 1716 339 1761 scopus
350 1715 404 1758 fibt'
420 1716 534 1760 absenti
554 1717 723 1756 abjudicata
748 1716 928 1759 Episcopatu
951 1722 1021 1749 item
1046 1715 1117 1748 urbe

241 1767 388 1810 pellitur.
416 1772 580 1809 Imperator
602 1771 634 1798 in
645 1766 825 1809 Episcopatu
853 1765 1024 1807 Metenfium
1047 1767 1119 1799 alte·

244 1829 313 1851 rum
336 1823 547 1853 mercenarium
560 1814 736 1857 supposuit,
758 1814 814 1858 sed
837 1827 907 1848 oves
933 1815 1046 1856 christi
1065 1826 1120 1846 non

245 1867 403 1900 audierunt
425 1878 508 1899 voces
531 1868 708 1898 alienorum.
739 1864 782 1898 Et
796 1865 982 1899 Conrardus
1010 1864 1122 1898 Abbas

247 1915 465 1959 Uspergenfis
491 1928 501 1947 :
532 1918 616 1946 Anno
641 1916 762 1951 Domini
793 1913 938 1954 millefimo
963 1912 1122 1957 odingefimo

246 1970 347 2007 quinto
362 1965 487 2004 synodus
503 1967 665 2007 Mogunttae
683 1963 809 1997 habetur
821 1987 832 2004 ,
857 1969 902 1996 cui
915 1963 1055 2004 interfuit
1066 1967 1124 1995 Im-

245 2025 367 2058 perator
382 2038 392 2053 ,
417 2014 467 2046 ubi
486 2012 683 2054 praesentibus
697 2018 819 2056 Legatis
843 2016 1039 2045 Romanorum
1066 2024 1124 2044 om-

250 2077 301 2098 nes
312 2061 454 2106 Episcopi
475 2063 593 2101 rebelies
614 2066 788 2103 Imperatori
812 2064 979 2103 deponendi
985 2064 1125 2102 ‚iudican-

251 2125 299 2148 tur
314 2137 325 2154 ,
349 2119 448 2146 caeteri
470 2115 539 2145 vero
555 2111 749 2145 anathemate
761 2136 772 2151 ‚
798 2119 831 2144 ut
845 2112 1011 2145 videbatur
1026 2135 1036 2151 ‚
1061 2122 1126 2144 con-

251 2165 431 2198 demnantur
443 2186 451 2194 .
478 2162 523 2194 Ibi
532 2167 622 2199 etiam
635 2167 774 2203 communi
783 2159 920 2203 consensu
949 2171 1037 2203 atque
1046 2159 1126 2202 confi-

253 2215 291 2253 lio
300 2212 454 2253 constituta
470 2211 508 2251 est
512 2220 579 2253 pax
593 2214 663 2245 Dei.
687 2211 870 2246 Adversum
882 2210 965 2246 bella
978 2212 1101 2254 privata
1124 2234 1130 2241 .

254 2267 326 2295 Non
349 2263 441 2295 multo
455 2260 518 2302 post
536 2261 704 2304 substitutis
730 2261 769 2298 ab
780 2266 961 2304 Imperatore
971 2270 1027 2303 per
1039 2264 1129 2293 Paro-

252 2312 336 2346 chtas
356 2312 559 2347 abdicatorum
580 2309 760 2354 Praesulibus
773 2336 784 2352 ‚
809 2317 842 2344 in
865 2314 955 2344 locum
979 2311 1131 2344 adelbero-

255 2367 304 2395 nis
317 2360 532 2404 Meginhardus
544 2385 555 2400 ‚
581 2360 797 2404 conversatione
803 2361 973 2403 probabilis
984 2386 994 2401 ‚
1019 2363 1130 2394 litteris

255 2416 351 2446 etiam
372 2411 528 2453 &ingenio
537 2420 623 2453 atque
628 2410 781 2451 facundia
794 2413 866 2446 nulli
875 2413 955 2452 pene
962 2409 1108 2452 secundus
1121 2433 1132 2449 ,

257 2459 494 2503 Wirziburgenst‘
514 2460 646 2502 Ecclefiae
668 2460 787 2503 Praesul
803 2461 960 2495 ordinatur
986 2485 997 2501 ‚
1023 2461 1131 2503 dignus

256 2515 310 2552 'qut'
319 2511 395 2543 alius
408 2516 546 2551 temporis
570 2512 633 2553 esset
646 2510 810 2554 Episcopus
819 2536 827 2544 .

309 2559 370 2593 Per
393 2558 478 2599 hanc
490 2560 714 2594 latrocinalem
727 2561 900 2602 synodum
924 2559 1058 2601 incoepit
1071 2569 1136 2602 per-

264 2609 389 2649 secutio
403 2633 411 2648 ,
438 2609 534 2651 quam
557 2608 706 2643 describit
727 2610 797 2644 Leo
811 2609 995 2649 Hostienfis
1008 2608 1138 2651 Episco-

130 2677 192 2716 μὴ
223 2683 249 2712 3·
265 2670 339 2703 pus.
369 2665 513 2697 Henricus
524 2660 587 2693 ttim
598 2670 655 2691 non
655 2659 834 2700 faventibus
846 2661 936 2701 quam
948 2671 1004 2691 non
1016 2670 1138 2691 comnm-

131 2727 249 2755 gapqo.
266 2708 435 2743 meantibus
441 2707 496 2749 fibi
507 2732 516 2747 ‚
542 2710 574 2741 (θ’
587 2712 687 2742 Romae
710 2709 784 2743 &ln
809 2716 887 2742 omni
899 2713 1030 2742 Romano
1041 2712 1136 2750 Impe-

266 2764 309 2799 rio
327 2757 351 2800 s
347 2760 515 2798 aeviffimam
536 2761 569 2792 (¹2⁸
580 2760 752 2793 diuturnam
773 2761 873 2792 intulit
891 2757 1116 2800 persecutionem
1131 2782 1137 2788 .

266 2808 365 2849 Hujus
379 2815 422 2841 rei
431 2807 518 2850 causa
536 2812 568 2841 (θ’
579 2808 711 2850 Ecclefiae
720 2811 797 2850 pene
807 2814 895 2842 totius
907 2812 1034 2840 Romani
1046 2812 1138 2849 Impe-

266 2862 306 2896 rii
317 2855 455 2900 desolata:
468 2882 478 2898 ‚
504 2860 538 2892 (5·
552 2858 721 2899 Christiana
734 2862 844 2902 Religio
861 2859 1069 2900 propemodum
1080 2856 1140 2900 dis·

263 2904 360 2949 fipata
368 2931 379 2946 ‚
409 2910 443 2941 Θ
455 2913 566 2951 viginti
576 2911 669 2942 millia
680 2908 827 2941 hominum
842 2931 853 2947 ‚
879 2910 912 2942 <⁶5
923 2920 953 2942 eo
967 2908 1094 2950 amplius
1107 2914 1138 2940 in

268 2955 392 2996 diverfis
402 2958 564 3000 regionibus
576 2981 585 2997 ‚
611 2962 788 3000 Cato-Papa
801 2958 942 2991 Guiberto
952 2966 1134 2999 cooperante,

268 3004 346 3048 casa
354 3004 443 3047 sunt.
471 3010 534 3050 ,Qui
545 3015 636 3045 etiam
650 3008 742 3049 pulsis
755 3009 914 3041 Catholicis
925 3006 1082 3050 Episcopis
1107 3010 1140 3042 (ι’

271 3054 435 3089 Abbatibur
447 3081 458 3096 ,
484 3060 517 3090 (θ’
528 3060 597 3090 aliis
609 3063 638 3090 E
641 3058 802 3100 cclefiarum
814 3057 979 3100 Praepofitt‘s
992 3082 1002 3097 ,
1017 3056 1141 3100 scientia

267 3111 383 3147 pariter
403 3108 436 3139 (Ὗ
446 3107 581 3149 religione
587 3108 766 3149 pollentibus
779 3133 789 3148 ,
812 3107 966 3151 sceleratos
989 3108 1141 3141 &idiotas

267 3154 391 3198 singulis
403 3156 578 3189 civitatibus
588 3181 598 3197 ,
625 3159 658 3190 (ε’.
669 3159 815 3192 canobiis
830 3183 840 3198 ‚
863 3160 915 3192 vel
924 3161 954 3189 E
955 3155 1057 3197 ccleſsts
1068 3181 1081 3198 ,
1091 3157 1141 3193 (fn-

270 3207 354 3249 gulos
366 3230 376 3244 ‚
404 3207 553 3239 interdum
565 3216 660 3239 autem
673 3207 755 3240 binos
766 3233 776 3248 ‚
790 3209 843 3242 vel
851 3220 963 3241 annuos
977 3208 1124 3240 Praelatos
1133 3231 1143 3246 ,

275 3255 441 3292 damnabili
448 3261 557 3297 prloris
559 3254 583 3299 s
579 3262 607 3288 ui
620 3255 751 3300 Magistri
761 3260 885 3290 simonis
894 3262 1074 3291 mercimonio
1080 3256 1143 3300 sub·

270 3305 396 3344 stituens
409 3330 419 3344 ‚
445 3312 476 3337 in
487 3306 759 3346 depraedationibus
766 3306 932 3349 sanclorum
944 3308 1065 3339 locorum
1075 3329 1086 3345 ,
1111 3309 1143 3342 (Ὗ

278 3353 569 3396 christianorumfibi
582 3367 636 3388 non
643 3355 814 3397 faventium
823 3383 834 3399 ,
860 3360 946 3395 immo
954 3356 1143 3399 faventium,

378 3404 484 3446 Christ.
499 3409 579 3448 Lupi
591 3410 685 3447 Opera
700 3409 731 3438 T.
744 3410 772 3443 V
771 3410 797 3451 15

1171 1069 1241 1102 dum
1264 1080 1321 1102 non
1332 1070 1396 1112 esset
1418 1074 1468 1112 qui
1491 1078 1608 1103 armato
1620 1067 1775 1110 resisteret,
1801 1068 1883 1111 longe
1905 1069 2045 1112 lateque,

1173 1120 1326 1153 voluntate
1338 1121 1458 1162 quidem
1472 1124 1603 1152 Neronis
1622 1120 1743 1152 &Decii
1758 1143 1767 1159 ‚
1786 1117 1843 1160 sed
1852 1119 1949 1151 minus
1964 1118 2049 1158 pff-

1173 1169 1288 1202 bilitate
1307 1170 1454 1212 grassatus
1475 1169 1528 1208 est.
1563 1170 1606 1202 Et
1627 1169 1710 1202 inter
1720 1167 1911 1212 degradatos
1930 1165 2048 1200 abhoc

1175 1218 1348 1252 latrocinio
1369 1219 1547 1262 Episcopos
1570 1219 1702 1252 fuerunt
1723 1217 1790 1251 duo
1811 1217 1992 1251 sanstiffimi
2011 1227 2050 1249 ac

1174 1267 1345 1302 dociissimi
1366 1291 1376 1306 ,
1403 1266 1569 1302 Adelbero
1593 1267 1836 1310 Herbipolenfis
1858 1291 1868 1307 ,
1895 1278 1932 1300 ac
1954 1266 2052 1298 Heri-

1176 1329 1315 1351 mannus
1340 1318 1496 1352 Metensis
1518 1343 1524 1349 .
1555 1317 1664 1351 Etiam
1691 1317 1824 1354 Sanctus
1850 1314 2054 1349 Geberardus

1177 1368 1451 1410 Archiepiscopus
1474 1367 1736 1411 Salisburgensis.
1766 1365 1870 1399 Porro
1889 1365 2055 1400 Henricus

1179 1419 1316 1460 perrexit
1340 1429 1408 1451 non
1421 1417 1550 1451 tantum
1565 1417 1734 1451 nominare
1748 1428 1784 1451 ac
1795 1415 1946 1448 investire
1959 1414 2056 1447 Anti-

1178 1468 1287 1507 stites,
1315 1467 1368 1504 sed
1390 1467 1487 1502 etiam
1513 1467 1725 1511 Episcopatus
1747 1479 1784 1501 ac
1800 1464 1958 1499 Abbatias
1981 1475 2056 1498 vene

1178 1518 1271 1552 dere.

1229 1567 1340 1610 Hujus
1354 1567 1555 1602 latrocinalis
1569 1568 1697 1611 Synodi
1709 1566 1861 1602 meminit
1874 1566 1908 1599 in
1921 1565 1968 1599 sui
1981 1563 2059 1597 Mo-v

1181 1618 1310 1651 naslerii
1324 1617 1494 1653 Chronico
1516 1618 1615 1652 etiam
1637 1618 1835 1660 Rudolpi2us
1848 1615 1959 1649 Abbas
1969 1615 2057 1648 Tru-

1182 1667 1451 1709 donipolitanus:
1478 1667 1701 1701 Hildebrandus
1724 1670 1836 1709 Papa,
1863 1671 1915 1708 qui
1939 1667 2062 1698 &Gre-
2099 1692 2104 1698 .

1177 1720 1276 1760 gorius
1283 1714 1427 1757 septimus
1438 1716 1475 1755 est
1489 1718 1659 1757 appellatus
1674 1742 1685 1758 ,
1713 1719 1747 1751 (9⁴
1762 1721 1909 1751 Henricus
1930 1723 2058 1757 quartus

1183 1770 1378 1798 Romanorum
1389 1768 1576 1806 Imperator,
1604 1766 1855 1808 quiLeodiiohiit
1874 1764 2061 1807 suifiliiper·

1181 1815 1354 1858 secutionem
1369 1815 1491 1858 fugiem-
1506 1840 1515 1854 ,
1536 1817 1714 1857 gravifflmis
1738 1816 1859 1854 diffidiis
1872 1818 2006 1858 Regnum
2027 1814 2062 1846 (τ

1186 1866 1389 1898 Sacerdotium
1409 1864 1464 1899 hac
1477 1865 1599 1906 illaeque
1620 1864 1827 1907 miserabiliter
1839 1863 2060 1904 distrahebant.

1187 1917 1290 1957 ‚Quare
1305 1919 1468 1955 Imperator
1481 1939 1491 1954 ‚
1515 1914 1691 1956 faventium
1706 1914 1760 1955 fibi
1771 1913 1983 1957 Episcoporum
1997 1917 2061 1945 Mo-

1184 1970 1300 2008 guntiae
1314 1963 1414 1996 habito
1428 1965 1555 1996 Concilio
1572 1988 1581 2003 ,
1604 1963 1707 2007 fulque
1721 1968 1817 2005 Papae
1833 1965 1996 1997 Clementis
2010 1971 2065 2004 ap-

1185 2014 1310 2055 pellati,
1335 2012 1567 2054 Ravennenfium
1575 2012 1687 2056 scilicet
1701 2012 1912 2056 Archt'episcopi
1925 2037 1934 2053 ,
1962 2012 2063 2045 autho÷

1189 2069 1299 2102 ritate,
1327 2072 1361 2095 ut
1375 2062 1430 2103 fibi
1454 2063 1636 2103 videbatur,
1661 2064 1794 2096 roborato
1808 2087 1818 2104 ‚
1846 2069 2066 2098 Herimannum

1192 2110 1353 2154 Metensem
1365 2110 1547 2153 Episcopum
1559 2114 1726 2152 adjudicari
1730 2113 1807 2153 fecit
1830 2112 1934 2150 hostem
1944 2117 2067 2154 Imperii

1189 2161 1339 2204 publicum
1351 2166 1383 2193 in
1395 2162 1493 2197 eodem
1505 2163 1631 2194 Concilio
1648 2186 1658 2201 ,
1686 2169 1796 2203 totoque
1814 2163 1942 2194 alienari
1954 2166 2068 2194 Meten-

1186 2211 1260 2253 fium
1279 2213 1424 2251 dominio,
1454 2210 1568 2245 abbate
1592 2223 1704 2254 quoque
1723 2211 1827 2244 sancii
1838 2210 1988 2252 Arnulphi
2009 2214 2071 2243 Me-

1192 2269 1253 2301 tis‚
1281 2262 1409 2295 Gualone
1420 2260 1517 2301 dic‘io,
1545 2260 1690 2304 Episcopo
1706 2269 1763 2303 pro
1785 2271 1814 2294 eo
1834 2259 1995 2303 supposito.
2024 2261 2070 2295 Et:

1196 2312 1277 2345 infra
1301 2325 1310 2344 :
1340 2311 1546 2351 abjudicatum
1570 2312 1758 2344 Herimanno
1779 2310 1990 2354 Episcopatum
2013 2315 2073 2343 Im-

1192 2370 1312 2403 perator
1321 2372 1386 2393 cum
1408 2361 1542 2394 omnibus
1562 2362 1749 2403 appendiciis
1759 2363 1823 2402 ejus
1841 2385 1850 2401 ,
1869 2360 1958 2402 fimul
1978 2365 2069 2397 etiam

1197 2414 1230 2446 ⁴&
1245 2411 1404 2444 abbatiam
1426 2410 1550 2451 nostram
1571 2413 1673 2445 eadem
1696 2412 1756 2455 lege
1775 2410 1904 2446 habebat
1927 2417 1960 2443 in
1979 2421 2071 2445 manu

1194 2462 1265 2504 sua.
1294 2461 1402 2495 Sancti
1421 2461 1593 2495 Trudonis
1606 2461 1749 2495 Abbatia
1764 2471 1843 2495 tunc
1869 2461 1977 2505 quoad
1991 2472 2073 2504 quat-

1198 2511 1273 2545 dam
1293 2510 1523 2554 dependebat&
1545 2511 1684 2545 Metensi
1701 2510 1917 2554 Episcopatu.
1945 2511 2073 2545 Rudol-

1201 2560 1282 2603 phus
1294 2561 1491 2595 demonstrat
1501 2561 1601 2595 etiarn
1620 2562 1712 2595 suurn
1733 2561 1818 2594 istud
1832 2561 2073 2594 monasterium

1200 2611 1291 2643 fuisle
1313 2609 1354 2643 ab
1377 2610 1441 2644 hoc
1466 2611 1639 2644 latrocinio
1655 2610 1884 2654 praecipitatum
1906 2610 1940 2643 in
1955 2611 2073 2645 multas

1202 2660 1420 2694 calamitates.
1450 2660 1590 2699 Causas,
1616 2672 1656 2693 ex
1679 2660 1796 2703 quibus
1818 2659 1990 2694 damnatus
2010 2661 2074 2694 fuit

1204 2710 1427 2743 Herimannus
1439 2732 1448 2747 ‚
1475 2709 1593 2753 largitis
1602 2711 1739 2751 exponit
1759 2711 1794 2743 in
1816 2710 1901 2744 libro
1918 2710 1958 2744 de
1970 2710 2077 2745 unita-

1205 2771 1236 2794 te
1256 2759 1402 2793 Ecclesiae
1428 2758 1608 2793 Veneticus
1631 2759 1841 2794 Vercellenfis
1868 2761 2049 2804 Episcopus
2063 2773 2075 2793 .-

1208 2814 1290 2843 Anno
1326 2807 1470 2850 millesimo
1517 2809 1693 2854 nonagesimo
1729 2811 1802 2843 obiit
1840 2811 2049 2844 Herimannus
2064 2833 2078 2851 ‚

1206 2859 1301 2892 dic'lus
1348 2860 1496 2901 quondam
1535 2859 1669 2900 Metenst‘s
1705 2859 1839 2901 Ecclefiae
1885 2858 2050 2903 Episcopus
2063 2883 2075 2899 ‚

1204 2915 1253 2951 qui
1292 2910 1327 2942 ό*
1353 2907 1417 2951 ipse
1453 2909 1517 2942 cum
1553 2911 1688 2952 receffiffet
1719 2910 1844 2954 fugiens
1875 2910 1914 2942 ab
1951 2908 2078 2949 Ecclefia

1200 2958 1257 3001 sua
1283 2983 1294 2999 ,
1331 2959 1494 2992 damnatus
1520 2958 1557 2997 est
1597 2966 1628 2992 in
1655 2964 1828 3003 Moguntina
1853 2960 1958 2998 synodo
1982 2967 2076 3000 atque

1205 3007 1346 3050 depofitus
1369 3032 1381 3049 ,
1415 3014 1551 3051 quoniam
1581 3007 1664 3051 saepe
1700 3019 1824 3043 vocatus
1862 3017 1918 3050 per
1944 3012 2077 3049 Impera-

1205 3070 1313 3098 torem,
1333 3057 1416 3101 saepe
1438 3064 1530 3093 etiam
1551 3069 1671 3092 vocatus
1694 3068 1748 3101 per
1756 3070 1827 3093 oves
1847 3056 1970 3099 pascuae
1983 3055 2073 3099 suto,

1208 3109 1296 3141 noluit
1323 3113 1435 3142 reverti
1457 3109 1500 3141 ad
1519 3109 1699 3149 pastoralem
1726 3119 1825 3141 curam
1846 3105 2075 3148 Ecclefiaesuae,

1207 3169 1261 3191 non
1295 3158 1386 3190 aliam
1422 3160 1612 3199 praetendens
1649 3157 1844 3200 excusationis
1877 3155 2043 3197 occasionem
2062 3180 2075 3196 ‚

1208 3206 1261 3249 nist
1280 3209 1360 3249 quod
1383 3208 1472 3242 nollet
1498 3210 1600 3242 videre
1627 3209 1676 3240 vel
1702 3209 1811 3249 alloqui
1847 3212 2073 3243 excommmuni-

1206 3267 1302 3292 catum
1327 3262 1554 3299 Imperatorem.
1582 3257 1661 3290 Hoc
1688 3269 1729 3290 ex
1755 3258 1848 3290 fonte
1871 3266 1960 3293 natas
1982 3256 2075 3290 istius

1207 3309 1305 3343 etiam
1344 3308 1492 3342 Ecclefiae
1529 3306 1636 3341 turbas
1671 3307 1704 3340 &
1740 3305 1953 3341 calamitates·
1967 3304 2073 3348 ample.

1208 3357 1376 3393 describit.

1590 3406 1617 3447 F
1640 3407 1659 3439 f
1704 3417 1724 3444 2
1924 3403 2029 3444 Vene-

2109 1692 2139 1722 b.
2165 1700 2198 1727 ⁴¹·
