2372 3756
696 141 767 170 De
806 135 1167 185 QiisthDAM·
1201 125 1452 168 Primum
1489 125 1712 173 Locrs.

272 207 398 250 penitus
423 206 559 240 ridicula
588 230 595 238 .
623 205 679 238 Est
706 205 814 239 similis
840 205 915 239 huic
942 204 1143 239 Tertulliani

271 258 347 290 loco
369 257 403 290 in
422 257 506 291 libro
518 257 559 291 de
586 256 790 298 spectaculis:
820 260 872 288 Vis
884 254 1078 299 &sanguinis
1092 256 1141 287 alt·-

132 324 252 362 εφη,
268 308 366 348 quid?
393 308 493 341 Habes
515 307 642 345 Christi·
671 306 826 340 Ostendit
837 307 934 340 etiam
947 305 1142 339 Christianis

120 1603 195 1640 Cap,
211 1612 236 1636 7.

265 357 331 390 effe
351 359 404 391 sua
428 357 676 401 sanguinolenta
701 356 877 399 spectacula
892 381 903 396 ‚
928 354 1141 388 acitemistic

264 407 358 440 fundi
374 405 554 441 humanum
573 406 785 450 sanguinem:
814 416 881 438 non
910 405 1140 439 Gladiatorum

264 468 320 491 aut
332 457 528 496 Bestiarum,
558 458 608 490 sed
623 453 871 499 JESU-Christi
883 479 891 486 .

315 506 420 540 Porro
440 508 506 549 ipse
530 506 727 539 Athanasius
739 506 826 537 sacro
838 522 850 528 -
863 505 973 537 san&ae
987 501 1139 538 Euchari-

265 557 331 590 stiae
352 564 453 590 raram
464 556 540 589 facit
554 556 770 589 mentionem.
803 555 958 587 Attamen
987 554 1022 588 in
1038 554 1138 596 prima

263 608 302 638 ad
330 606 559 649 Imperatorem
587 605 820 639 Constantium
848 602 1018 648 Apologia
1045 605 1139 636 suum

262 655 491 698 Presbyterum
520 655 701 688 Macarium
716 677 726 693 ,
752 654 792 686 ab
818 651 1009 688 Eusebianis
1027 653 1067 685 de
1079 654 1138 686 fra·-

263 707 314 738 έίο
340 705 684 749 ischyraexPresbyteri
710 705 797 736 sacro
824 703 924 737 calice
950 704 1136 736 accusatum

262 766 401 799 purgat,
426 754 596 796 respondet
618 756 782 793 ischyram
807 763 873 785 non
896 752 986 786 fuisse
1002 750 1135 794 Presby-

262 815 389 844 terum,
415 804 555 847 ideoque
580 806 610 835 in
632 803 699 845 ejus
718 803 820 835 domo
847 813 917 835 non
941 802 1079 846 potuisse
1091 812 1134 835 re-

261 854 356 896 periri
380 853 536 893 calicem,
562 855 596 886 ἀ
623 852 726 897 pergit
748 853 786 885 ad
799 850 988 885 Sacerdotes
1002 865 1013 885 .-
1039 851 1134 883 Solam

261 902 386 942 vestrum
397 903 435 943 est
441 910 602 945 propinare
606 902 784 946 sanguinem
795 901 905 937 christi·
917 926 926 941 ,
953 903 987 935 (φ’
994 903 1133 942 ρνςιενεᾶ

261 954 370 985 nullius
382 979 389 985 .
421 958 571 987 Caeterum
590 964 620 985 ue
632 957 740 994 impius
752 951 790 990 est
806 976 815 991 ,
841 958 891 994 qui
905 950 981 984 bunc
992 951 1133 991 mysticum

260 1003 376 1035 calicem
394 1003 540 1047 frangit,
565 1004 610 1036 itii
631 1004 722 1034 multi>
743 1007 837 1045 magis
861 1007 971 1042 impius
994 1001 1050 1039 ιβ,
1081 1007 1132 1042 qui

255 1051 394 1095 sanguim·
415 1052 524 1092 Christi
537 1053 740 1085 contumellam
749 1051 841 1094 facit,
851 1058 902 1093 qui
911 1060 1025 1093 praeter
1034 1053 1130 1083 Eccle-

253 1101 396 1142 fiaflt'cam
418 1103 627 1143 institutionem
651 1104 736 1135 calice
756 1103 804 1134 illo
835 1101 971 1134 abutitur·
992 1125 999 1132 .
1027 1100 1129 1147 Qod

256 1153 376 1195 nempe
386 1151 516 1187 oblatus
526 1153 559 1186 in
574 1153 676 1187 calice
688 1152 818 1196 sangnis
829 1152 866 1184 fit
880 1150 1053 1184 Dominici
1065 1151 1133 1182 san-

257 1203 369 1245 guinis
390 1214 456 1236 non
471 1210 598 1237 tanturn
614 1203 733 1246 figura,
765 1201 819 1234 sed
832 1201 922 1234 fi‘mul
941 1202 1038 1234 etiam
1054 1200 1130 1233 veri-

257 1262 327 1291 tas,
356 1252 495 1296 ideoque
519 1254 587 1295 ipso
606 1253 710 1285 calice
733 1251 831 1294 longe
856 1250 991 1283 san&i0r
1015 1262 1052 1283 ac
1066 1258 1128 1283 m‘a-

254 1299 324 1343 ior·
353 1303 564 1336 Lucidiffime
586 1302 650 1335 hoc
674 1301 872 1334 Athamanas
902 1299 1068 1341 profitetur
1096 1301 1128 1332 in

256 1349 370 1385 libello
385 1376 395 1390 ‚
406 1363 503 1395 quem
517 1353 632 1393 scripsst
644 1351 684 1384 de
697 1350 856 1384 miraculo
869 1348 908 1383 ad
921 1349 1043 1384 Christi
1059 1350 1129 1383 Do·

256 1401 339 1433 mini
352 1402 531 1445 imaginem
543 1403 627 1435 fasto
640 1399 726 1443 apud
741 1400 930 1442 Berytenses
944 1424 951 1430 .
963 1399 1020 1432 Ab
1030 1399 1132 1442 impio

257 1448 399 1492 quodam
418 1449 527 1494 Judaeo
549 1452 711 1484 crucifixa*
730 1450 764 1482 &
790 1449 931 1492 percufla
946 1448 1009 1481 haec
1022 1449 1134 1492 imago

256 1500 359 1533 emifit
371 1501 542 1542 copiosum
565 1499 754 1543 sanguinem
768 1521 778 1537 ‚
802 1498 848 1532 rei
860 1499 969 1532 seriem
984 1497 1134 1532 distinete

253 1550 389 1590 exponit
410 1548 628 1587 Athanasius,
657 1560 695 1582 ac
719 1548 845 1593 pergit:
872 1554 948 1583 Haec
972 1548 1009 1588 est
1033 1558 1131 1588 vera,

253 1604 288 1631 o·
298 1598 486 1632 vehementer
496 1600 617 1632 credula
640 1605 720 1631 ratio
730 1600 767 1630 de
776 1609 876 1631 cruore
887 1598 994 1631 lateris
1008 1601 1132 1631 Domini

254 1646 340 1687 nostri
361 1650 531 1682 salvatoris
549 1673 560 1690 ‚
585 1653 637 1691 qui
654 1647 802 1689 profluxit
821 1648 858 1680 de
875 1645 983 1688 sanc‘la
1005 1652 1137 1691 Imagine

253 1696 339 1739 ipsius
348 1720 359 1736 ,
383 1709 450 1741 quae
473 1698 616 1741 crucifixa
641 1698 678 1737 est
690 1703 722 1730 tn
733 1700 813 1735 syria
825 1703 857 1730 in
868 1704 995 1731 civitate
1007 1699 1111 1735 Beryto
1123 1722 1130 1730 .

254 1751 310 1779 Hic
328 1746 365 1787 est
387 1755 479 1782 etlam
485 1746 609 1792 sanguis
631 1749 679 1781 ille
692 1751 863 1780 Dominicus
879 1771 889 1787 ‚
915 1752 965 1790 qui
976 1748 1062 1788 apud
1068 1747 1128 1788 ple-

252 1794 352 1838 rosque
363 1806 498 1839 repertus
515 1800 565 1842 effe
575 1800 700 1831 dicitur.
726 1801 764 1829 N
765 1808 793 1831 ec
815 1797 867 1840 esse
888 1797 976 1830 aliter
993 1796 1131 1838 estiman-

250 1847 323 1878 dum
333 1847 369 1888 cst
382 1850 402 1880 ῐι
411 1851 483 1882 veri?
495 1848 657 1882 Catholicis
666 1870 676 1886 ‚
700 1855 814 1890 praeter
826 1848 862 1879 td
872 1845 1096 1889 quodfer-ibitur
1109 1850 1129 1880 ἃ

247 1895 333 1928 nobis
346 1920 357 1936 ,
384 1898 471 1941 quast
486 1909 524 1931 ex
545 1905 631 1931 c'arne
652 1899 687 1932 δ’
714 1896 861 1942 fimguine
880 1897 989 1937 Christi
1015 1898 1133 1940 aliquid

242 1945 326 1987 poffit
337 1952 370 1979 in
380 1949 491 1982 mundo
500 1954 620 1990 reperiri
633 1972 644 1987 ,
669 1947 726 1989 nifi
729 1949 811 1981 illud
823 1948 943 1990 quodin
955 1959 1011 1979 ara
1020 1948 1129 1982 altaris

243 2004 301 2037 per
314 2008 419 2031 manus
433 1999 624 2032 sacerdotum
633 2000 761 2040 quotidie
779 1996 976 2041 spiritualiter
988 1997 1109 2038 offertur
1120 2023 1132 2030 ,Α

247 2045 352 2089 Qod
376 2048 418 2081 de
431 2059 504 2082 vera
518 2048 689 2082 Dominici
700 2048 871 2092 sanguinis
896 2046 1069 2081 substantia
1082 2049 1129 2082 lo·

247 2104 364 2135 quatur
382 2096 605 2137 Athanasius,
631 2097 675 2129 est
701 2097 772 2129 luce
795 2097 974 2130 meridiana
993 2097 1127 2131 clarius.

247 2144 324 2177 Scio
338 2145 426 2180 hunc
436 2146 585 2180 libellum
609 2146 627 2179 a
647 2144 839 2187 quibusdam
853 2146 973 2179 censeri
989 2147 1127 2190 suppofi-

246 2202 317 2226 tum
329 2198 362 2229 ἀ
375 2197 538 2239 spurium,
566 2196 677 2229 verum
707 2196 806 2239 longe
828 2196 921 2229 aliter
930 2196 1054 2230 censuit
1068 2196 1126 2231 Pe-

245 2251 313 2276 trus
324 2245 588 2279 Nicomedienfis
602 2245 781 2288 Episcopus
794 2269 803 2284 ‚
824 2243 988 2288 Bithyniae
1000 2246 1128 2280 Metro·

245 2294 348 2336 polita
361 2318 372 2335 ,
397 2295 432 2328 &
443 2306 518 2330 cum
546 2295 605 2328 illo
619 2295 728 2327 omnis
740 2295 873 2337 septima
884 2295 1038 2337 Synodus
1052 2320 1062 2335 ‚
1088 2297 1122 2329 in

244 2345 336 2387 cujus
347 2354 461 2388 quarta
471 2345 597 2379 afflone
611 2342 676 2378 haec
689 2342 863 2378 habemus:
880 2348 988 2377 Petrus
995 2344 1126 2388 sanc‘lis-

239 2391 329 2434 fimus
353 2393 516 2437 Epifiwpus
539 2395 721 2428 Nicomedia:
740 2395 842 2433 dixit,
876 2394 1000 2441 Librum
1018 2395 1118 2436 defero

244 2445 348 2477 saneti·
372 2443 523 2486 Athanasii
536 2469 547 2485 ‚
571 2445 605 2478 ὁ*
621 2443 736 2487 sanHae
758 2445 864 2483 synodo
873 2443 959 2484 offero
974 2446 1018 2476 ad
1025 2446 1118 2489 legen-

245 2497 319 2527 dum
330 2518 337 2525 .
364 2495 476 2527 sanna
487 2496 612 2532 synodus
629 2496 711 2526 dixit
723 2518 733 2533 ,
747 2497 894 2537 Legatur.
918 2498 962 2525 Et
975 2502 1119 2536 accipiens

245 2544 414 2586 Stephanus
428 2547 576 2577 Dtaconus
588 2555 622 2577 ac
633 2548 780 2575 Notarius
791 2545 876 2587 legit.
907 2545 1007 2589 Legit
1031 2543 1120 2579 hunc

242 2594 412 2628 libellum.
441 2594 499 2627 llle
509 2593 608 2638 ergo,
632 2593 862 2635 cujuscumque
879 2593 940 2632 fit,
966 2593 1119 2637 probatus

241 2643 288 2677 est
301 2654 353 2687 per
364 2645 536 2687 septimum
551 2643 741 2677 Concilium
756 2667 762 2674 .
790 2642 863 2676 Nec
874 2642 1089 2679 dubitandum
1107 2670 1117 2686 ‚

241 2695 323 2738 quin
350 2694 464 2735 Petrus
487 2693 667 2736 Episcopus
691 2691 795 2735 ipsum
820 2694 976 2735 acceperit
998 2704 1039 2727 ex
1057 2695 1120 2729 suae

241 2743 391 2778 Ecclefiae
411 2742 573 2783 archivis,
600 2753 656 2776 aut
677 2742 760 2775 certe
779 2752 819 2775 ex
833 2740 1041 2778 Bibliotheca
1055 2743 1116 2779 Ec-

239 2794 338 2828 clefiae
363 2792 756 2836 Constantinopolitanae.

291 2844 413 2878 Verum
438 2843 516 2877 hinc
540 2844 643 2877 oritur
654 2842 787 2885 quaestio
799 2865 810 2881 ,
838 2842 1023 2889 Qomodo
1036 2843 1111 2878 San-

238 2895 304 2926 etus
316 2893 511 2928 Athanasius
533 2894 669 2927 affirmet
696 2892 823 2924 nullum
835 2892 957 2926 Christi
970 2894 1110 2928 Domini

238 2945 430 2987 sanguinem
451 2955 482 2978 re
525 2943 577 2977 riri
600 2943 634 2976 in
659 2942 748 2976 terris
773 2952 881 2984 praeter
908 2941 1024 2982 illum,
1050 2946 1107 2988 qui

237 2994 401 3027 emanavit
424 3003 470 3026 ex·
519 2993 655 3036 erytenfi
677 2991 841 3035 imagine,
867 2999 921 3025 aut
946 2992 1002 3036 qui
1027 3004 1106 3037 quo-

237 3040 318 3075 tidie
339 3041 510 3076 conficitur
523 3042 565 3081 jn
589 3040 812 3076 Eucharistia?
841 3041 974 3075 Etenim
1006 3043 1104 3078 nostri

237 3091 482 3125 Flandrenfium
496 3090 642 3126 Comites
651 3091 670 3125 ὲ
682 3102 761 3126 terra
775 3093 876 3125 sansta
888 3116 898 3132 ,
925 3090 1003 3126 dum
1017 3093 1102 3129 sacra

235 3142 318 3174 olim
337 3140 403 3175 illic
426 3139 507 3174 bella
529 3151 698 3185 gererent,
724 3152 834 3174 verum
860 3141 900 3175 de
926 3141 1042 3176 vifibili
1068 3144 1102 3178 δε

235 3202 312 3225 vero
324 3191 469 3226 crucifixi
480 3191 621 3224 Domini
635 3201 770 3233 corpore
782 3191 971 3234 sanguinem
981 3191 1100 3228 detule-

232 3251 310 3275 runt
322 3265 332 3281 ,
354 3242 387 3275 &
398 3238 549 3284 perpetuo
561 3240 578 3273 ὲ
591 3239 689 3273 nobis
699 3241 914 3274 venerandum
927 3242 1099 3284 posuerunt

231 3289 268 3325 in
280 3290 412 3325 civitate
423 3290 577 3333 Brugenfi
591 3313 599 3321 .
627 3287 788 3322 Eum‘dem
810 3289 993 3324 thesaurum
1006 3293 1097 3335 poffi-

231 3339 285 3373 det
310 3341 449 3375 formosa
476 3339 687 3384 Regularium
700 3338 898 3373 Clericorum
912 3340 1023 3381 Cella,
1050 3354 1096 3376 ce-

230 3388 434 3426 leberrimum
446 3389 685 3424 Monasterium
698 3388 730 3423 in
744 3399 822 3434 agro
833 3390 970 3425 civitatis
991 3359 1119 3466 lmen-¹

1946 145 1962 175 1
1976 144 2039 190 79

1207 203 1243 235 sis
1255 228 1261 234 .
1275 203 1327 236 De
1339 203 1455 237 eojcm
1466 202 1624 247 gloriatur
1634 206 1733 240 etiam
1746 208 1879 242 Francia
1892 234 1899 241 .
1927 210 1969 243 Et
1981 212 2073 254 supet·

1206 263 1319 286 omnes
1332 253 1473 298 Angli..
1502 253 1635 286 Etenim
1656 265 1744 288 anno
1763 258 1852 299 supra
1862 259 2071 294 minefimum

1203 301 1422 337 ducemcfinro
1444 303 1688 347 quadragesimo
1709 305 1843 347 septimo
1868 309 2007 343 similem
2034 310 2070 344 in

1202 352 1386 396 crystallina
1399 368 1405 387 ι
1420 352 1540 396 :apulia
1557 351 1739 388 thesausum
1752 377 1761 392 ‚
1789 354 1976 392 patriarchae
1986 359 2090 395 Hie·‘

1200 402 1427 446 rosolymitani
1449 404 1483 437 ὅ(
1500 403 1683 438 multorum
1702 402 1898 439 Antistitum
1920 409 2066 451 sigillatis

1203 453 1397 489 testimoniis
1415 454 1650 487 confirmatum
1665 477 1675 493 ,
1701 452 1851 487 Henrico
1863 456 1964 490 tertio
1977 458 2067 502 Regi,

1203 504 1358 536 miserunt
1383 503 1536 548 Magister
1548 503 1733 545 Templi&
1743 503 1899 547 Magister
1911 506 2065 548 Hospita-

1202 553 1292 590 lis'Et
1307 553 1409 596 ipsum
1423 555 1495 586 Rex
1511 553 1737 587 solemniffirne
1746 554 1901 587 exaltavit
1914 555 1945 587 in
1960 556 2066 589 West-

1198 602 1448 639 M‘onasterienfi
1463 603 1606 637 Ecclesia
1619 628 1626 635 .
1654 604 1697 636 Et
1718 604 1877 646 quoniam
1891 605 1992 647 aliqui
2005 604 2066 638 hae-

1199 653 1333 686 fitabant
1345 654 1385 687 de
1397 654 1530 687 veritate
1540 679 1556 694 ,¹
1579 654 1681 695 ipsam
1694 653 1922 692 Norvvicenfis
1936 654 2068 702 Episco-

1199 703 1393 744 puserudito
1406 704 1550 737 sermone
1563 702 1796 747 asseruitatque
1809 704 1984 738 stabilivit.
2006 706 2067 739 La-

1198 752 1229 785 te
1252 753 1316 787 haec
1338 754 1430 788 refert
1450 752 1626 789 Matthaeus
1641 752 1842 794 Parifienfis,
1862 754 1998 788 &istius
2009 756 2066 788 ser-

1197 803 1304 835 monis
1325 802 1536 839 substantiam
1560 803 1692 838 inseruit
1714 803 1776 836 suis
1803 803 2065 839 Additamentis.

1197 850 1298 885 Porro
1310 853 1366 886 ille
1379 853 1557 897 Episcopus
1570 855 1632 888 fuit
1645 850 1808 887 Walterus
1815 854 1859 887 de
1866 853 1989 888 Sufeild
2003 878 2013 894 ,
2024 864 2068 888 to-

1196 907 1255 933 tius
1266 903 1375 935 Dtvtni
1387 901 1842 946 &-buman1Jurisperit12ffimus
1852 929 1858 936 .
1873 904 1921 938 lta
1933 903 2067 938 testatur

1195 950 1228 982 in
1245 952 1506 995 Anglicanorum
1536 955 1772 997 Episcoporum
1794 953 1957 998 Catalogo
1971 955 2068 993 Fran·

1195 1000 1295 1033 ciscus
1323 1001 1517 1036 Godvvinus
1539 1003 1718 1047 Episcopus
1730 1004 1945 1037 Landavenfis
1958 1028 1966 1036 .

1187 1061 1189 1063 ·
1237 1050 1436 1093 *Respondet
1462 1053 1609 1086 laudatus
1621 1054 1784 1087 Walterus
1805 1053 1983 1097 Episcopus
1994 1053 2066 1087 Do-

1198 1099 1355 1134 minicum
1379 1112 1520 1144 corpus,
1545 1103 1624 1136 dum
1648 1102 2002 1145 sepeliendumectuce
2013 1104 2066 1137 de·

1197 1159 1366 1192 poneretur
1378 1175 1388 1190 ‚
1412 1150 1508 1184 fuiff'e
1520 1163 1561 1185 ex
1574 1152 1758 1185 vulneribus
1780 1153 1923 1187 omnino
1941 1153 2067 1198 sangui·

1197 1200 1368 1233 nolentum
1381 1225 1391 1240 ,
1417 1202 1453 1236 <Sc
1475 1201 1493 1234 ὲ
1518 1200 1660 1244 Josepho
1669 1202 1754 1245 apud
1768 1201 1989 1240 Arimathiam
2001 1204 2067 1238 De·

1195 1251 1326 1284 curione
1348 1250 1519 1291 ablutum,
1548 1251 1744 1286 mundatum
1757 1275 1772 1292 ‚⁴
1793 1254 1925 1286 anetum
1939 1275 1949 1291 ,
1973 1252 2069 1288 invo-

1197 1300 1300 1333 lutum
1314 1300 1452 1341 institis,
1485 1300 1534 1335 uti
1546 1312 1618 1335 mos
1629 1311 1694 1335 erat
1707 1301 1981 1345 Judaeissepelire.
2009 1302 2070 1336 Af-

1195 1349 1298 1382 firmat
1337 1351 1431 1384 fuisse
1451 1350 1628 1385 obductum
1662 1351 1868 1395 quadruplici
1889 1352 2067 1396 sanguine.

1198 1399 1238 1432 Et
1262 1398 1351 1433 hunc
1371 1411 1508 1434 omnem
1533 1402 1550 1434 ὲ
1574 1399 1718 1444 Josepho-
1748 1401 1843 1435 fuisse
1873 1402 2069 1437 collectum.

1197 1451 1298 1481 Prima
1309 1473 1318 1488 ‚
1335 1454 1450 1492 Aquam
1463 1450 1656 1484 rubicundam
1669 1475 1679 1491 ,
1702 1449 1809 1494 scilicet
1819 1453 1967 1493 loturam,
1982 1463 2071 1494 quam

1188 1499 1217 1540 J
1220 1495 1343 1540 osepbus
1369 1506 1527 1534 amicorum
1557 1500 1785 1543 infirmitatibus
1816 1500 1960 1542 distribuit
1981 1503 2072 1543 effica-

1193 1553 1263 1581 citer
1282 1550 1487 1584 medicinalem
1500 1575 1508 1582 .
1538 1551 1667 1584 Secundi
1678 1574 1690 1590 ‚
1713 1553 1893 1596 Sanguinem
1908 1551 2072 1594 pum-‘Iuro

1192 1609 1257 1630 rum
1279 1604 1313 1631 tn
1335 1606 1432 1641 capite
1454 1623 1467 1640 ,
1492 1601 1531 1634 &-
1545 1598 1793 1644 scissurarumper
1812 1601 1925 1646 flagella
1947 1601 2073 1643 inflic‘la·

1193 1659 1258 1680 rum
1283 1658 1347 1680 cum
1373 1648 1501 1691 sudore.
1529 1650 1578 1690 Isti
1598 1652 1722 1692 liquores,
1747 1651 1956 1699 dignoscuntur
1980 1657 2073 1685 mixti

1194 1709 1233 1730 ex
1253 1698 1394 1738 pluribus
1410 1722 1418 1730 .
1445 1702 1547 1733 Tertia
1566 1722 1579 1738 ,
1602 1702 1728 1744 SanguIs
1755 1713 1794 1734 ex
1820 1702 1994 1736 vulneribus
2014 1713 2077 1737 ma·

1193 1758 1285 1780 nuum
1295 1749 1330 1781 ὁ*
1336 1749 1471 1790 pedum,
1497 1754 1549 1791 qui
1554 1749 1623 1791 fuit
1629 1758 1726 1792 purus
1732 1748 1794 1792 fine
1813 1756 1974 1794 mixtura,
1999 1765 2077 1788 ema-

1194 1802 1283 1830 navit
1304 1821 1312 1829 .
1339 1800 1463 1842 ,Quarta
1487 1823 1499 1839 ,
1524 1801 1573 1833 ille
1590 1799 1800 1841 formidabilis
1822 1826 1834 1843 ,
1859 1806 2021 1838 tremendae
2041 1815 2076 1839 ac

1192 1849 1439 1889 reverendifflmae
1469 1851 1684 1883 recordationis
1722 1859 1805 1885 cruor
1845 1855 2053 1895 praeeramus
2063 1879 2081 1896 ‚,

1192 1909 1279 1940 quem
1302 1910 1340 1932 ex
1360 1897 1423 1942 ipso
1441 1901 1529 1934 corde
1564 1899 1676 1941 Christi·
1703 1923 1714 1940 ‚
1738 1903 1791 1936 vel
1816 1901 1926 1946 saltem
1956 1907 2050 1938 latere
2063 1928 2081 1945 „

1190 1948 1298 1988 conflat
1324 1948 1468 1993 effluxisse
1494 1975 1502 1983 .
1532 1953 1649 1985 Praeter
1679 1963 1751 1995 quos
1785 1962 1911 1996 quatuor
1946 1955 2077 1997 liquores,-

1191 2010 1301 2041 aquam
1322 2010 1384 2032 cum
1392 1998 1537 2044 sanguine
1559 2003 1596 2035 de
1608 2000 1670 2045 ipsit
1680 2003 1773 2037 latere
1787 2002 1894 2047 scimus
1904 2005 2066 2048 emanasse.

1193 2050 1235 2082 Et
1256 2060 1392 2084 omnem
1413 2049 1503 2085 hunc
1527 2052 1719 2096 sanguinem
1741 2053 1825 2097 apud
1849 2065 1909 2089 nos
1929 2055 1964 2088 in
1978 2056 2076 2091 terris.

1191 2099 1334 2132 manfiffe
1345 2099 1533 2134 existimant
1546 2103 1709 2137 Walterus
1732 2103 1915 2148 Episcopus
1936 2106 1970 2139 δε
1983 2105 2077 2139 Μειῑ-Δ

1189 2146 1290 2181 thaeus
1319 2147 1508 2182 Monachus
1529 2163 1538 2184 ς
1566 2150 1675 2193 Ipsum
1695 2154 1756 2186 effe
1782 2164 1885 2196 quem,
1902 2165 1969 2188 nos.
1988 2166 2072 2191 eum.

1189 2197 1321 2231 Francis
1340 2198 1375 2232 δε
1396 2198 1518 2244 Anglis
1539 2200 1673 2234 Flandri
1695 2212 1904 2237 veneramur.
1931 2203 1976 2238 Et
1997 2204 2066 2248 ipse

1188 2246 1338 2281 Patribus
1362 2247 1623 2291 predicatoribus
1645 2263 1682 2284 ac
1694 2252 1862 2288 Fratribus
1871 2252 2064 2289 Minoribus

1188 2297 1320 2341 praebuit
1349 2299 1463 2332 ansam
1492 2299 1696 2344 digladiandi
1728 2301 1769 2335 de
1795 2304 1970 2339 Dominici
1993 2305 2063 2340 san-

1184 2347 1296 2390 guinis
1318 2347 1509 2384 immediata
1529 2350 1570 2384 ad
1591 2351 1703 2385 Deum
1730 2350 1878 2388 Verbum
1914 2356 2060 2398 unione,

1183 2398 1216 2431 &
1239 2398 1414 2441 prm-uendi
1435 2399 1470 2432 in
1495 2409 1603 2434 tantas
1613 2401 1861 2445 animofitates,
1883 2413 1919 2439 ut
1930 2406 2058 2442 Piusse-

1183 2445 1308 2480 cundus
1331 2447 1489 2482 Pontifex
1511 2450 1592 2493 ipsas
1611 2452 1769 2486 censuerit
1791 2464 1847 2497 per
1869 2455 2055 2500 impositum

1182 2497 1309 2542 utrique
1332 2498 1413 2541 parti
1441 2499 1604 2534 silentium
1625 2503 1898 2545 compescendas„
1921 2506 1965 2541 Et
1989 2519 2054 2541 cer-

1181 2546 1212 2580 te
1233 2558 1323 2582 tanta
1346 2548 1497 2591 mysteria
1521 2551 1596 2584 sunt
1615 2550 1742 2586 silentio
1754 2551 1963 2590 honoranda.
1989 2556 2053 2591 Im·

1180 2595 1327 2630 mediatae
1349 2598 1483 2632 unionis
1501 2601 1665 2635 assertores
1686 2601 1839 2645 latriam,
1863 2605 1919 2639 alii
1940 2607 2052 2642 affere-

1179 2645 1257 2680 bant
1279 2646 1385 2681 solum
1407 2647 1593 2683 inferiorem
1619 2650 1745 2686 cultum
1779 2652 1885 2688 deberi
1909 2655 1979 2690 istis
2005 2659 2050 2692 sa·

1177 2697 1348 2730 crosanetis
1371 2697 1550 2740 Reliquiis.
1576 2699 1632 2734 An
1646 2699 1695 2734 hae
1708 2713 1750 2735 ex
1771 2701 1834 2737 isto
1845 2715 1920 2739 veto
1933 2706 2048 2751 &pro-

1177 2748 1266 2789 prio,
1293 2757 1334 2781 an
1354 2745 1416 2780 fint
1428 2758 1470 2780 ex
1487 2747 1556 2782 solo
1571 2751 1728 2795 sanguine
1743 2751 1947 2796 Berythenfis
1968 2757 2047 2791 ima·

1171 2797 1260 2840 ginis
1287 2820 1298 2836 ,
1321 2808 1385 2841 ego
1407 2796 1511 2831 nolim
1531 2796 1692 2843 disputare
1713 2813 1722 2833 ε
1757 2802 1922 2840 Existimo
1943 2806 2042 2843 etiam

1171 2845 1256 2881 hanc
1278 2846 1490 2890 quaestionem
1510 2848 1831 2887 filentio&fraterna
1841 2866 1920 2898 pace
1932 2856 2042 2891 colen·

1169 2896 1245 2930 dam
1257 2922 1264 2928 .
1290 2895 1538 2943 Qidquidfit,
1557 2899 1696 2937 sanstus
1705 2900 1902 2939 Athanasius
1913 2907 2038 2950 saugui-

1168 2957 1241 2980 nem
1256 2971 1268 2987 ,
1293 2947 1350 2990 qui
1374 2947 1524 2990 quotidie
1548 2949 1582 2983 in
1606 2951 1718 2985 nostro
1737 2953 1893 2988 sacrificio
1906 2956 2039 2989 confici·

1167 3007 1238 3037 tur,
1268 2995 1405 3030 credidit
1427 2997 1461 3030 &
1478 2997 1591 3034 docuit
1610 3001 1674 3034 effe
1696 2999 1818 3037 Christi
1832 3004 1973 3040 Domini
1986 3015 2041 3041 ve·

1166 3057 1237 3081 rum
1251 3070 1261 3086 ‚
1287 3046 1526 3083 substantialem
1540 3073 1551 3091 ,
1577 3050 1612 3085 &
1628 3053 1809 3098 proprium.

1910 3459 1931 3492 5
1931 3470 1982 3491 an·
