2352 3756
301 237 507 274 Tertulliani
525 235 650 280 objecta
662 235 735 271 loca
760 234 965 279 explicantur
976 231 1059 267 fuse.
1091 234 1194 271 1601.

351 292 383 325 &
399 290 460 332 seq.

301 339 507 376 Tertulliani
518 348 598 381 quot
610 336 704 382 poene
716 337 809 371 verba
822 362 834 378 ,
860 344 910 371 tot
922 334 1087 370 sententiae
1099 337 1173 370 sunt
1188 349 1195 368 ε

354 391 452 437 Qot
465 389 594 430 sensus,
621 398 672 423 tot
695 387 858 421 victoriae.
1068 386 1142 422 160.
1166 396 1196 420 2.

306 439 509 485 Tertulliani
525 437 672 473 adversus
686 438 780 471 usum
795 435 1076 481 indulgentiarum
1089 437 1195 471 crimi-

357 492 466 525 natio.
715 486 793 530 264.
811 497 841 522 1·
868 486 947 533 265.
967 498 996 522 1·
1026 486 1105 524 266.
1122 499 1150 523 1.
1165 499 1195 524 2-

305 540 506 576 Tertulliani
527 538 675 574 adversus
697 536 909 571 Marcionem
922 538 1028 571 versus
1041 537 1082 571 ab
1092 538 1196 572 erudi—

355 593 397 626 tis
409 592 484 626 viris
496 589 666 623 censentur
678 586 789 628 spurii.
1076 598 1153 635 159.
1165 600 1194 625 2.

302 642 517 677 Tertulliano
539 638 756 681 repraesentare
776 637 864 672 idem
887 638 932 672 est
953 638 1043 682 quod
1057 640 1193 682 praesens

352 691 523 728 exhibere.
1057 697 1132 736 159.
1163 700 1191 725 1.

301 741 533 776 Tertullianus
554 737 773 773 calumniatur
794 738 908 773 dicens
920 737 960 773 ad
973 739 1099 782 quasvis
1111 751 1192 773 mar·

353 803 463 834 tyrum
484 791 607 824 litteras
619 788 729 832 Lapfis
751 789 860 823 datam
883 801 995 832 pacem
1010 814 1017 821 .
1067 800 1145 836 271.
1163 801 1190 826 1.

301 842 533 876 Tertullianus
555 838 728 873 contendit
737 838 755 873 ὲ
769 840 994 883 peccatoribus
1005 849 1137 884 peccata
1148 850 1190 874 re·

353 893 439 927 mitti
454 903 519 924 non
532 890 634 933 posse.
1065 889 1144 938 267.
1157 898 1190 924 2.

301 941 532 978 Tertullianus
560 939 766 983 disciplinam
793 939 834 974 de
853 939 1061 975 absolutione
1084 942 1192 975 Sacra-

349 992 486 1027 mentali
509 991 611 1024 tribus
624 989 818 1025 criminibus
830 990 989 1035 denegata
1001 990 1087 1025 male
1100 1001 1191 1034 putat

349 1043 412 1077 esse
425 1041 660 1086 Evangelicam
672 1040 860 1075 &divinam
877 1040 978 1078 458.
992 1053 1021 1078 2.
1038 1041 1117 1085 Ejus
1129 1040 1191 1075 hac

349 1094 385 1127 in
412 1102 500 1136 parte
524 1090 727 1133 excoecatio;
755 1091 805 1126 vel
829 1091 1034 1135 splendidum
1061 1091 1191 1126 menda-

348 1145 453 1176 cium.
1110 1142 1189 1176 ibid.

299 1194 530 1228 Tertullianus
542 1192 582 1226 de
593 1191 722 1226 duobus
737 1191 911 1226 Ecclesiam
924 1194 1060 1227 accusat.
1072 1191 1188 1230 2682.

297 1244 528 1279 Tertullianus
551 1243 673 1286 primus
700 1241 983 1286 indulgentiarum
1016 1243 1189 1288 impugna-

347 1305 416 1329 tor.
445 1294 524 1336 262..
540 1304 566 1329 1.
594 1292 673 1336 Ejus
684 1301 794 1327 textus
805 1290 847 1326 de
859 1291 921 1327 hac
941 1293 1075 1328 materia
1096 1304 1188 1327 accu-

347 1344 414 1379 rate
425 1343 639 1388 expenditur.
940 1346 1059 1390 263.1.
1078 1344 1112 1378 ‹Sc
1124 1345 1185 1388 seq.

296 1394 508 1430 Theodoreti
529 1393 684 1437 Cyrensis
718 1392 875 1437 Episcopi
905 1392 947 1427 de
982 1393 1186 1429 Eucharistia

345 1446 506 1480 sententia
519 1470 526 1477 .
543 1447 621 1491 ¹89·
636 1455 664 1479 1.
676 1442 732 1477 An
745 1443 893 1478 docuerit
906 1443 1185 1488 impanationem.

349 1507 363 1533 1
393 1508 423 1533 2·
442 1505 469 1531 1·
485 1507 517 1532 2·

292 1506 531 1581 Thezdoricus
544 1543 765 1578 Verdunenfis
779 1543 959 1588 Episcopus
973 1569 983 1585 ,
996 1543 1184 1580 Monachos

343 1599 373 1631 S.
386 1595 562 1630 Michaelis
572 1605 695 1639 cogens
708 1593 748 1628 ad
760 1594 938 1629 stationem
949 1619 960 1635 ‚
986 1596 1182 1630 condemna·

342 1650 421 1681 tura
434 1646 599 1691 Gregorio
619 1644 694 1678 VH.
1085 1656 1139 1691 35.
1155 1656 1172 1678 1.

289 1697 517 1731 Theoduinus
539 1695 730 1730 Leodiensis
762 1695 945 1739 Episcopus
967 1696 1002 1729 in
1028 1696 1182 1730 extremis

342 1758 444 1792 agens
465 1747 482 1780 a
506 1745 655 1781 Simonia
679 1744 876 1779 absolvitur.
1079 1755 1180 1789 45.2.

290 1797 531 1841 Theophilasli
571 1796 613 1829 de
636 1792 840 1828 Eucharistia
862 1793 943 1828 fides
973 1792 1179 1828 orthodoxa.

342 1858 421 1884 202-
450 1858 481 1881 2·

290 1894 555 1941 Theophilastus
566 1893 647 1928 vixit
656 1892 714 1927 sub
724 1891 927 1926 pontificatu
942 1891 1092 1937 Gregorii
1105 1892 1180 1927 Vll.

343 1957 424 1984 202.
448 1958 479 1983 2.
510 1944 592 1979 Non
616 1943 678 1978 fuit
700 1944 826 1977 aversus
847 1941 864 1975 ὲ
889 1941 1034 1982 Latinis,
1062 1954 1122 1976 nec
1142 1942 1182 1975 ab

335 1996 488 2031 ineunda
501 1993 657 2030 cumillis
678 1992 874 2027 concordia.
898 1992 978 2026 Ibid.
1002 1992 1082 2026 Non
1101 1992 1181 2025 vixit

343 2048 402 2082 sub
413 2045 550 2083 Photii,
580 2043 634 2077 sed
646 2042 702 2076 sub
726 2040 902 2076 Michaelis
914 2042 1075 2076 Cerularii
1088 2040 1182 2075 schis-

343 2107 446 2133 mate.
1106 2090 1183 2125 ibid.

291 2143 595 2182 Thessalonicensis
618 2141 795 2184 Episcopus
818 2151 859 2173 an
887 2140 970 2175 olim
996 2141 1183 2185 spectaverit

346 2196 386 2231 ad
400 2192 679 2230 consecrationem
694 2192 910 2224 Romanam?
1066 2189 1142 2239 378.
1159 2201 1183 2225 1.

296 2243 594 2282 Theffalonicenfis
629 2241 808 2284 Episcopus
841 2241 986 2275 Romani
1011 2239 1185 2275 Pontificis

348 2298 520 2332 dumtaxat
533 2289 760 2327 patriarchalis
783 2291 954 2325 Vicarius.
1060 2289 1135 2339 384.
1159 2301 1185 2326 1.

299 2349 330 2384 S.
346 2347 492 2381 Thomae
511 2341 686 2387 Aquinatis
711 2342 745 2375 in
770 2340 948 2375 Ecclesiam
971 2340 1164 2376 beneficium
1178 2366 1185 2372 .

354 2409 424 2447 3.1.
447 2393 544 2442 58.2.
569 2390 734 2437 284.1.2.

300 2447 455 2482 Thomas
489 2443 740 2489 Argentinenfis
761 2440 896 2486 eligitur
930 2440 963 2475 in
990 2442 1186 2476 General'em

350 2499 416 2532 FF.
432 2493 740 2540 Augustinensium.
769 2500 848 2537 307.
863 2503 886 2527 2
920 2492 957 2524 In
981 2492 1050 2535 ejus
1062 2493 1189 2527 elestio·

352 2560 394 2583 ne
407 2548 517 2591 plenas
539 2545 572 2578 in
600 2542 723 2586 Jubilaei
740 2543 879 2576 formam
896 2541 1121 2587 indulgentias
1133 2543 1186 2577 do·

354 2599 444 2633 navit
456 2596 612 2630 Clemens
625 2592 685 2626 VI.
1110 2593 1187 2628 ibid.

302 2647 527 2684 Tornacenfis
551 2643 706 2688 Episcopi
729 2643 768 2678 lis
787 2654 862 2677 cum
877 2641 1103 2686 Ultrajestensi
1116 2644 1191 2688 Epi-

355 2702 455 2742 scopo
468 2721 479 2737 ,
505 2696 537 2729 &
549 2696 628 2728 cur?
1079 2694 1139 2742 46.
1163 2703 1192 2728 2.

304 2748 578 2784 Transactionum
589 2745 674 2778 inter
686 2743 928 2778 Ecclefiasticos
940 2743 1104 2779 modernae
1112 2743 1192 2788 quis-

381 2799 480 2833 uiliae.
1133 2820 1140 2828 .
1162 2807 1192 2832 2.

307 2813 648 2885 Trinssubstantiatio
659 2856 725 2879 vox
737 2843 781 2878 est
795 2844 983 2885 antiqua.21
993 2855 1054 2879 r.2.
1076 2806 1194 2880 {istaut

358 2900 413 2944 qui
428 2896 615 2932 existimant
627 2906 743 2929 vocem
755 2895 816 2928 esse
827 2895 992 2929 inductam
1001 2894 1042 2928 ab
1055 2897 1192 2930 Alexan-

360 2952 420 2984 dro
433 2947 529 2981 tertio
540 2971 547 2978 .
1112 2946 1191 2979 lbid.

311 2999 519 3043 Trophimus
541 2995 724 3038 Episcopus
745 2994 815 3037 post
838 2994 959 3039 lapsum
983 2994 1023 3030 ad
1050 3007 1193 3031 commu-

364 3051 500 3084 nionem
528 3045 644 3079 laicam
670 3043 874 3078 admittitur.
1076 3056 1194 3093 2951,

310 3103 344 3138 S.
365 3096 572 3142 Trophimus
594 3094 714 3142 primus
739 3093 979 3129 Arelatensium
998 3096 1194 3140 Episcopus.

363 3147 442 3197 378.
456 3160 486 3184 2·
499 3147 535 3180 ln
549 3145 693 3179 Galliam
706 3144 814 3178 missus
826 3144 843 3178 ὲ
855 3146 882 3178 8.
898 3145 995 3179 Petro
1009 3144 1102 3180 .ibid.
1115 3148 1194 3181 Non

362 3201 427 3234 fuit
440 3195 718 3239 Metropolitanus
733 3218 741 3226 .
766 3202 844 3240 379.
863 3206 891 3231 Ι.
917 3197 990 3229 Nec
1002 3196 1125 3239 accepit
1138 3198 1155 3230 ἐι
1166 3199 1195 3232 S.

363 3249 462 3282 Petro
474 3245 623 3291 generale
637 3243 842 3288 privilegium
865 3244 1110 3290 Episcopalium
1122 3259 1196 3281 con·

366 3297 596 3330 secrationum.
1120 3297 1196 3330 ibid.

314 3350 351 3384 S.
366 3346 537 3380 'Trudonis
557 3344 702 3379 Abbatia
723 3344 890 3391 quondam
902 3346 1088 3391 dependens
1099 3347 1117 3380 a
1127 3347 1197 3380 Me-

366 3395 446 3431 tensi
460 3395 655 3439 Episcopatu
669 3420 676 3427 .
1076 3405 1153 3444 339.
1165 3407 1188 3431 2

963 150 1507 205 INDEX„

1683 239 1719 275 V

1365 338 1546 375 Alentinus
1568 340 1703 385 Abbas‚
1733 342 1791 377 sub
1804 351 1878 388 *quo
1898 345 2093 386 fuitfamosa
2104 351 2146 386 de

1390 390 1571 435 Augustini
1583 394 1667 427 circa
1682 394 1821 438 gratiam
1833 397 1990 440 dogmate
2007 400 2147 444 disputa-

1307 441 1376 481 tio,
1404 441 1575 486 Hispanus
1596 444 1660 478 fuit
1682 469 1692 484 ,
1718 452 1776 478 aut
1802 446 1923 489 Italus;
1950 459 2018 483 non
2044 451 2145 485 Afer.

1310 498 1385 535 131.
1416 501 1443 526 1.

1258 540 1345 575 Vasa
1360 543 1446 576 sacra
1459 553 1527 576 non
1541 545 1660 578 suntin
1676 541 1798 590 pignus
1807 547 1914 583 danda
1925 550 2146 596 negotiatori,

1310 592 1357 624 vel
1382 592 1564 628 tabernario
1581 620 1587 626 .
1618 604 1692 640 125.
1709 608 1737 632 1.
1750 610 1783 635 2.
1804 599 1938 635 Debent
1952 601 2119 646 confringi
2134 626 2146 641 ‚

1307 642 1494 686 priusquam
1512 644 1552 678 ab
1577 646 1719 680 Ecclesia
1742 649 1978 685 distrahantur.
2009 661 2085 696 123-
2111 663 2140 687 1-

1308 692 1432 736 Excipe
1453 703 1562 728 tamen
1576 719 1585 735 ‚
1613 697 1634 729 fi
1658 697 1748 731 alteri
1770 700 1919 735 Ecclesiae
1941 700 2141 735 vendantur.

1305 740 1382 797 μό.
1407 756 1436 780 2·
1465 743 1579 778 Vendi
1602 746 1701 780 etiam
1713 751 1842 791 possunt
1866 761 1996 795 propter
2018 761 2142 785 certam

1304 793 1401 846 {psius
1439 794 1587 829 Ecclefiae
1620 797 1796 833 utilitatem
1822 825 1829 832 .
1870 804 1944 836 126.
1980 813 2009 838 1·
2036 800 2141 849 Qod

1305 843 1411 927 ιξΐὲιηι
1432 844 1510 878 sacri
1535 845 1613 880 belli
1646 850 1741 883 causa
1774 851 1970 893 quandoque
2004 851 2141 886 fastum.

1304 903 1314 924 i
1342 905 1348 925 ι
1378 918 1387 925 .

1255 940 1418 977 Vasorum
1437 943 1734 982 Ecclesiasticorum
1747 951 1953 986 consecratio
1965 950 2144 995 antiquiffi-

1304 1003 1373 1028 ma.
2013 1012 2055 1038 12
2082 1026 2089 1032 -
2111 1009 2141 1034 2.

1255 1041 1438 1078 veneticus
1461 1044 1610 1088 peffimus
1632 1045 1828 1082 Henriciani
1857 1050 2037 1086 schismatis
2058 1012 2143 1084 5Fau-

1303 1102 1373 1128 tor.
2012 1111 2091 1148 340.
2112 1112 2140 1136 1.

1255 1142 1411 1179 Venialia
1426 1155 1557 1189 pecata
1571 1145 1763 1190 Augustino
1773 1146 1926 1183 dicuntur
1938 1148 1992 1182 illa
2003 1150 2142 1192 ,quibus

1302 1194 1440 1238 publicae
1464 1195 1665 1240 poenitentiae
1691 1197 1869 1234 vindffiam
1899 1210 1969 1234 non
2000 1198 2143 1242 imponit

1305 1245 1448 1280 Ecclesia
1460 1270 1467 1278 .
2043 1246 2098 1294 83.
2109 1260 2141 1284 2.

1254 1293 1413 1331 Vilitator
1433 1296 1616 1342 Episcopus
1640 1308 1812 1334 vacantem
1833 1299 2062 1344 Episcopalem
2082 1298 2145 1332 Ca-

1302 1345 1449 1381 thedram
1465 1347 1548 1381 olim
1560 1348 1712 1393 regebat.
1739 1348 1821 1385 216.
1839 1359 1866 1384 1.
1893 1350 1926 1384 &
1940 1351 2002 1392 seq.
2029 1349 2142 1395 Qan-

1303 1396 1413 1440 doque
1425 1408 1559 1432 vocatur
1578 1399 1801 1440 interventor,
1828 1400 2038 1434 Intercessor.
2063 1398 2140 1433 ibid.

1302 1447 1384 1481 Item
1397 1447 1536 1482 viduatae
1548 1448 1697 1483 Ecclefiae
1713 1450 1913 1485 Consolator
1924 1475 1935 1491 ,
1960 1449 2142 1484 Commen-

1300 1495 1393 1531 dator
1405 1521 1413 1530 .
1435 1500 1514 1534 216.
1526 1511 1556 1535 2.
1579 1498 1660 1533 Non
1673 1509 1798 1544 poterat
1812 1500 2011 1535 Cathedram
2025 1509 2141 1534 vacan-

1302 1557 1369 1582 tem
1383 1549 1536 1582 retinere.
1563 1553 1642 1586 216.
1655 1560 1675 1582 1.
1699 1562 1777 1599 223.
1797 1561 1822 1586 r.
1849 1551 1930 1585 Non
1951 1550 2066 1585 debuit
2086 1560 2140 1584 ne-

1301 1599 1435 1632 cessario
1456 1599 1519 1633 esse
1541 1599 1740 1643 Episcopus,
1769 1601 1822 1634 sed
1845 1601 1953 1644 potuit
1974 1602 2036 1635 esse
2049 1599 2141 1633 Pres-

1301 1648 1397 1691 byter
1417 1648 1502 1692 apud
1523 1648 1624 1684 Afros
1642 1662 1651 1691 ;
1681 1650 1801 1693 quibus
1833 1663 1905 1685 mos
1931 1651 1987 1684 ille
2009 1651 2137 1683 videtur

1299 1698 1391 1732 fuisse
1401 1699 1582 1742 singularis.
1607 1710 1687 1745 217.
1704 1709 1730 1733 1.
1750 1701 1789 1733 ln
1804 1699 1928 1743 Anglia
1942 1699 2062 1732 solebat
2074 1699 2138 1732 esso

1300 1747 1503 1790 Episcopus.
1530 1745 1608 1783 218.
1635 1761 1657 1781 1.
1684 1747 1767 1781 Item
1794 1748 1827 1780 in
1858 1748 1987 1782 Gallia.
2013 1748 2137 1784 218·2-

1300 1795 1566 1838 Nonnumquam
1587 1806 1697 1829 tamen
1720 1795 1983 1842 Cher-Episcopi
2008 1797 2050 1832 ad
2074 1797 2139 1832 hoc

1299 1854 1419 1877 munus
1442 1844 1606 1888 deputati.
1628 1857 1755 1893 219.1.
1784 1847 1945 1882 Vifitator
1959 1847 2138 1892 Episcopus

1300 1894 1333 1927 in
1347 1894 1431 1928 solos
1443 1894 1649 1929 pontificalis
1659 1896 1782 1931 ordinis
1802 1899 1890 1932 aetus
1902 1897 2043 1932 habebat
2055 1898 2140 1931 vica-

1297 1944 1377 1976 riam
1391 1944 1760 1985 authoritatem3nullarn
1770 1947 1802 1979 in
1814 1948 2140 1989 facultatesEcclelie,

1299 2003 1354 2026 aut
1367 1993 1446 2025 alias
1457 1994 1526 2035 ejus
1542 1994 1732 2027 functiones.
1746 2005 1858 2030 220.1.
1885 1996 1967 2028 Non
1981 1997 2088 2038 potuit
2102 1998 2138 2030 in

1297 2041 1439 2076 Ecclesia
1453 2042 1509 2076 fibi
1523 2042 1754 2077 commendata
1769 2043 1916 2078 Clericos
1929 2045 2137 2080 ordinate-ib.

1300 2092 1563 2136 Nonnumquam
1579 2103 1685 2126 tamen
1699 2093 1731 2127 id
1746 2095 1950 2128 concessum.
1974 2094 2056 2130 Ibid.
2079 2096 2140 2130 Sui

1299 2142 1419 2176 laboris
1445 2141 1558 2176 habuit
1580 2153 1729 2177 taxatum
1750 2144 1948 2187 stipendium
1963 2170 1970 2177 .
1999 2155 2079 2191 223.
2108 2158 2136 2182 1.

1298 2192 1378 2227 Dari
1395 2192 1508 2226 solitus
1517 2193 1615 2226 etiam
1629 2193 1811 2237 Episcopali
1825 2193 1905 2229 Sede
1921 2206 1988 2230 non
2003 2196 2151 2231 vacante'

1298 2242 1400 2276 tribus
1410 2242 1533 2276 casibus
1547 2267 1554 2273 .
1584 2254 1610 2278 1.
1627 2242 1791 2287 Episcopo
1802 2244 1842 2278 ab
1852 2244 1964 2279 officio
1977 2247 2136 2289 suspenso.

1299 2305 1328 2330 2·
1348 2292 1493 2338 Quando
1517 2303 1570 2335 per
1589 2293 1752 2336 synodum
1778 2293 1971 2338 degradatus
1991 2295 2136 2330 Romam

1302 2343 1459 2386 appellat.
1475 2353 1503 2390 3.
1517 2342 1664 2390 Qndo
1679 2342 1831 2388 Episcopi
1844 2344 1944 2388 longa
1957 2344 1990 2378 id
2004 2346 2138 2387 requirit

1303 2394 1495 2432 infirmitas.
2000 2407 2078 2442 225.
2105 2407 2139 2432 2.

1254 2443 1448 2478 Vifitatores
1468 2444 1485 2477 a
1507 2444 1767 2488 Metropolitana
1788 2445 1863 2480 sede
1875 2444 2063 2490 dirigendos
2074 2447 2139 2479 effe

1303 2494 1438 2538 antiqua
1450 2493 1493 2527 est
1507 2494 1614 2538 regula
1629 2519 1635 2526 .
1650 2506 1727 2540 224.
1744 2507 1776 2531 1.
1796 2497 1924 2540 Excipe
1935 2506 2042 2531 tamen
2055 2495 2141 2529 Visi-

1301 2554 1421 2578 tatores
1442 2554 1551 2577 natos.
1577 2543 1655 2578 lbid.
1683 2545 1874 2580 Visitatores
1897 2547 1962 2580 nati
1977 2546 2138 2580 Romanae

1302 2594 1452 2629 Ecclefiae
1465 2596 1586 2637 septem
1604 2594 1797 2629 Cardinales
1809 2596 1961 2639 Episcopi
1978 2622 1984 2628 .
2014 2595 2092 2633 226.
2109 2606 2136 2629 1.

1302 2644 1384 2679 Non
1407 2644 1555 2684 constat,
1580 2655 1622 2678 an
1645 2643 1713 2679 haec
1724 2645 1947 2681 Cardinalium
1961 2646 2139 2688 Episcopo-

1302 2707 1373 2729 rum
1388 2694 1527 2738 potestas
1538 2694 1571 2727 fit
1584 2694 1666 2729 adeo
1677 2695 1811 2739 antiqua
1824 2719 1832 2728 .
1847 2696 1925 2730 ibid.
1939 2708 1969 2732 2·
1985 2696 2143 2728 Vifitato-

1302 2756 1351 2780 res
1371 2745 1530 2780 desierunt
1556 2745 1597 2779 ad
1623 2745 1736 2790 Regiae
1755 2746 1993 2780 nominationis
2020 2746 2141 2789 ingres·
2190 2764 2197 2769 -

1303 2797 1372 2830 sum
1385 2821 1393 2830 .
2061 2795 2136 2829 ibid.

1255 2844 1440 2880 Vifitatoris
1453 2845 1616 2880 ordinaria
1628 2846 1788 2889 potestas,
1815 2845 1922 2891 prim&
1934 2845 2062 2890 sepelire
2084 2845 2140 2879 de-

1304 2898 1450 2931 functum
1471 2896 1666 2940 Episcopum
1688 2922 1695 2930 .
1722 2897 1882 2932 Secundov
1905 2894 2138 2930 Ecclesiastica-

1303 2958 1377 2981 cum
1391 2956 1495 2980 rerum
1507 2945 1726 2981 Inventarium
1745 2948 1903 2981 conficere
1914 2971 1921 2977 .
1951 2944 2072 2980 Tetti&
2083 2947 2139 2981 da-

1304 3008 1336 3030 re
1346 3007 1541 3031 oeconomos
1554 3020 1565 3036 ‚
1593 2998 1645 3030 seu
1667 2998 1814 3031 custodes
1827 3006 1931 3029 rerum
1943 2995 1976 3028 in
1990 2994 2140 3031 Inventa-

1304 3048 1354 3081 rio
1370 3047 1599 3090 descriptarum
1612 3071 1619 3078 .
1645 3045 1770 3091 Qrto
1782 3046 1959 3079 Ecclesiam
1974 3045 2139 3080 viduatam

1306 3097 1429 3130 visitare
1440 3121 1447 3127 .
1475 3096 1608 3142 Qinto
1620 3095 1770 3130 electioni
1782 3096 1861 3130 novi
1874 3095 2026 3138 Episcopi
2040 3097 2142 3139 super.

1308 3147 1496 3186 intendere,
1522 3157 1563 3178 ne
1583 3146 1655 3189 quis
1674 3157 1787 3180 contra
1806 3147 1960 3180 Canones
1979 3146 2142 3191 eligatur,

1307 3198 1373 3231 &c.
1391 3208 1509 3233 zze-2·
1539 3195 1723 3229 Vilitatoris
1742 3196 1922 3239 designatio
1946 3196 2035 3239 supra
2050 3198 2142 3239 quas-

1307 3248 1383 3280 dam
1396 3245 1596 3288 Metropoles
1609 3247 1720 3279 sans&
1728 3246 1804 3280 Sedi
1815 3247 1967 3279 reservata
1982 3270 1989 3277 .
2014 3256 2093 3293 225.
2111 3257 2140 3281 1.

1261 3296 1428 3330 Vifitatori
1447 3295 1539 3339 cujus
1559 3297 1730 3330 auctoritas
1753 3296 1851 3330 fuerit
1864 3295 2033 3330 necessaria
2042 3297 2083 3330 ad
2094 3308 2144 3330 or-

1310 3347 1474 3380 dinandos
1485 3346 1631 3379 Clericos
1644 3346 1660 3378 ?
2015 3352 2092 3381 220.
2110 3358 2140 3382 2..

1263 3396 1501 3438 Ultrajectense
1514 3395 1772 3429 conciliabulum
1788 3420 1795 3427 .
2007 3404 2086 3438 312.
2114 3408 2144 3432 1.

1238 3486 1240 3489 .
1262 3445 1507 3490 Ultrajectensis
1530 3445 1682 3489 Episcopi
1706 3446 1744 3479 lis
1758 3456 1834 3481 cum
1859 3446 2060 3479 Tornacensi
2073 3445 2149 3490 Epi-

1983 3495 2100 3538 scopo:
