2352 3756
599 91 668 126 Ac
703 73 1739 126 SATISFACT10NUMINDULGEN'TIIS.

273 170 416 206 nendum
427 168 472 203 est
483 193 494 209 ,
521 176 619 209 ,atque
629 164 864 208 exponendum
879 189 885 195 .
913 163 984 197 Nec
997 162 1147 198 enims&

269 233 314 256 ret
325 220 471 254 scabrosis
485 215 733 252 difficultatibus
745 239 752 246 .
783 215 834 247 En
847 213 914 256 ejus
924 222 1053 248 textum
1072 224 1081 246 ι
1107 213 1146 245 At

268 273 375 312 rujam
386 271 418 303 Θ
430 276 462 302 in
473 273 618 306 Martyres
628 278 693 301 tuos
707 263 837 306 effundis
860 264 937 298 banc
951 263 1124 305 potestatem
1134 285 1145 302 ,

268 330 301 354 ut
308 318 440 364 ,quisque
451 331 489 353 ex
499 316 674 361 eonsenfione
683 316 806 349 vincula
816 318 914 348 induit
921 312 1017 346 adbuc
1027 313 1126 346 mollia
1135 334 1146 351 ‚

260 374 300 403 rin
311 383 387 404 novo
406 369 544 410 custodiae
571 370 688 400 nomine
699 390 711 406 ,
734 364 840 405 statim
860 363 999 396 ambiant
1024 361 1125 397 moecbi
1134 386 1145 403 ,

263 420 364 461 statim
373 421 487 453 adeant
489 418 689 460 fornicatores
700 439 708 447 .
731 419 798 447 Iam
804 422 909 455 preces
922 411 1146 455 circumsonant,

259 471 331 511 jam
340 470 494 508 lachrymae
503 467 746 511 circumstagnant
756 465 897 496 maculati
909 461 998 504 cujus
991 474 1046 504 que
1059 486 1066 494 .
1080 466 1146 495 Nec

265 521 319 553 ulli
333 527 432 563 magis
444 520 565 551 aditum
581 521 706 550 carceris
717 513 869 547 redimunt
882 537 892 552 ‚
921 514 1012 555 quam
1024 518 1074 555 qui
1088 516 1148 544 Ec·

266 569 355 611 elefiae
360 569 561 611 perdiderunt
576 592 583 599 .
595 567 751 600 Violantur
763 565 824 598 ‘biri
836 562 1013 606 &foeminae
1023 564 1147 597 in‘tene-

266 619 330 651 bris
341 643 352 659 ,
377 619 467 660 plane
476 629 514 651 ex
525 615 577 660 ufic
587 616 749 649 libidinum
758 619 837 647 notis
848 637 860 653 ,
886 615 921 646 6·
927 621 1032 654 pacem
1041 611 1079 644 ab
1097 611 1146 644 bis

266 677 407 710 quaerunt
418 692 429 708 ,
453 673 506 710 qui
519 665 618 708 desua
625 666 838 708 periclitantur
851 688 860 695 .
888 664 947 695 Alii
959 663 1004 694 aed
1025 662 1147 695 metalla

267 718 444 763 confugiunt
455 743 468 759 ,
491 719 527 753 Θ
534 717 605 749 inde
614 719 866 749 communicatores
875 714 1066 746 revertuntur
1077 736 1088 751 ‚
1098 710 1148 744 ubi

260 769 331 808 jam
341 769 428 801 aliud
435 771 607 806 martyrium
617 766 804 807 necessarium
817 762 855 802 ιβ
869 761 989 796 aelidis
994 760 1058 803 post
1070 773 1149 793 mar-

267 823 371 854 tyrium
382 821 471 848 novis
481 839 488 846 .
507 817 588 857 ‚Quis
599 819 680 846 enim
691 819 723 846 in
731 818 822 845 terris
838 812 872 846 Θ·
883 818 917 843 in
926 821 1015 845 carne
1018 809 1078 852 fine
1089 812 1148 844 cui-

264 874 308 908 pa
321 867 334 900 ?
359 867 440 908 ,Quis
453 867 568 903 Martyr
577 859 679 905 saeculi
701 863 798 894 incola
807 884 818 900 ‚
843 862 977 894 denariis
996 859 1124 903 supplex
1139 885 1150 902 ,

268 917 398 949 mendico
408 914 548 947 obnoxius
563 935 574 951 ‚
582 911 837 955 autfoeneratori?
851 912 932 944 Puta
940 922 1017 944 nunc
1022 909 1078 953 sub
1086 913 1150 955 gia·

268 969 318 998 dio
321 968 392 1005 jam
403 970 497 1006 capite
506 962 615 998 librato
627 987 638 1002 ,
660 970 739 1003 puta
750 967 781 993 in
785 961 922 1002 patibulo
938 963 1011 1001 jam
1036 970 1151 1003 corporo

268 1013 399 1057 expanso
411 1038 423 1055 ‚
447 1022 525 1056 puta
537 1019 570 1046 in
573 1012 679 1053 stipite
685 1014 756 1052 jam
765 1012 845 1045 leone
855 1012 973 1054 concesso
984 1035 995 1051 ,
1014 1019 1096 1053 puta
1118 1017 1151 1044 in

267 1065 546 1105 axejamincendio
560 1062 705 1103 adstructo
716 1085 727 1101 ‚
755 1066 787 1093 in
798 1060 864 1104 ipsa
875 1063 938 1094 dico
946 1060 1106 1103 securitate
1116 1063 1149 1095 Θ

265 1113 420 1157 peffeffione
428 1117 566 1152 Martyrii
578 1136 589 1152 ,
614 1117 683 1154 quis
705 1116 859 1153 permittit
882 1109 994 1144 bomini
1016 1112 1126 1143 donare
1140 1134 1150 1150 ,

269 1176 336 1207 quae
350 1168 411 1197 Deo
421 1162 605 1206 reservanda
611 1161 686 1204 sunt
698 1163 711 1196 ?
736 1165 760 1193 A
777 1171 832 1202 quo
842 1172 878 1194 ea
882 1157 942 1200 fine
966 1158 1151 1202 excusatione

270 1218 419 1247 damnata
424 1210 497 1256 suut
507 1234 518 1253 ,
539 1224 610 1255 quae
626 1223 676 1244 nec
690 1210 810 1252 Apostoli
822 1234 833 1250 ‚
859 1211 938 1253 quod
941 1207 1032 1250 sciam
1047 1235 1056 1248 ‚
1069 1213 1150 1242 Mar·

268 1276 343 1303 tyres
356 1265 390 1297 ὡ·
400 1262 455 1305 ipfi
461 1285 472 1301 ‚
482 1259 854 1302 donabiliajudicaverune
863 1285 870 1292 .
891 1263 1022 1302 Denique
1027 1262 1099 1300 jam
1110 1260 1152 1292 ad

268 1314 373 1354 bestias
386 1314 611 1356 depugnaverat
627 1312 738 1345 Paulus
750 1308 862 1351 Ephesi
871 1334 881 1349 ,
907 1311 972 1342 cum
998 1314 1149 1342 interitum

268 1365 396 1396 decernit
405 1361 520 1401 incesto
531 1385 538 1393 .
557 1362 686 1402 Sufficiat
699 1364 822 1397 Martyri
827 1365 952 1400 propria
963 1359 1070 1392 delicia
1080 1366 1150 1401 pur-

265 1413 343 1458 gaffe
355 1437 362 1444 .
390 1413 507 1455 Ingrati
520 1413 572 1444 vel
576 1409 698 1452 superbi
710 1409 747 1448 ιβ
757 1415 790 1441 in
798 1410 872 1442 alios
881 1420 991 1452 quoque
1002 1407 1149 1453 spargere,

268 1464 352 1505 quod
356 1470 412 1503 pro
425 1471 530 1504 magno
534 1460 635 1501 fuerit
649 1458 813 1501 consecutus
826 1483 833 1492 .
846 1461 928 1502 ,Quis
938 1460 1068 1491 alienam
1080 1470 1151 1491 mor-

267 1508 488 1553 temsuasolvit
503 1533 514 1550 ‚
527 1507 663 1552 nifisolus
676 1512 733 1543 Dei
745 1511 870 1545 Filius?
895 1512 983 1542 Nam
993 1510 1027 1542 (5
1037 1514 1070 1541 in
1088 1506 1151 1551 ipsa

265 1562 391 1603 paffione
405 1558 546 1592 liberavit
559 1559 720 1592 latronem.
751 1560 800 1591 Ad
809 1558 860 1592 boc
872 1565 951 1592 enim
962 1567 1088 1593 venerat
1097 1582 1109 1599 ‚
1118 1567 1151 1592 ut

269 1609 331 1653 ipse
345 1609 475 1643 atienae
482 1617 578 1651 purus
589 1632 600 1648 ,
613 1609 647 1642 (ν’
658 1614 759 1640 omnia
768 1607 891 1650 sanequs
901 1631 911 1647 ,
931 1617 988 1650 pro
995 1613 1151 1649 peccatori-

269 1660 325 1694 bus
336 1659 425 1693 obiret
440 1684 447 1691 .
477 1658 607 1691 Proinde*
616 1663 667 1700 qui
680 1658 761 1691 illum
770 1659 921 1689 aemuiaris
934 1659 1070 1689 donando
1081 1658 1149 1690 deli-

271 1710 320 1742 iia
329 1734 340 1749 ,
359 1709 388 1751 fi
396 1708 476 1742 nibil
485 1706 546 1751 ipse
559 1708 706 1749 deliquisti
718 1733 729 1749 ‚
750 1709 844 1748 plane
851 1716 956 1748 patere
962 1715 1021 1748 pro
1028 1718 1073 1749 rne
1086 1719 1093 1738 ε
1120 1709 1151 1740 5i

268 1761 347 1793 vero
356 1766 490 1800 peccator
499 1768 530 1791 es
545 1782 556 1798 ,
583 1758 721 1799 quomodo
735 1757 826 1790 oleum
830 1756 943 1796 faculae
956 1755 1151 1799 tuaesufficere

269 1811 304 1842 Θ
315 1809 372 1842 tibi
380 1810 414 1842 o·
424 1807 498 1841 mihi
505 1813 614 1848 poterit
626 1808 639 1840 2
666 1807 766 1841 Habeo
777 1812 869 1840 etiam
881 1818 957 1839 nunc
967 1818 1022 1848 quo
1032 1806 1151 1848 probem

268 1856 415 1897 Christum
422 1882 429 1889 .
444 1859 475 1890 Sl
480 1858 636 1899 propterea?
645 1855 780 1897 cbristus
792 1862 823 1888 in
834 1859 961 1894 Martyre
970 1855 1008 1895 ιβ
1017 1880 1027 1895 ,
1038 1865 1071 1889 ut
1085 1867 1151 1890 moe·

265 1908 335 1941 chos
346 1906 583 1948 &fornicatores
605 1909 718 1945 Marm
742 1904 878 1949 absolvat
887 1930 898 1946 ‚
926 1906 1034 1939 occulta
1055 1908 1148 1939 cordis

266 1959 365 1998 edicat
380 1981 391 1996 ‚
414 1964 446 1989 ut
458 1962 503 1990 ita
513 1956 622 1989 dehita
633 1957 794 1997 concedat,
820 1957 855 1989 (9⁹
866 1955 998 1995 cbristus
1021 1955 1074 1996 est.
1103 1958 1150 1989 sic

267 2015 345 2042 enim
356 2011 499 2041 Dominus
510 2005 785 2049 JESUs-chrsstus
792 2005 961 2046 potestatem
967 2004 993 2048 s
986 2017 1056 2038 uam
1063 2005 1099 2045 ost
1102 2018 1150 2037 en·

267 2060 314 2091 dit
325 2070 332 2089 :
345 2057 436 2100 ,Quid
448 2061 583 2099 cogitatis
596 2066 721 2097 nequam
731 2061 763 2087 in
774 2054 908 2087 cordibus
920 2054 1026 2094 vestris
1039 2056 1051 2087 ,2
1063 2057 1151 2097 ,Quid

267 2114 349 2140 enim
350 2107 477 2148 facilius
487 2104 525 2146 est
536 2129 547 2145 ,
577 2106 669 2138 dicere
675 2104 836 2145 paralytico
845 2128 856 2144 ‚
876 2109 1079 2137 Dimittuntur
1092 2105 1147 2136 tibi

264 2166 390 2199 peccata
402 2180 413 2196 ,
437 2167 479 2188 an
491 2179 502 2195 ,
524 2156 655 2199 Surge&
666 2154 785 2186 ambula
793 2153 810 2184 ,2
830 2157 922 2197 Igitw
935 2163 967 2186 ut
972 2151 1081 2195 sciatis
1094 2157 1145 2186 Fi-

267 2209 340 2240 lium
350 2205 476 2238 bominis
488 2203 594 2237 babere
603 2205 846 2237 dimittendorum
849 2211 1035 2244 peccatorum
1045 2210 1079 2236 in
1090 2213 1146 2237 ter-

266 2263 311 2290 ris
320 2254 491 2299 potestatem
502 2277 513 2293 ‚
538 2253 593 2286 tibi
604 2255 667 2286 dico
677 2277 688 2293 ,
709 2254 865 2294 paralytice
877 2278 886 2293 ‚
898 2251 926 2295 s
919 2264 987 2296 urge
998 2255 1032 2287 ὢ·
1043 2253 1142 2286 ambu-

267 2309 300 2340 la
309 2331 317 2338 .
342 2309 376 2339 Si
385 2309 530 2338 Dominus
543 2303 660 2336 tantum
671 2304 706 2335 de
717 2303 869 2344 potestatis
889 2301 914 2344 s
907 2314 953 2336 uae
973 2302 1142 2344 probatione

267 2361 388 2389 curavit
399 2378 411 2395 ,
435 2359 480 2387 uti
492 2354 658 2386 traduceret
669 2359 811 2397 cogitatus
822 2377 832 2392 ,
854 2355 887 2387 et
911 2361 958 2385 ita
981 2359 1141 2394 imperaret

266 2405 428 2450 sanitatem
439 2428 450 2444 ‚
476 2414 512 2436 ne
530 2401 587 2436 non
596 2404 759 2436 crederetur
767 2404 843 2446 poffe
850 2403 956 2436 delicqa
966 2404 1115 2437 dimittere
1130 2428 1140 2444 ,

270 2455 403 2489 nonlicet
414 2452 488 2486 mibi
498 2454 623 2486 eandem
628 2453 800 2494 potestatem
810 2459 843 2486 in
856 2454 955 2494 aliquo
958 2451 1020 2493 fine
1030 2452 1140 2495 eisdem

265 2503 488 2549 probationibus
500 2504 613 2536 credere
624 2526 631 2535 .
643 2503 719 2535 Cum
729 2513 830 2537 tamen
842 2502 959 2536 moecbis
970 2503 1140 2543 &fornica-

269 2555 381 2590 toribus
392 2556 412 2587 ᾶ
424 2557 554 2591 Martyre
564 2551 725 2593 expostulas
748 2559 869 2585 veniam
877 2576 888 2592 ,
913 2551 975 2594 ipse
998 2553 1139 2594 confiteris

268 2604 410 2648 ejusmodi
420 2608 544 2636 crimina
554 2601 667 2642 nonnist
668 2608 791 2643 proprio
812 2606 954 2641 Martyria
977 2603 1116 2636 diluenda
1129 2628 1139 2644 ,

269 2662 322 2699 qui
328 2652 489 2697 praesumis
501 2652 612 2685 alieno.
645 2649 769 2694 Quodsi
775 2658 820 2684 ita
829 2651 866 2690 est
876 2674 887 2690 ‚
903 2653 975 2691 jam
985 2653 1018 2685 (5*
1031 2656 1140 2694 Marty-

267 2713 345 2740 rium
351 2704 434 2737 aliud
444 2708 500 2736 erit
512 2697 686 2744 Baptisma.
713 2701 808 2734 Habeo
834 2707 913 2733 enim
924 2725 934 2740 ,
960 2705 1059 2743 inquit
1069 2726 1079 2741 ‚
1105 2706 1139 2738 &-

266 2756 355 2788 aliud
367 2752 525 2796 Baptisma
535 2777 542 2784 .
561 2752 644 2785 Unde
656 2753 690 2785 (tt
701 2762 739 2784 ex
751 2752 872 2784 vulnere
883 2752 985 2784 lateris
996 2753 1139 2786 Dominici

266 2817 347 2847 aqua
359 2802 522 2847 &sanguis
534 2827 544 2842 ‚
570 2799 717 2843 utriusque
727 2802 844 2834 lavacri
851 2809 1002 2842 paratura
1014 2825 1024 2841 ‚
1035 2813 1139 2836 mana-

267 2861 333 2888 vit.
364 2854 458 2887 Debeo
468 2865 533 2897 ergo
543 2853 577 2886 (9⁶
583 2857 680 2893 primo
691 2853 811 2885 lavacro
829 2852 921 2883 alium
946 2852 1071 2885 liberare
1086 2875 1096 2891 ,
1113 2852 1144 2895 fi

262 2903 372 2946 possum
382 2902 507 2946 secundo
517 2927 524 2934 .
550 2906 686 2945 Ingeram
695 2900 823 2944 usquein
831 2900 928 2941 finum
956 2903 1057 2943 neceffe
1079 2901 1115 2942 est
1126 2917 1137 2936 .-

267 2955 462 2996 ,Quaecumque
471 2952 638 2986 authoritas
649 2976 660 2992 ‚
682 2962 870 2993 quacumque
880 2957 958 2983 ratio
979 2951 1086 2984 moecho
1104 2954 1138 2986 (¹5

260 3002 435 3044 fornicatori
439 3010 544 3043 pacem
551 3000 882 3043 Ecclefiasticameddit
894 3026 903 3040 ,
916 3001 1016 3033 eadem
1026 3002 1137 3036 debebit

267 3055 301 3086 θ
325 3051 475 3084 homicidae
496 3052 529 3085 <5
550 3052 713 3084 idololatra·
731 3050 939 3093 poenitentibus
957 3049 1118 3091 subvenite
1129 3078 1136 3085 .

266 3104 356 3135 Certe
368 3107 516 3144 negatori,
543 3102 577 3134 Θ
586 3106 686 3142 utique
696 3101 740 3134 illi
751 3127 761 3141 ,
788 3112 872 3144 quem
884 3107 916 3132 in
921 3102 1024 3142 proelio
1034 3101 1138 3145 confesl

259 3151 350 3194 fionts
362 3156 514 3184 tormentis
524 3150 706 3183 colludatum
715 3149 842 3192 saevitia
854 3152 975 3191 dejecit.
991 3153 1139 3185 caemum

264 3203 420 3244 indignum
432 3205 492 3233 Deo
505 3226 514 3240 ,
540 3202 574 3233 ὑ
595 3200 674 3232 illius
696 3199 892 3243 misericordia
905 3225 915 3239 ,
942 3206 992 3242 qui
998 3201 1138 3241 poem'ten·

260 3258 338 3285 tiam
347 3257 507 3294 peccatoris
518 3255 606 3282 morti
615 3257 775 3289 praevertit
785 3275 795 3289 ,
823 3261 856 3283 ut
863 3250 986 3291 facilius
999 3257 1031 3283 in
1042 3254 1138 3285 Eccle-

257 3301 331 3344 fiam
342 3303 466 3336 redeant
475 3326 485 3341 ,
498 3305 548 3343 qui
556 3297 689 3342 subando
699 3323 710 3339 ,
721 3303 812 3341 quam
826 3306 877 3342 qui
890 3302 1058 3334 dimicando
1069 3309 1137 3335 ceci-

262 3353 367 3386 derunt
382 3377 391 3386 .
419 3356 507 3394 Urget
520 3361 573 3383 nos
595 3349 692 3383 dicere
713 3351 875 3394 indignitas¹
889 3374 895 3381 .
925 3354 1138 3385 Contaminata

1914 86 2007 137 263

1205 159 1305 201 potius
1315 166 1434 200 corpora
1443 160 1595 192 revocabis
1605 185 1615 199 ,
1631 165 1721 203 quam
1731 170 1884 197 cruentata
1898 163 1914 196 ?
1926 165 2007 207 ,Quae
2013 171 2074 204 pat·

1210 214 1338 243 nitentia
1349 207 1551 251 miserabiliter
1559 232 1569 248 ‚
1581 211 1738 243 titillatam
1745 213 1925 254 prosternens
1938 223 2054 245 carnem
2064 236 2076 252 ,

1209 271 1251 293 an
1261 261 1331 295 vero
1342 259 1512 293 laniatam?
1531 258 1719 302 ,Qua-justior
1729 269 1818 294 venia
1829 269 1860 295 in
1870 262 2002 295 omnibus
2012 273 2077 296 cau·

1203 307 1243 351 fis
1254 333 1265 350 ,
1287 311 1378 352 quam
1390 309 1575 343 voluntarius
1588 331 1599 348 ,
1610 319 1651 341 an
1662 309 1751 349 qucim
1763 315 1875 345 invitus
1881 321 2013 352 peccator
2021 319 2077 344 im-

1206 360 1305 401 plorat
1317 360 1329 392 ?
1339 364 1436 394 Nemo
1449 360 1550 395 valens
1561 368 1668 402 negare
1676 359 1852 398 compellitur
1863 383 1873 399 ,
1886 372 1967 394 nemo
1977 362 2077 395 nolens

1203 408 1372 451 fornicatur
1384 430 1391 442 .
1405 409 1501 444 Nulla
1513 408 1557 442 ad
1564 407 1716 442 libidinem
1730 413 1781 441 vis
1791 407 1828 446 est
1839 432 1849 446 ‚
1863 409 1917 448 nisi
1921 410 2002 451 ipsa.
2015 415 2078 445 Ne-

1206 457 1262 503 scit
1273 485 1283 500 ‚
1293 460 1451 504 quodlibet
1462 483 1473 498 ‚
1484 463 1544 503 cogi
1556 483 1562 489 .
1577 462 1775 501 Negationem
1783 460 1872 500 porro
1883 468 1995 499 quanta
2006 471 2079 494 com·

1205 509 1322 550 pellunt
1333 515 1451 555 ingenia
1459 508 1602 550 carnificis
1614 510 1647 544 (τ
1664 518 1775 552 genera
1794 509 1974 549 poenarum?
1999 510 2078 551 ,Quis

1209 565 1305 603 magis
1318 565 1443 605 negavit
1454 583 1466 600 ,
1490 564 1540 602 qui
1554 557 1700 597 Christum
1714 566 1843 593 vexatus
1855 581 1868 599 ‚
1892 569 1934 591 an
1944 563 1995 600 qui
2005 558 2082 590 dele-

1209 609 1305 643 natus
1314 609 1408 652 amisti
1417 610 1434 641 ,ἒ
1459 611 1524 653 ,Qui
1534 609 1597 642 cum
1606 614 1755 642 amitteret
1763 609 1856 643 doluit
1867 632 1878 649 ,
1903 619 1944 641 an
1955 612 2007 651 qui
2017 608 2081 639 ciem

1210 665 1360 694 amitteret
1368 658 1430 701 lufit
1442 661 1455 694 ἓ
1479 661 1524 691 Et
1537 667 1637 692 tamen
1646 658 1707 691 illae
1717 664 1869 692 cicatrices
1881 658 1985 698 proeiio
1995 656 2083 690 cbri-

1203 708 1301 749 stiano
1312 709 1464 755 insculptae
1479 734 1490 749 ‚
1509 711 1542 743 (τ
1555 714 1656 751 utique
1666 706 1822 750 invidiosae
1832 709 1916 749 apud
1922 707 2083 751 christum,
2103 739 2105 745 ,

1209 765 1279 800 quia
1290 760 1388 804 viciffe
1400 765 1551 801 cupierunt
1561 782 1573 799 ,
1598 759 1632 793 (θ’
1645 757 1687 800 fic
1704 768 1815 801 quoque
1829 756 1961 801 gloriosa
1973 782 1984 798 ‚
2009 763 2081 801 quia

1211 820 1268 843 non
1279 811 1422 844 vincendo
1432 810 1567 855 cefferunt
1576 833 1586 849 ,
1599 814 1631 842 in
1640 819 1717 851 quas
1727 807 1824 843 adbuc
1832 809 1866 842 δ’
1876 807 2007 842 diabolus
2019 807 2081 851 ipse

1206 857 1340 901 suspirat
1350 883 1361 899 ,
1377 870 1442 893 cum
1449 858 1508 903 sua
1518 858 1693 901 infelicitate
1705 882 1716 898 ,
1732 856 1791 901 sed
1797 856 1874 897 casta
1882 883 1892 898 ,
1914 869 1978 893 cum
1985 864 2083 900 poeni-

1212 914 1307 942 tentia
1318 920 1456 943 moerente
1468 933 1480 949 ‚
1500 908 1526 952 s
1520 911 1559 943 ed
1570 919 1625 941 non
1636 906 1816 951 erubescente
1826 909 1870 940 ad
1880 911 2036 943 Dominum
2047 909 2083 941 de

1213 964 1302 992 venia
1313 982 1320 991 .
1347 962 1450 993 Denuo
1461 961 1625 992 diminitur
1635 964 1678 992 eis
1687 983 1697 998 ,
1728 965 1778 1001 qui
1784 958 1981 1000 piaculariter
1995 969 2084 1002 nega-

1213 1015 1320 1040 verunt
1332 1033 1340 1040 .
1367 1011 1387 1042 5
1388 1010 1442 1042 olis
1454 1009 1514 1041 illis
1525 1021 1590 1041 caro
1598 1008 1719 1050 infirma
1731 1007 1784 1045 ιβ.
1812 1011 1900 1052 Atqui
1910 1009 1994 1044 nulla
2020 1010 2083 1044 isim

1208 1056 1300 1098 sortis
1309 1069 1375 1091 caro
1384 1082 1394 1098 ,
1420 1061 1509 1100 quam
1520 1070 1586 1100 quae
1594 1056 1733 1101 spiritum
1745 1058 1830 1091 elidit
1842 1081 1850 1091 .

1236 1137 1239 1139 ,
1263 1107 1346 1142 Tria
1356 1109 1436 1143 olim
1449 1118 1577 1153 peccata
1594 1108 1703 1143 Mater
1714 1107 1850 1141 Ecclesia
1863 1107 1926 1142 fuit
1946 1108 2085 1153 singula-

1217 1156 1288 1191 riter
1301 1157 1473 1193 detestata:
1501 1156 1745 1197 Idololatriam,
1770 1156 1945 1192 moechiam
1957 1175 1969 1198 ,-
1980 1158 2013 1192 ὅ(
2026 1155 2086 1191 ho·

1217 1207 1384 1241 micidium
1407 1233 1414 1239 .
1442 1206 1499 1242 Eis
1525 1206 1769 1242 Sacramentalis
1793 1206 2086 1245 Reconciliationis

1219 1268 1254 1299 pa
1275 1267 1326 1291 ern
1337 1257 1472 1301 negavit
1483 1258 1583 1292 etiam
1596 1257 1630 1291 in
1652 1255 1790 1292 articulo
1813 1257 1928 1291 mortis
1940 1272 1950 1292 .·
1976 1257 2087 1291 Etiam

1218 1269 1284 1349 poa
1297 1308 1454 1349 perastam
1465 1316 1534 1343 tota
1546 1308 1610 1342 vita
1625 1306 1851 1350 poenitentiam
1860 1331 1867 1339 .
1889 1307 1938 1342 Ea
1952 1308 2089 1343 reserva·

1218 1358 1261 1391 vit
1274 1357 1404 1391 Divina
1414 1355 1577 1400 Mtjessati
1589 1382 1596 1391 .
1625 1356 1679 1391 Ad
1701 1357 1863 1392 summum
1887 1356 2032 1392 nostrum
2055 1357 2090 1390 in

1217 1407 1279 1441 Dei
1293 1406 1397 1441 Patris
1418 1405 1550 1441 dextera
1572 1406 1767 1441 Pontificem
1790 1406 1896 1449 Iesum
1919 1404 2090 1441 Christum

1214 1455 1384 1499 judicanda
1397 1456 1516 1491 remisit
1527 1481 1538 1497 ,
1546 1455 1699 1490 solvenda
1710 1467 1767 1491 aut
1777 1455 1919 1492 tenenda
1928 1480 1936 1488 .
1967 1457 2014 1491 lta
2027 1457 2092 1490 fuit

1216 1508 1313 1550 usque
1323 1505 1363 1540 ad
1374 1505 1600 1551 Zephyrinum
1612 1505 1808 1541 Pontificem
1818 1529 1828 1545 ‚
1853 1505 1896 1540 de
1907 1505 1999 1548 cujus
2014 1505 2091 1540 Edi-

1214 1558 1267 1592 sto
1277 1555 1386 1591 scribit
1397 1556 1484 1592 idern
1496 1555 1578 1591 liber
1587 1556 1628 1590 de
1642 1555 1799 1600 pudicitia
1810 1568 1817 1589 :
1828 1557 1934 1590 Audito
1944 1556 2091 1590 Ediffum
2112 1579 2186 1618 αρ’
2211 1585 2238 1606 ¹·

1214 1606 1264 1648 esse
1273 1605 1468 1647 propositum,
1495 1607 1652 1648 &quidem
1664 1611 1898 1648 peremptorium
1909 1629 1917 1637 .
1946 1605 2092 1648 Pontifex

1210 1654 1320 1696 scilicet
1332 1659 1486 1688 Maximus
1501 1680 1511 1695 ‚
1524 1657 1603 1698 quod
1611 1656 1649 1696 ιβ
1660 1680 1671 1695 ,
1685 1654 1849 1699 Episcopus
1860 1653 2068 1698 Episcoporum
2078 1681 2089 1697 ‚

1213 1705 1301 1738 edicit
1315 1717 1322 1736 :
1341 1707 1408 1748 Ego
1418 1706 1452 1738 ψ
1463 1704 1593 1738 moecbiae
1605 1705 1851 1751 &fornicationis
1871 1706 1980 1739 delicia
1994 1712 2091 1747 poeni-

1211 1760 1306 1788 tentia
1311 1753 1432 1796 func‘lis
1443 1755 1564 1787 dimitto
1578 1780 1585 1787 .
1614 1754 1650 1789 Id
1662 1755 1707 1789 est
1719 1779 1729 1795 ,
1755 1755 1908 1798 deinceps
1921 1755 2091 1789 dimitten-

1213 1804 1253 1836 da
1268 1815 1322 1847 per
1332 1814 1466 1838 ornnem
1487 1804 1663 1839 Ecclesiam
1687 1804 1830 1839 decerno
1851 1814 1947 1848 atque
1970 1804 2068 1848 jubeo
2081 1829 2090 1838 .

1213 1853 1295 1887 Non
1309 1853 1436 1889 tantum
1450 1853 1679 1890 fornicationis
1691 1876 1701 1893 ,
1711 1854 1760 1889 sed
1772 1855 1871 1888 etiam
1882 1853 2026 1888 moechiae
2037 1855 2094 1889 de-

1213 1903 1284 1938 lit‘ta
1296 1928 1303 1936 .
1333 1904 1443 1938 Etiam
1453 1904 1658 1939 monstruosae
1669 1904 1703 1938 in
1718 1904 1819 1947 ipsam
1844 1913 1990 1939 naturam
2012 1917 2090 1941 moe-

1211 1953 1307 1988 chiae.
1339 1954 1433 1988 Hinc
1447 1955 1548 1999 pergit
1559 1952 1786 1989 Tertullianus
1800 1967 1806 1987 :
1834 1955 1964 1997 superest
1974 1954 2091 1998 specia-

1210 2005 1276 2036 liter
1287 2005 1324 2037 de
1337 2003 1466 2038 moecbIae
1478 2003 1812 2046 &fhrnicationisstatu
1832 2011 2007 2039 examinare
2018 2031 2028 2045 ,
2055 2012 2088 2038 in
2110 1998 2181 2038 0³1³·
2205 2012 2232 2029 2·

1209 2064 1301 2094 quam
1312 2054 1480 2086 deliciorum
1487 2063 1605 2096 partem
1615 2054 1743 2089 debeant
1753 2055 1849 2099 redigi
1860 2079 1867 2088 .
1896 2055 1969 2090 Res
1963 2056 2088 2100 ponder:

1210 2102 1267 2136 sub
1279 2102 1342 2136 illis
1353 2102 1586 2146 comprehendi
1596 2114 1730 2138 omnem
1741 2103 1950 2148 illegitimum
1965 2117 2087 2139 concu-

1211 2151 1316 2186 bitum
1329 2176 1340 2190 ,
1366 2153 1398 2186 δε
1410 2152 1557 2196 adjungit
1571 2165 1578 2184 :
1606 2154 1675 2185 idea
1680 2160 1772 2194 penes
1782 2164 1835 2186 nos
1846 2156 1960 2186 occultae
1973 2167 2090 2197 quoque

1210 2202 1423 2242 conjunt‘liones
1437 2226 1448 2242 ‚
1473 2203 1509 2234 id
1515 2202 1553 2241 est
1568 2227 1578 2242 ‚
1599 2213 1654 2234 non
1663 2202 1748 2242 prius
1759 2203 1843 2244 apud
1852 2203 2005 2244 Ecclesiam
2014 2213 2084 2246 pro-

1203 2251 1287 2295 feffae
1297 2276 1308 2292 ‚
1326 2253 1423 2294 juxta
1433 2251 1582 2285 moecbiam
1593 2254 1627 2286 Ψ
1638 2252 1867 2294 fornicationem
1873 2255 2008 2294 judicari
2028 2263 2079 2296 pe-

1212 2302 1381 2335 riclitantur
1404 2325 1411 2332 .
1438 2306 1490 2336 Ne
1509 2305 1582 2336 inde
1604 2302 1742 2345 consertae
1765 2303 1883 2336 obtentu
1901 2310 2080 2338 matrimonii

1210 2357 1318 2384 crimen
1329 2353 1469 2385 eludant.
1496 2352 1638 2395 Reliquas
1660 2362 1757 2385 autem
1782 2352 1941 2388 libidinum
1950 2354 2055 2396 furias
2065 2381 2077 2396 ,

1209 2407 1317 2443 impias
1330 2403 1363 2434 (τ
1375 2407 1406 2435 in
1418 2410 1535 2445 corpora
1546 2404 1579 2437 (9⁶
1588 2407 1620 2434 in
1639 2400 1728 2443 sexus
1752 2404 1830 2436 ultra
1843 2406 1918 2444 jura
1938 2415 2056 2439 naturae
2068 2432 2079 2447 ‚

1209 2463 1266 2483 non
1278 2453 1361 2484 modo
1370 2454 1471 2486 limine
1483 2476 1493 2492 ,
1519 2453 1623 2486 verum
1635 2458 1711 2486 omni
1721 2452 1856 2495 Ecclefiae
1878 2454 1951 2487 tec‘lo
1962 2454 2079 2498 submo-

1206 2513 1310 2534 vemus
1323 2526 1331 2533 .
1357 2504 1440 2544 ,Quia
1454 2502 1590 2546 nonsunt
1611 2502 1719 2535 delleta
1731 2527 1741 2543 ,
1769 2501 1827 2547 sed
1842 2504 1968 2543 monstra
1981 2529 1988 2536 .
2018 2505 2077 2539 Vi-

1206 2551 1298 2585 detur
1309 2550 1579 2594 comprehendere
1588 2553 1685 2586 etiam
1708 2553 1882 2596 simplicem
1905 2555 2075 2589 immundi-

1209 2602 1285 2634 tiam
1302 2613 1309 2632 :
1336 2600 1414 2634 Haec
1425 2603 1515 2635 enim
1527 2602 1601 2635 licet
1614 2602 1728 2636 nonin
1750 2604 1860 2636 sexum
1870 2626 1880 2642 ,
1907 2605 2005 2647 impia
2028 2616 2077 2640 ta·

1208 2662 1281 2684 men
1294 2649 1338 2683 est
1353 2650 1387 2683 in
1415 2652 1580 2694 proprium
1601 2662 1737 2695 corpus,
1763 2652 1904 2698 ideoque
1925 2655 1959 2690 ὅ(
1980 2666 2073 2689 mon·

1208 2701 1304 2733 tirum
1318 2725 1325 2731 .
1353 2700 1622 2735 Montanisticam
1647 2726 1657 2740 ‚
1683 2712 1753 2745 quae
1774 2712 1873 2737 omne
1894 2704 2074 2739 monstrum

1209 2747 1422 2793 proscribebat
1432 2751 1471 2784 ad
1488 2750 1692 2794 Hyemantes
1705 2776 1715 2791 ,
1741 2752 1945 2795 disciplinam
1973 2755 2075 2798 lapsus

1207 2801 1383 2843 Septimius
1393 2801 1513 2834 exaltat
1529 2814 1536 2834 :
1564 2800 1664 2849 Qod
1678 2803 1792 2845 nempe
1804 2802 1983 2846 Zephyrini
2004 2805 2075 2838 Edi·

1206 2852 1290 2884 itum
1305 2850 1369 2892 ipsa
1382 2850 1480 2883 etiam
1493 2850 1795 2894 comprehenderet.
1826 2853 1866 2886 Et
1886 2854 1926 2886 de
1951 2855 2076 2888 clande-

1205 2899 1294 2933 stinis
1305 2900 1522 2935 matrimoniis
1534 2912 1611 2935 nota
1624 2900 1679 2935 has
1691 2913 1800 2938 voces.-
1815 2906 1909 2936 Penes
1921 2915 1983 2936 nos.
1999 2905 2075 2938 Sua-

1205 2950 1282 2984 dent
1295 2949 1362 2993 ipsa
1377 2960 1456 2984 tunc
1467 2951 1552 2994 apud
1567 2950 1744 2995 psychicos
1756 2977 1765 2992 ,
1793 2951 1823 2985 id
1837 2955 1878 2986 est
1894 2978 1904 2993 ‚
1917 2954 1997 2995 apud
2012 2954 2074 2987 Ca-

1205 3000 1362 3034 tholicam
1376 3000 1551 3036 Ecclesiam
1564 3002 1698 3046 viguisse
1709 3003 1742 3035 &
1758 3002 1886 3035 valuisse
1899 3027 1907 3040 ‚
1930 3003 2073 3047 adeoque

1205 3051 1335 3093 quidem
1347 3049 1438 3084 fuisse
1460 3053 1558 3086 vetita
1571 3074 1582 3090 ‚
1606 3062 1674 3085 non
1692 3062 1799 3085 tamen
1823 3052 1991 3085 fornicaria
2016 3064 2072 3087 aut

1205 3100 1360 3144 flagitiosa
1371 3125 1379 3133 .
1393 3101 1484 3135 Nota
1495 3101 1527 3135 &
1540 3113 1653 3136 vocem
1668 3116 1678 3135 .·
1708 3103 1916 3134 Periclitantur
1927 3126 1934 3132 .
1964 3101 2072 3136 Edicit

1204 3152 1301 3183 etiam
1314 3150 1532 3185 Montanissas
1544 3153 1584 3185 de
1597 3153 1736 3194 ipsorum
1760 3150 1873 3184 valore'
1886 3151 2048 3194 cespitasse
2061 3177 2071 3192 ‚

1205 3202 1235 3234 8<
1252 3201 1335 3233 inter
1347 3202 1428 3243 ipsos
1442 3202 1532 3235 fuisse
1546 3201 1752 3244 quaestionem
1768 3225 1774 3231 .
1793 3201 1995 3235 Ciandestini
2008 3215 2072 3237 ma-

1205 3250 1351 3284 trimonii
1362 3250 1478 3284 abusus
1488 3252 1521 3285 &
1532 3251 1621 3284 valor
1635 3253 1707 3284 sunt
1721 3250 1801 3283 adeo
1814 3251 1938 3292 antiqui
1953 3276 1960 3285 .

1254 3300 1356 3335 Porro
1368 3300 1546 3343 zephyrini
1561 3301 1709 3334 Edieium
1722 3300 1859 3334 moechis
1879 3302 1912 3334 ὃ(
1936 3303 2071 3336 fornica-

1205 3351 1327 3385 toribus
1338 3361 1461 3395 portam
1474 3351 1597 3394 aperuit
1608 3362 1676 3385 non
1689 3352 1816 3386 tantum
1834 3351 1874 3385 ad
1888 3352 2070 3387 Sacramen-

1919 3402 2016 3436 talem
