2352 3756
108 2111 162 2149 Ep.
181 2120 224 2148 ¹3·

608 137 682 166 Ac
718 126 1247 169 SATlsF'ACTIONUM
1285 125 1754 180 INDULo-eui‘iis.

271 205 338 250 ficis
349 206 478 249 possunt.
510 208 551 242 Et
565 207 649 241 istud
670 206 833 240 auxilium
857 216 955 249 atque
976 205 1156 251 praerogati-

276 268 350 289 vam
377 258 486 291 statim
509 260 668 302 exponit:
696 262 858 299 cumpace
874 255 929 298 fibi
949 255 1156 295 aMertyribus

268 307 409 351 promiffa
421 310 465 341 ad
477 312 866 350 Dominumyemittantur.
894 307 974 340 Hoc
986 307 1047 347 est,
1079 316 1155 340 cum

271 364 370 406 plena
398 362 462 396 &a
483 359 590 403 culpis
609 359 670 393 &a
692 357 795 401 poenis
818 356 1046 390 absolutione.
1072 356 1154 389 Haec

270 414 361 447 enim
373 423 441 448 erat
466 423 527 455 pax
542 410 634 453 lapsis
657 408 816 451 postulata
837 416 892 450 per
903 407 1082 449 Martyres.
1110 406 1158 457 Et*

268 463 304 497 in
322 465 468 497 sermone
488 461 529 494 de
540 459 632 503 lapsis
644 459 783 492 affirmat
797 456 961 499 Martyres
975 457 1152 499 plurimum

269 514 358 555 posse
375 510 460 557 apud
474 510 631 545 Divinam
647 507 851 550 Maiestatem
866 529 877 545 ,
902 506 992 541 addit
1008 507 1150 562 ipsorum

268 563 398 597 libellos
423 562 541 596 debere
568 561 661 593 sacris
688 558 805 591 litteris
825 581 837 596 ,
867 556 901 590 &
923 557 1150 591 Ecclefiasticae

266 613 444 656 disciplinae
454 609 651 646 Canonibus
662 607 883 646 conformari,
907 607 1021 650 &post
1043 605 1148 640 multa

265 663 465 697 concludit:
503 664 583 693 Deus
607 664 767 701 poenitenti·
790 682 801 697 ‚
827 662 962 698 operanti
986 679 997 697 ,
1033 661 1150 699 roganti

262 714 356 755 potest
367 715 521 747 clementer
547 709 706 753 ignoscere,
730 706 821 749 potest
839 713 873 739 in
890 714 1040 747 acceptum
1060 705 1147 746 refir-

265 775 320 803 re‚
348 763 498 805 quidquid
516 769 572 802 pro
583 759 695 792 talibus
715 758 901 799 &petierint
922 759 1088 795 Martyres,
1114 757 1148 789 ῤ’

640 807 759 842 Omnis
780 805 835 839 hic
858 806 984 845 sermo,
1011 806 1046 839 &
1068 817 1145 839 cun-

264 864 321 895 stae
341 861 450 896 Sansti
465 858 625 902 Cypriani
652 856 808 899 Epistola:
831 866 887 898 per
911 855 1106 898 postulatam
1127 856 1143 888 a

262 910 489 954 Martyribus‚
518 910 551 943 &
567 906 609 940 ab
623 906 793 949 Episcopis
813 905 924 938 datam
941 916 1053 948 pacem
1068 906 1143 962 luci-

262 961 305 995 de
324 961 517 1005 inreliigunt
538 956 666 1001 plenam
690 980 702 996 ,
727 966 796 996 quae
818 957 917 989 etiam
942 957 1027 997 apud
1051 955 1144 989 Divi·

264 1024 339 1045 nam
365 1011 527 1054 Iustitiam
540 1009 572 1041 in
586 1009 697 1041 futuro
709 1005 821 1038 saeculo
833 1005 1045 1048 suffragetur,
1074 1017 1143 1049 pec·

260 1073 408 1095 catorum
422 1059 660 1101 remiffiopem:
690 1055 867 1089 Affirmant
893 1056 1139 1099 perlegitimam

259 1112 508 1156 Indulgentiam
530 1106 645 1142 donari
665 1104 748 1138 istud
771 1105 875 1148 ipsum
896 1130 906 1145 ,
933 1106 1022 1147 quod
1041 1106 1138 1139 dona-

259 1173 312 1196 tur
335 1175 390 1206 per
414 1161 542 1204 plenam
566 1157 817 1191 satisfactionem
840 1179 848 1186 .
878 1156 947 1201 Qii
977 1167 1033 1198 per
1055 1155 1138 1189 hanc

258 1212 406 1256 agnoscit
425 1209 568 1254 expungi
593 1208 626 1241 in
650 1207 761 1240 futuro
783 1205 898 1238 saeculo
922 1204 1072 1239 restantes
1093 1206 1137 1239 di—

256 1262 357 1296 missis
374 1260 512 1305 peccatis
524 1269 636 1303 poenas
648 1281 658 1297 ,
685 1255 834 1300 agnoscit
845 1255 972 1289 easdem
990 1257 1134 1301 expungi

255 1313 355 1346 etiam
368 1323 421 1355 per
435 1310 597 1354 legitimas
617 1305 857 1350 indulgentias.
891 1304 965 1339 Ubi
978 1306 1062 1339 istud
1074 1306 1133 1340 Lu-

254 1361 381 1395 therani
406 1362 440 1395 ἀ
454 1357 637 1394 Calvinistae
649 1357 845 1400 agnoverint
861 1378 873 1394 ,
895 1357 995 1389 etiam
1017 1355 1058 1389 de
1072 1355 1133 1389 hoc

253 1413 363 1445 statim
383 1411 524 1445 desinent
545 1408 709 1442 dubitaie.
738 1405 863 1439 Eadem
886 1403 1030 1439 decausa
1051 1417 1134 1440 unus

253 1461 474 1506 Indulgentiae
495 1458 626 1493 effeetus
649 1455 759 1500 nequit
782 1453 850 1488 dari
873 1466 927 1488 aut
946 1455 1050 1489 valere
1070 1456 1133 1490 fine

252 1513 321 1545 alio
339 1535 347 1544 .
375 1510 511 1544 Etenim
537 1519 573 1541 ut
597 1507 668 1551 quis
696 1505 896 1549 purgatorias
918 1506 1019 1539 futuri
1042 1507 1131 1539 saecu-

250 1561 275 1593 ii
299 1571 433 1604 poenas,
454 1560 488 1593 &
513 1570 582 1592 non
608 1557 675 1600 pias
701 1557 736 1589 in
765 1555 826 1590 hac
853 1555 921 1589 vita
950 1555 1129 1590 satisfactio·

248 1621 330 1650 nes,
354 1621 411 1644 aut
433 1609 491 1642 has
515 1606 633 1642 debeat
654 1631 665 1646 ,
691 1606 725 1640 &
750 1617 817 1644 non
841 1605 911 1639 illas
935 1629 946 1646 ,
970 1606 1015 1639 est
1042 1607 1127 1649 peni·

248 1669 302 1695 t-us
324 1658 539 1703 impoffibile.
567 1657 611 1689 Et
631 1653 711 1688 hinc
726 1654 917 1697 Episcopale
937 1666 996 1698 pro
1022 1656 1125 1696 poeni-

248 1711 393 1744 tentibus
411 1709 530 1742 facium
550 1731 561 1746 ‚
586 1706 665 1739 dum
690 1704 795 1747 ipsum
814 1703 939 1737 Divina
962 1704 1127 1738 miseratio

247 1772 316 1793 non
337 1761 433 1794 refert
453 1760 487 1792 in
514 1766 681 1799 acceptum
703 1778 715 1794 ,
740 1754 785 1788 est
809 1754 910 1788 etiam
937 1754 1066 1789 irritum
1086 1766 1124 1788 ac

257 813 388 854 fecerint
405 813 580 845 sacerdotes
603 833 611 840 .

245 1810 376 1844 nullum
388 1835 397 1843 .

295 1861 341 1894 Et
350 1861 390 1894 ad
405 1858 465 1894 hos
477 1857 609 1891 effeetus
622 1853 794 1897 requiritur
805 1852 891 1887 varia
915 1853 948 1886 in
963 1853 1122 1897 poeniten-

244 1918 277 1944 te
287 1909 438 1945 conditio
449 1920 488 1942 ac
499 1904 667 1949 dispositio
683 1928 690 1935 .
717 1903 826 1936 Prima
843 1903 887 1936 est
901 1903 1123 1937 Sacramenta-

242 1958 284 1993 lis
304 1959 463 1994 confeffio
485 1955 692 1994 &absolutio
707 1977 718 1992 ,
743 1965 780 1987 ac
800 1963 852 1994 per
866 1953 963 1995 ipsam
984 1952 1120 1987 obtenta

240 2006 545 2044 remissio-omnium
556 2004 721 2046 culparum
733 2029 740 2034 .
768 2003 867 2036 Hanc
879 2001 998 2036 affidue
1012 2002 1120 2038 laudat

241 2060 276 2094 ὃς
297 2058 503 2094 necessariam
526 2055 662 2089 affirmat
687 2053 819 2085 sanstus
841 2051 1027 2093 Cyprianus
1041 2075 1048 2082 .
1078 2054 1116 2086 111

240 2109 359 2144 litteris
379 2108 420 2142 ad
442 2108 536 2140 suum
559 2105 702 2138 clerum:
730 2103 796 2144 ,Qui
815 2101 924 2133 libellos
941 2103 961 2132 ἃ
983 2105 1117 2140 Martyrr.

240 2160 296 2193 bus
320 2166 510 2200 acceperunt,
536 2157 785 2197 &prarogativa
803 2161 900 2183 eorum
922 2153 1006 2192 apud
1016 2155 1112 2184 Deum

239 2212 388 2250 adjuvari
412 2208 527 2249 possunt
549 2229 560 2245 ,
586 2199 794 2245 exomologesim
819 2200 920 2233 delic‘li
943 2199 993 2243 fici
1010 2200 1113 2242 facere

234 2260 337 2303 possint
351 2282 363 2299 ‚
389 2266 423 2294 ut
442 2266 534 2290 manu
553 2260 595 2288 eis
620 2259 652 2286 in
675 2255 885 2294 poenitentiam
905 2249 1037 2292 imposita
1062 2263 1114 2285 ve.

237 2317 326 2344 niant
337 2309 381 2342 ad
391 2310 549 2340 Dominum
568 2315 631 2338 cum
649 2310 744 2344 pace,
770 2311 859 2343 quam
874 2300 946 2333 dari
966 2304 1111 2358 Martyres

236 2363 347 2395 litteris
369 2358 413 2391 ad
421 2368 473 2390 nos
483 2354 579 2395 fabiis
600 2351 861 2401 defideraverunt.
888 2350 937 2406 Ita
965 2350 1110 2409 loquitur

235 2414 273 2444 in
283 2408 409 2444 eunctis
421 2406 532 2450 paffim
542 2404 607 2438 suis
615 2403 657 2438 de
670 2401 729 2436 hac
740 2413 774 2435 re
786 2399 940 2444 Epistolis
950 2424 959 2431 .
986 2401 1109 2457 {Ialm-

236 2463 277 2495 rit
299 2456 583 2501 exomologesim,
606 2463 721 2488 manus
740 2450 982 2494 impositionem
994 2461 1028 2484 in
1051 2463 1109 2495 pae-

235 2509 430 2546 sistentiam,
454 2502 755 2548 &impartitionem
779 2501 891 2557 pacisa
907 2500 991 2548 Qae
1002 2501 1107 2544 palam

235 2563 308 2595 sunt
329 2556 508 2596 confessio,
532 2552 731 2598 poenitentia:
753 2551 940 2594 impositio,
961 2551 995 2584 ὃς
1016 2551 1107 2586 abso·

233 2612 334 2645 lutio.
364 2608 496 2643 Etenim
506 2606 600 2648 culpa
613 2614 682 2637 non
694 2613 748 2645 per
758 2600 1000 2645 indulgentiam
1012 2624 1023 2640 ‚
1051 2602 1103 2659 sed

231 2673 288 2704 per
297 2669 465 2704 operatum
475 2654 673 2690 Sacramenti
685 2663 769 2696 opus
784 2650 879 2685 debet
903 2651 1083 2691 condonari
1095 2678 1102 2685 .

231 2711 296 2746 Per
316 2709 404 2744 idem
425 2706 534 2742 debita
557 2714 689 2748 peccato
702 2713 814 2745 penna,
840 2700 928 2757 dum·
941 2711 1009 2735 tota
1033 2712 1101 2736 non

229 2761 447 2805 expungitur,
475 2768 515 2791 ex
527 2765 642 2790 aeterna
662 2752 757 2787 debet
778 2751 895 2786 mutari
921 2762 955 2783 in
978 2760 1100 2794 tempo-

228 2813 331 2845 ralem
352 2831 362 2841 .
399 2809 443 2842 Et
469 2804 554 2839 hanc
581 2803 681 2838 solam
703 2801 842 2835 remittit
870 2799 1098 2845 indulgentia.
1122 2814 1125 2818 ⁸

229 2861 274 2895 Et
296 2860 375 2894 hinc
395 2855 568 2893 Bonifacii-
583 2851 879 2899 noniQaestores‚
905 2850 962 2893 qui
982 2850 1015 2884 &
1033 2852 1099 2908 cui-

228 2922 284 2953 pas
312 2911 346 2943 δε
357 2919 466 2952 poenas
474 2917 591 2942 omnes
603 2906 767 2938 suaserunt
788 2913 844 2945 per
856 2900 1096 2959 indulgentiam

227 2958 374 2999 remitti,
397 2958 497 2992 etiam
517 2968 585 2990 non
598 2953 768 2992 confessis,
794 2961 910 2984 merito
922 2961 1096 3007 arguerunt

225 3007 458 3044 Theodericus
467 3008 487 3042 a
497 3007 599 3040 Niem
618 3005 652 3039 δε
663 3003 823 3038 Nicolaus
837 2999 1021 3034 Cardinalis
1033 3001 1095 3035 Cu.

223 3063 319 3095 sanus
331 3083 340 3091 .
364 3057 432 3093 Uti
444 3055 596 3101 gravibus
605 3054 743 3097 peccatis
755 3061 830 3085 ante
856 3049 1093 3109 absolutionem

223 3110 335 3155 paffim
346 3107 518 3152 imposita,
545 3105 590 3139 ita
607 3105 640 3138 &
654 3103 765 3147 paffim
785 3101 916 3157 remissa·
928 3099 991 3133 fuit
1012 3101 1093 3135 olim

219 3155 433 3206 poenitentia:
459 3158 503 3191 Et
522 3164 598 3191 ante
617 3153 708 3187 illam
729 3152 938 3195 Indulgentia
963 3162 1023 3184 nec
1041 3150 1092 3186 ha-

219 3212 291 3247 buit
304 3221 363 3243 nec
373 3203 489 3242 habere
508 3203 619 3250 potuit
632 3203 737 3237 ullum
745 3203 895 3236 effectum
906 3226 914 3233 .

267 3259 417 3296 Secunda
441 3255 595 3292 conditio
611 3254 684 3287 sunt
695 3264 767 3286 vera
789 3250 895 3285 cordis
913 3250 1090 3293 contritio,
1116 3272 1123 3290 :·

214 3312 333 3355 exipsa
346 3308 558 3353 procedentes
580 3302 774 3347 lachrymae,
802 3301 930 3356 &varia
953 3301 1089 3359 piae-pm.

214 3361 361 3396 nitentiae
372 3369 469 3403 opera
480 3381 491 3397 ,
517 3353 636 3399 quibus
648 3363 797 3397 peccator
809 3349 950 3409 redditur
961 3362 1087 3408 vicinus

212 3408 443 3447 satisfactioni.
474 3407 574 3441 Hisce
595 3401 865 3439 enimdumtaxat
888 3412 1005 3436 vicinis
1024 3402 1085 3438 esse

1937 155 1956 196 3
1969 157 2032 194 09

1219 204 1458 249 indulgendum
1481 209 1665 244 constanter
1684 215 1796 250 docuit
1809 218 1941 253 Sanctus
1958 221 2091 265 Cypria-

1219 266 1294 288 nus.
1366 254 1430 289 uod
1452 267 1584 299 peccata
1606 262 1685 293 citra
1705 276 1838 301 omnem
1862 271 2088 311 poenitentiam

1217 305 1380 345 remittere
1400 308 1516 350 spediet
1530 307 1687 350 privative
1705 313 1744 345 ad
1759 316 1913 352 Divinam
1938 321 2088 364 Majesta.

1216 366 1304 396 tem,
1332 355 1442 391 scribit
1455 358 1697 392 insermonede
1712 361 1823 403 lapsis.
1853 367 1961 403 Etiam
1972 372 2086 415 agoni-

1214 404 1363 440 zantibus
1375 431 1388 448 ,
1412 418 1494 449 quos
1507 407 1553 442 ob
1573 409 1760 452 Martyrum
1783 422 1889 453 preces
1909 422 2009 460 gratia
2027 421 2087 455 do-

1214 455 1337 491 nabant
1359 456 1534 501 Episcopi,
1562 460 1687 494 censuit
1698 461 1938 498 Sacerdotalem
1951 478 2085 505 manum

1212 506 1443 549 imponendam
1458 508 1491 540 in
1504 508 1732 551 poenitentiam
1745 535 1752 542 .
1779 510 1840 545 Per
1854 511 1937 547 hanc
1951 527 2084 552 manum

1210 557 1311 599 aliqui
1335 557 1418 591 male
1446 558 1637 602 intelligunt
1663 561 1933 596 Sacramentalem
1961 565 2085 600 absolu-

1209 607 1333 640 tionem
1349 632 1358 639 .
1386 608 1464 641 Erat
1488 620 1603 642 manus
1617 634 1627 649 ,
1655 622 1724 653 qua:
1738 622 1777 644 ex
1790 612 1968 648 Audientia
1987 618 2084 650 trans-

1209 656 1359 690 mittebat
1384 657 1417 690 in
1428 657 1682 693 Substrationem
1697 683 1708 699 ,
1730 661 1959 698 difficillimam
1980 667 2083 708 poeni-

1208 707 1318 740 tentiae
1337 707 1487 747 classem,
1513 708 1647 751 &aqua
1669 711 1874 751 quorundam
1897 714 2082 750 Sacramen-

1209 756 1283 789 talis
1305 757 1497 799 poenitentia
1518 760 1600 793 olim
1621 759 1721 794 etiam
1741 760 1955 805 incipiebatur
1975 778 1981 797 :
2008 765 2082 800 Ple-

1206 816 1281 838 nam
1304 808 1338 840 &
1350 819 1417 841 non
1431 808 1560 851 plenam
1582 809 1811 852 poenit'entiam
1829 810 2081 859 distinguitipse

1204 854 1282 888 item
1295 856 1500 899 Cyprianus.-
1531 858 1633 893 Plena
1651 861 1808 896 omnibus
1825 871 1983 906 quatuor,
2008 877 2080 899 non

1203 905 1297 947 plena
1307 906 1475 942 constabat
1485 909 1560 942 solis
1571 909 1696 944 duabus
1707 912 1955 953 posterioribus,
1982 924 2081 959 atque

1203 957 1247 988 ita
1266 957 1283 988 a
1303 955 1522 992 Substratione
1539 960 1681 994 ducebat
1703 962 1875 996 exordium
1888 988 1896 996 .
1925 963 2080 998 Habebat

1202 1005 1471 1049 dispensatoriam
1481 1008 1621 1043 duorum
1643 1012 1787 1054 priorum
1805 1012 1960 1057 gratiam.
1986 1014 2081 1060 Qo-

1202 1056 1287 1088 circa
1313 1055 1410 1089 etiam
1438 1060 1652 1101 agonizantes
1674 1085 1685 1100 ‚
1704 1062 1802 1095 ···licet
1828 1062 1872 1096 ob
1893 1063 2079 1106 Martyrum

1200 1115 1309 1147 preces
1321 1107 1440 1140 faceret
1454 1110 1582 1150 plenam
1596 1109 1809 1154 Indulgentiae
1826 1114 1964 1156 gratiam
1975 1137 1985 1153 ,
2011 1115 2078 1148 sine

1201 1157 1389 1197 poenitentia
1417 1169 1486 1190 non
1513 1158 1654 1193 absolvit
1689 1170 1768 1195 tunc
1806 1162 1949 1196 Ecclesia
1975 1186 1985 1202 ,
2023 1165 2077 1198 sed

1198 1205 1306 1249 coegit
1317 1206 1357 1239 ad
1369 1206 1626 1241 substrationem
1640 1233 1650 1248 ,
1676 1211 1906 1255 consuetasque
1917 1210 2078 1247 manuum

1200 1255 1421 1298 impositiones
1446 1257 1480 1289 in
1519 1259 1746 1300 poenitentiam
1772 1286 1779 1293 .
1815 1262 1858 1295 Et
1887 1263 1963 1296 solis
1990 1263 2078 1304 illis,

1198 1305 1254 1348 qui
1275 1305 1383 1339 statim
1407 1306 1424 1339 a
1451 1307 1539 1349 lapsu
1565 1308 1736 1351 pulsassent
1763 1310 1914 1345 Ecclesia:
1933 1313 2018 1346 fores
2038 1326 2076 1347 ac

1200 1355 1423 1396 poenituissent
1448 1357 1532 1390 serio
1557 1382 1567 1398 ,
1605 1359 1684 1392 fecit
1715 1360 1750 1393 in
1785 1371 1899 1404 agone>
1915 1363 2077 1406 gratiam,

1198 1404 1280 1437 alios
1312 1405 1411 1438 etiam
1437 1405 1455 1438 a
1488 1406 1738 1443 sacramentalis
1775 1410 2075 1447 Reconciliationis

1197 1453 1332 1488 Viatico
1343 1455 1476 1489 exclusit
1490 1480 1499 1495 ,
1527 1456 1676 1499 judicans
1687 1460 1750 1493 effe
1760 1459 1917 1506 indignos
1942 1462 1975 1495 in
1991 1474 2078 1495 mor·

1194 1513 1225 1536 te
1237 1504 1543 1548 acciperesolatium
1559 1532 1570 1547 ,
1594 1509 1651 1550 qui
1666 1508 1809 1543 viventes
1830 1521 1897 1545 non
1910 1512 2074 1556 cogitave-

1192 1564 1264 1587 rant
1277 1556 1307 1588 se
1318 1555 1496 1589 morituros
1504 1581 1511 1589 .
1542 1556 1584 1589 Et
1598 1556 1677 1592 hinc
1687 1560 1930 1602 poenitentiales
1940 1560 2076 1606 Presby-

1191 1604 1250 1637 teri
1275 1628 1286 1643 ,
1311 1605 1367 1646 qui
1392 1605 1494 1648 plenae
1516 1605 1738 1652 Indulgentiae
1757 1609 1872 1644 diebus
1892 1611 1996 1645 nullas
2014 1624 2074 1647 aut

1191 1653 1339 1687 modicas
1350 1655 1558 1697 poenitentias
1579 1656 1756 1700 imponunt
1775 1661 1904 1705 magnis
1923 1672 2073 1704 peccato-

1189 1700 1298 1740 ribus,
1323 1704 1506 1746 graviffime
1526 1707 1741 1749 exorbitant,
1765 1709 1801 1742 &
1822 1710 1980 1754 plurimos
2002 1713 2069 1747 fru-

1187 1750 1328 1786 strantur
1350 1753 1567 1797 Indulgentiae
1587 1757 1687 1790 fructu
1700 1781 1708 1788 .

1237 1801 1361 1836 Eadem
1383 1802 1426 1837 de
1436 1806 1530 1838 causa
1554 1804 1798 1843 adlucrandam
1817 1807 2065 1854 indulgentiam

1187 1850 1380 1894 Apostolica
1401 1853 1501 1887 Sedes
1521 1855 1757 1896 poenitentibus
1783 1860 1895 1902 paffim
1922 1861 2067 1904 imponit

1183 1903 1282 1935 etiam
1293 1903 1553 1938 orationesintra
1575 1917 1697 1939 certam
1710 1907 1899 1950 Basilicam,
1925 1910 2063 1946 eleemo-

1183 1952 1296 1993 synas,
1322 1953 1571 1996 atquejejunia:
1599 1954 1654 1990 Ut
1666 1957 1752 2000 ipsos
1766 1958 1811 1992 ita
1822 1960 1921 1994 faciat
1934 1961 2063 1996 vicinos

1180 2001 1409 2036 satisfactioni.
1437 2003 1530 2037 Hinc
1553 2005 1632 2038 item
1652 2007 1692 2040 ad
1715 2007 1911 2052 Remigium
1924 2010 2063 2046 Lincol-

1181 2051 1322 2084 niensem
1352 2053 1552 2095 Episcopum
1578 2057 1733 2100 rescripsit
1762 2058 1944 2103 Gregorius
1965 2063 2062 2104 septi-

1179 2110 1268 2133 mus:
1298 2100 1702 2143 Absblutionempeccatorum
1721 2116 1836 2141 tuorum
1849 2133 1859 2148 ‚
1879 2109 1953 2150 ficut
1972 2124 2059 2155 roga·
2079 2105 2142 2152 le·
2155 2112 2220 2141 ¹·E-

1168 2149 1230 2190 sti,
1254 2150 1432 2184 authoritate
1457 2154 1632 2194 Principum
1656 2155 1850 2197 Apostolorum
1862 2158 1943 2198 fulti
1957 2184 1968 2199 ,
1996 2163 2055 2194 tibi
2079 2152 2196 2186 '³¹¹³'34·

1176 2207 1295 2233 mittere
1315 2202 1440 2244 dignum
1457 2202 1599 2235 duximus
1612 2228 1622 2243 ‚
1640 2202 1671 2244 fi
1688 2214 1788 2238 tamen
1814 2206 1896 2240 bonis
1917 2210 2052 2250 operibus

1173 2249 1375 2289 tnbaerendo,
1404 2251 1558 2294 commiffos
1587 2255 1712 2296 excessus
1725 2257 1899 2300 plangendo
1916 2283 1928 2299 ,
1953 2271 2052 2302 quan-

1173 2308 1239 2332 tum
1261 2302 1414 2340 valueris,
1440 2291 1568 2342 cor‘poris
1589 2309 1637 2335 tut
1655 2303 1857 2340 babitaculum
1880 2312 1941 2341 Deo
1965 2322 2049 2343 mun-

1173 2351 1243 2383 dum
1261 2352 1402 2392 tempium
1417 2350 1601 2385 exhibueris.
1629 2354 1672 2387 Et
1696 2355 1869 2391 Dominus.
1887 2358 2048 2396 Cardina·

1171 2400 1211 2433 lis
1233 2400 1335 2434 Caesar
1356 2401 1516 2435 Batonius
1533 2402 1614 2437 reste
1635 2403 1862 2448 interpretatur
1879 2420 1887 2439 ε
1915 2413 2046 2452 Apparet
2067 2424 2100 2452 Α,
2117 2435 2201 2467 1073.

1169 2451 1255 2484 Sedi‘s
1282 2450 1448 2493 Apostoircae
1473 2453 1683 2497 Indulgentias
1720 2456 1782 2489 illis
1817 2466 2042 2504 communicari,
2062 2472 2109 2496 nu.
2131 2477 2179 2502 71.

1168 2506 1220 2543 qui
1242 2510 1386 2543 quantum
1400 2500 1565 2545 fitppetunt
1591 2508 1674 2537 vires
1695 2529 1705 2545 ,
1743 2505 1815 2540 bene*
1840 2515 1957 2550 operari
1982 2523 2042 2546 non

1165 2557 1401 2593 praetermittunt
1419 2560 1436 2594 ‘;
1467 2564 1525 2585 non
1544 2562 1641 2586 autem
1662 2560 1786 2598 ignavis
1808 2581 1820 2597 ‚
1857 2558 1948 2601 otiosts
1968 2586 1978 2602 ‚
2004 2574 2040 2595 ac

1169 2602 1346 2644 negligentia
1365 2600 1592 2645 torpescentibus
1603 2628 1610 2636 .
1638 2603 1676 2638 Iri
1692 2605 2038 2653 &sar-Augustanaea

1166 2651 1331 2685 Saracenis
1357 2651 1497 2685 detentae
1523 2652 1666 2687 civitatis
1698 2659 1943 2702 expugnatione
1968 2659 2041 2697 rno-¹

1166 2701 1322 2735 rientibus
1343 2701 1501 2735 militibus
1521 2703 1652 2746 plenam
1676 2705 1918 2752 Indulgenti'am
1945 2710 2036 2747 dedit

1163 2752 1261 2785 etiam
1290 2752 1434 2785 Gelasius
1452 2752 1633 2795 secundus,
1659 2755 1745 2790 &de
1755 2757 1887 2803 reliquis
1909 2759 2033 2796 ibidem

1165 2803 1198 2835 in
1208 2801 1379 2836 obsidione
1390 2801 1610 2838 laborantibus
1631 2804 1781 2847 adjunxit
1793 2821 1809 2841 :·
1831 2811 1896 2853 ,Qut
1914 2818 1970 2851 pro
1990 2823 2033 2845 eo·

1163 2854 1230 2885 dem
1245 2855 1365 2884 Domini
1383 2850 1508 2894 ftrvitio
1527 2853 1579 2886 vel
1586 2853 1789 2890 laboraverint
1804 2882 1815 2898 ‚
1841 2861 1875 2892 Θ
1887 2864 1936 2901 qui
1951 2869 2032 2902 prae-

1156 2903 1237 2946 fatae
1250 2902 1337 2935 Urbis
1357 2901 1490 2943 Ecclefiae
1510 2904 1693 2938 &Saracenis
1710 2907 1821 2940 dirutae
1832 2932 1843 2948 ,
1869 2911 1948 2942 unde*
1964 2911 2031 2952 refi-

1158 2959 1273 2992 ciatur,
1299 2952 1465 2986 &clericis
1487 2952 1529 2985 ibi
1544 2955 1604 2987 Deo
1606 2954 1833 2995 famulantibus
1845 2981 1857 2998 ,
1883 2961 1962 2992 unde?
1970 2969 2030 3001 pa-

1153 3002 1277 3046 ftantur
1290 3026 1301 3042 ,
1326 3003 1442 3044 aliquid
1451 3003 1565 3036 donant
1576 3005 1629 3037 vel
1642 3006 1844 3047 donaverint,
1866 3006 2026 3050 secundum

1156 3052 1287 3086 laborum
1302 3050 1420 3094 suorum
1443 3053 1479 3086 (θ’
1497 3052 1699 3095 beneficIorum
1726 3055 1860 3096 Ecclesi'ae
1881 3057 2024 3101 impenso-

1156 3115 1223 3138 rum
1241 3107 1443 3145 quantitatem
1463 3105 1507 3136 ad
1532 3103 1743 3147 Episcoporum
1767 3104 1923 3139 arbitrium
1943 3132 1953 3148 ‚
1988 3114 2022 3142 in

1155 3165 1276 3197 quorum
1298 3151 1451 3185 parochiis
1474 3154 1583 3197 degunt
1606 3179 1616 3194 ,
1639 3160 1884 3195 paenitentiarum
1899 3155 2022 3199 suarum

1155 3205 1334 3243 remissionem
1359 3203 1395 3236 (⁷ae
1414 3203 1633 3246 indulgentiam
1650 3203 1861 3246 consequantur
1872 3230 1879 3236 .
1904 3207 1952 3240 Ita
1966 3205 2022 3242 ha.

1154 3255 1205 3289 bet
1231 3251 1365 3296 epistola
1394 3252 1586 3294 Apostolica
1618 3252 1908 3288 ad'Christianum
1931 3269 2021 3292 exer-

1151 3306 1250 3340 citum
1263 3328 1270 3336 .
1298 3303 1342 3336 Et
1360 3302 1448 3335 Petri
1468 3302 1570 3336 Caesar
1582 3302 1789 3346 -Augustani
1805 3304 1954 3349 Episcopi
1977 3306 2018 3341 ad

1150 3365 1265 3390 omnes
1296 3352 1353 3386 sub
1383 3351 1470 3385 coelo
1504 3351 1617 3386 fideles
1647 3352 1810 3396 epistola:
1840 3355 1897 3388 Alit
1925 3359 2038 3395 iuxta>

1149 3405 1349 3448 beneficiorum
1368 3400 1486 3446 suorum
1510 3407 1738 3446 quantitatem,
1763 3405 1798 3439 (5·
1823 3413 1941 3447 operum
1949 3405 2014 3447 suo-

1898 3466 1964 3488 rum
