2352 3756
750 125 1557 169 CONC'ILIABULUM.

1901 146 1990 189 313

237 223 330 255 quam
337 196 564 254 praecipitanter
577 206 765 254 adscenderit
777 233 787 249 ,
815 210 849 243 t&
859 211 879 240 ἃ
891 207 996 251 quibus
1007 218 1124 241 execra-
1169 215 1172 227 ¹
1188 204 1393 249 Augustinus
1405 204 1445 238 de
1456 206 1638 243 Donatistis
1650 223 1657 242 :
1687 218 1745 247 Hoc
1755 220 1854 246 autem
1864 213 1991 247 dmm&
2017 216 2054 249 ate

238 261 333 304 tusfit
343 286 353 302 ‚
379 274 485 304 quaeve
507 273 606 295 eorum
609 261 707 303 fuerit
719 264 787 293 vita
799 260 852 292 vel
861 256 1062 301 conversatio,
1090 259 1124 291 &
1170 267 1171 270 ’
1181 253 1238 298 fica
1246 253 1466 297 consuetudine,
1493 267 1583 297 quam
1605 258 1694 299 nescio
1710 265 1825 302 quando
1846 262 2031 303 instituerunt
2042 288 2055 305 ,

238 314 359 354 quidde
371 314 517 346 Ordinato
528 312 580 346 vel
588 309 818 344 ordinatoribus
843 310 912 350 eJ‘us
929 306 1121 350 sentiendum

237 361 292 403 fit,
318 363 506 397 Geberardus
518 359 733 406 Salzburgenfis
745 357 909 402 Episcopus
921 380 931 396 ‚
956 364 1008 399 qui
1026 362 1123 391 cuivis

234 409 384 454 speculum
405 422 471 448 erat
491 412 649 453 bonorum,
676 416 869 453 interrogatus
881 409 996 441 edicat.

288 462 474 498 Audiamus
492 461 671 497 Geberardi
684 461 804 494 litteras
815 458 856 492 ad
877 458 1123 491 Herimannum

235 511 423 547 Metensem
448 513 671 557 Episcopum,
697 510 802 544 virum
824 507 934 541 similis
951 508 1123 541 sanctimo-

233 563 300 595 niae
317 576 328 596 .·
354 564 538 602 Gatheatas,
563 563 712 605 quondam
732 563 899 593 Ravennas
927 555 1119 600 Arcbiepisco·

231 622 316 656 pus,
341 623 406 646 cum
415 612 634 652 obedientiam,
658 621 748 653 quam
760 609 924 651 Apostolicae
948 609 1019 641 5edi
1031 611 1120 647 jura-

235 672 337 696 mento
345 662 546 707 promiserat,
573 673 631 695 non
641 661 811 699 attendere,
831 658 890 703 sed
897 667 1001 690 contra
1023 656 1120 699 ipsam

235 714 412 747 omnimodis
430 713 582 757 superbire
598 711 772 753 studuiffet,
800 715 832 741 in
856 712 992 740 Romana
1012 707 1120 744 synodo

235 764 511 804 inrecuperabiliter
524 760 666 805 depofitus
677 761 710 793 Θ
722 758 998 792 anathematizatus
1018 755 1057 795 est
1079 756 1118 788 ab

237 811 393 853 apostolica
418 815 493 845 Sede
513 837 524 852 ,
561 813 596 845 (π’
614 810 654 843 ab
675 807 830 851 Episiopis
854 811 944 840 totius
966 805 1116 847 Ecclefiae.

234 865 304 895 Nec
313 860 364 894 hoc
371 859 465 905 semel
474 867 505 893 in
517 872 578 894 una
600 859 728 898 synodo,
751 855 808 899 sed
826 861 859 889 in
882 855 1013 888 omnibus
1038 860 1118 895 syno-

236 914 309 953 dis,
334 920 470 954 quotquot
476 913 548 952 jam
554 908 707 953 septennio
731 911 834 940 Romae
853 905 1008 939 celebratae
1023 905 1116 949 sunt.

237 966 297 994 Hic
305 967 395 1005 igitur
405 968 450 994 ita
461 966 493 993 in
500 962 642 1002 perjuriis
652 965 838 991 inveteratus
845 981 856 997 ‚
883 958 918 990 (θ’
935 964 996 998 pro
1012 955 1117 1000 iisdem

233 1012 509 1053 inrecuperabiliter
529 1007 670 1051 depositus
691 1009 723 1040 Θ
742 1005 1021 1039 anathematizatus
1034 1031 1045 1047 ,
1071 1010 1118 1041 5e-

234 1063 305 1094 dem
333 1066 460 1095 Romani
484 1059 635 1100 Pontificis
656 1082 667 1098 ‚
692 1062 736 1091 cui
757 1056 953 1090 obedientiam
969 1059 1115 1098 juravit,

230 1121 289 1154 per
299 1124 405 1145 manus
417 1110 739 1145 anathematizatorum
751 1132 761 1148 ‚
785 1105 945 1148 utpotefibi
953 1104 1089 1145 fimilium
1104 1131 1114 1147 ,

225 1161 348 1203 ,invafit
358 1188 367 1203 ‚
394 1164 522 1205 legitimo
535 1159 653 1200 Pastore
663 1156 760 1190 adhuc
772 1157 866 1189 eidem
879 1157 949 1188 sedi
958 1155 1116 1197 praefiden·

233 1221 266 1245 te
288 1237 295 1245 .
322 1211 458 1256 Ipsbrum
482 1218 580 1244 autem
598 1212 907 1242 excommunicatorum
926 1205 1025 1238 nullus
1050 1218 1115 1239 eum

232 1261 424 1305 consecrare,
450 1262 503 1295 vel
515 1261 615 1303 potiits
638 1268 773 1292 execrare
794 1254 983 1298 praesumpfit
1003 1280 1014 1296 ,
1036 1264 1113 1298 prae-

230 1321 282 1346 ver
306 1310 501 1354 Mutinensem
528 1312 563 1344 (τ
589 1314 741 1342 Aretinum
767 1303 994 1347 Eae-Episcopos
1017 1330 1028 1346 ,
1064 1312 1113 1348 qui

231 1362 323 1395 ambo
340 1371 396 1405 pro
409 1362 473 1405 suls
498 1358 670 1395 criminibus
698 1360 767 1399 jam
792 1362 883 1389 annis
906 1355 1002 1388 tribus
1029 1357 1113 1397 offic-10

232 1414 273 1446 v&
294 1417 489 1446 communione
508 1419 665 1444 caruerunt
683 1432 690 1439 .
715 1408 774 1440 sed
795 1406 827 1438 hi
837 1430 848 1445 ,
873 1404 989 1446 etiamsi
997 1406 1113 1446 officium

231 1463 271 1495 (9
291 1467 518 1495 communionem
540 1459 699 1497 haberem,
726 1458 760 1490 Θ
778 1459 915 1488 Romana
940 1456 1027 1487 Sedes
1054 1458 1113 1488 Pa-

227 1512 306 1552 store
327 1519 446 1546 vacaret
468 1534 481 1551 ,
520 1509 633 1542 nullum
653 1517 753 1541 tamen
779 1506 872 1539 eidem
896 1505 964 1537 sedi
992 1505 1112 1548 Pontifi-

231 1572 296 1595 cem
318 1563 456 1595 ordinare
469 1560 581 1603 possent
598 1585 605 1590 .
631 1559 730 1598 Hujus
748 1561 826 1589 enim
847 1555 1042 1587 ordinationis
1049 1562 1112 1597 pri-

227 1613 378 1654 vilegium
397 1610 467 1654 fiilis
490 1607 707 1641 Cardinalibus
726 1603 879 1648 Episcopis
901 1629 913 1645 ‚
938 1605 1112 1646 Albanenfi,

228 1660 371 1703 Ostienfi,
398 1657 569 1700 Portuenfi,
596 1660 616 1689 ἃ
637 1655 752 1688 sanein
776 1654 921 1686 Patribus
947 1654 986 1692 est
1007 1654 1113 1697 conces-

230 1709 314 1754 sum.
342 1713 426 1754 Ergo
449 1705 621 1748 Mutinenfis
645 1707 679 1739 ὁ·
701 1707 840 1736 Aretinus
854 1700 1016 1744 Episi‘opi‚
1037 1705 1112 1744 jux-

233 1770 272 1793 ta
292 1760 482 1800 testimonium
506 1756 674 1800 sanffliffimi
702 1757 798 1794 Papae
824 1757 985 1785 Innocentis·
1007 1776 1018 1792 ,
1054 1763 1112 1787 non

232 1809 461 1844 benediaeionem
486 1832 496 1848 ,
519 1805 575 1850 sed
605 1806 824 1838 damnationem
844 1827 856 1843 ‚
891 1813 981 1844 quam
1006 1801 1114 1836 habue-

231 1868 308 1894 runt
320 1884 332 1901 ,
352 1859 407 1903 sico
427 1861 602 1891 Ravennati
621 1860 766 1896 imponere
782 1860 941 1894 potuerunt
954 1876 961 1883 .
988 1856 1054 1885 Nec
1076 1855 1110 1886 il-

228 1911 296 1945 lum
318 1914 352 1943 in
371 1912 536 1940 Romanum
559 1902 769 1938 patriarcham
791 1926 801 1943 ,
823 1902 881 1945 sed
910 1907 942 1933 in
958 1902 1111 1942 perditiffi-

229 1970 313 1993 mum
349 1955 581 1998 Herefiarcbam
604 1962 813 1997 promoverunt
829 1977 836 1984 .
875 1955 994 1985 Caveat
1020 1957 1110 1996 igitur

228 2015 328 2043 omnis
351 2007 540 2047 christianus
560 2013 648 2046 caput
660 2001 859 2041 Anti-Christo
871 2003 1031 2042 inclinare,
1049 2002 1108 2042 sta-

230 2067 317 2092 tuam
337 2069 428 2100 quam
451 2051 715 2096 Nabuchodonosor
736 2057 831 2085 erexit
851 2052 994 2091 adorare,
1018 2049 1109 2101 fitque

228 2107 264 2151 se
283 2106 370 2149 ipsius
393 2103 601 2146 Haerefiarchae
618 2100 838 2145 perniciofiffimo
865 2100 1052 2134 anathemati
1063 2107 1106 2135 in-

226 2159 363 2191 ¹nodare.
390 2159 477 2189 Nam
498 2160 668 2197 quicumque
686 2154 729 2185 illi
748 2151 912 2190 obedierit,
939 2157 988 2192 qui
1001 2153 1105 2192 dixit,

229 2211 349 2240 Ponam
367 2204 464 2249 sedem
487 2216 585 2238 meam
607 2204 650 2235 ad
668 2203 831 2244 aquilonem
844 2225 855 2240 ‚
881 2202 915 2233 Θ
935 2211 982 2234 ero
1002 2199 1103 2242 similis

229 2257 366 2297 Altifflmo
384 2277 395 2294 ‚
418 2253 563 2293 certiffime*
584 2258 615 2285 in
638 2262 782 2285 aeternam
801 2251 1021 2284 damnationem
1046 2252 1103 2286 ibit

227 2318 294 2340 cum
316 2303 398 2348 ipso.
424 2308 534 2338 Amen.
562 2301 710 2337 Laudata
731 2301 918 2335 innocentii
940 2301 1034 2335 verba
1046 2301 1101 2337 ha-

227 2356 286 2391 bes
306 2356 344 2390 in
365 2353 480 2388 litteris
501 2353 542 2388 ad
567 2353 693 2386 Rufum
714 2350 1036 2386 Thessalonicensem
1061 2365 1100 2387 ac

227 2406 313 2440 alios
333 2403 457 2447 lllyrici
479 2403 679 2446 Episcopos,
704 2413 775 2446 quae
794 2400 965 2435 adfirmant
975 2412 1031 2444 per
1042 2400 1100 2437 hae-

228 2455 336 2490 reticae
353 2465 468 2488 manus
487 2453 730 2496 impositionem
752 2450 913 2485 vulnerari
935 2451 1032 2485 nobis
1050 2464 1099 2486 ca-

227 2516 312 2550 put,
336 2505 371 2538 &
397 2503 580 2548 adjungunt
602 2515 609 2534 :
638 2504 703 2545 ‚Qui
721 2502 801 2545 quod
821 2512 876 2533 non
899 2499 1001 2534 habuit
1027 2504 1099 2536 dare

228 2567 287 2588 non
308 2559 408 2597 potuit
429 2578 440 2595 ‚
466 2553 685 2585 damnationem
709 2557 832 2593 utique,
858 2562 949 2592 quam
974 2549 1099 2594 babuit,

222 2614 280 2648 per
297 2613 431 2646 pravam
452 2614 559 2635 manus
579 2600 783 2643 impositionem
794 2601 878 2633 dedit
891 2624 900 2632 .

276 2653 379 2703 Qod
406 2653 550 2687 Romani
569 2650 741 2685 Pontificis
753 2650 953 2684 consecratio
968 2662 1034 2685 non
1046 2663 1099 2695 per

225 2705 382 2749 quosvis,
409 2703 461 2736 sed
487 2714 541 2745 per
562 2701 648 2735 solos
671 2701 877 2734 Hostiensem
893 2724 903 2739 ‚
941 2700 1098 2736 Portuen-

223 2757 312 2794 sem,
339 2752 604 2788 &Albanensem
617 2751 793 2794 Episcopos
815 2749 910 2793 possit
934 2751 1027 2792 fieri,
1053 2751 1097 2786 est

223 2803 460 2848 antiquiffimus
488 2803 644 2835 Romanae
669 2800 816 2834 Ecclefiae
839 2811 931 2840 mos,
957 2801 989 2833 δε
1011 2800 1095 2836 haud

223 2854 327 2888 dubie
339 2852 568 2897 Apostolicum
581 2850 767 2885 Institutum
779 2875 786 2881 .
814 2849 922 2893 Ipsum
936 2849 1043 2884 laudat
1062 2852 1094 2885 in

223 2902 484 2947 Carthaginensis
495 2900 693 2936 Collationis
705 2898 878 2933 Breviculo
887 2901 1020 2934 sandius
1030 2900 1096 2936 Au-

222 2952 394 2998 gustinus.
421 2950 623 2991 Donatistis,
652 2953 708 2993 qui
731 2949 937 2992 Cecilianum
964 2950 1096 2985 Cartha·

222 3003 393 3046 ginensem
428 3001 604 3035 Primatem
627 3011 693 3034 non
719 3000 736 3032 ὲ
760 3000 867 3032 Felice
891 2999 1093 3044 Aptungensi

223 3052 390 3095 Episcopo
401 3049 599 3085 provinciali
611 3075 620 3090 ‚
650 3049 702 3083 sed
714 3049 730 3082 a
743 3049 908 3083 Numidiae
932 3049 1093 3093 Primate,

222 3102 274 3135 uti
301 3100 485 3144 Principem
511 3100 529 3134 ὲ
551 3099 704 3142 Principe
729 3123 739 3139 ,
765 3098 907 3133 debuisse
930 3098 1093 3141 ordinari,

219 3150 364 3195 ideoque
399 3150 560 3193 perperam
583 3149 676 3182 fuisse
696 3147 882 3182 ordinatum
919 3150 1093 3184 contende-

78 3227 82 3233 .
219 3201 322 3241 bant,
349 3199 541 3242 respondet:
561 3198 654 3230 Aliud
662 3197 751 3231 habet
764 3197 893 3239 Ecclefiae
904 3197 1091 3241 consuetudo,

52 3226 112 3307 ἐξ,
138 3238 172 3299 36
219 3259 255 3287 ut
270 3261 326 3285 non
337 3250 483 3283 Numida·
496 3273 505 3288 ,
527 3246 585 3290 sed
591 3253 816 3290 propinquiores
826 3247 964 3290 Episcopi
977 3248 1092 3292 Episco-

109 3290 115 3298 α
178 3291 184 3297 ’
215 3309 289 3345 pum
302 3299 435 3341 Ecclesi‘ae
446 3297 644 3340 Carthaginis
656 3299 791 3331 ordinent
804 3322 813 3337 ,
835 3296 904 3338 ficut
916 3308 966 3330 nec
989 3303 1091 3332 Roma-

219 3363 269 3385 πα
283 3349 418 3391 Ecclefiae
431 3350 550 3380 ordinat
571 3349 679 3389 aliquis
701 3346 864 3390 Episcopus
894 3350 1090 3389 Metropolita-

219 3412 299 3443 nus,
320 3399 376 3443 sed
385 3401 421 3432 de
438 3402 571 3440 proximo
593 3394 742 3436 Hostienfis
758 3395 921 3441 Episcopus
946 3422 953 3430 .
978 3398 1091 3444 Pergit

321 3448 429 3490 christ.
438 3451 515 3491 Lupi
526 3451 622 3490 Opera
631 3449 717 3479 T.VI.

1170 302 1319 346 'Ecclefiae
1349 305 1507 339 catholica·
1529 308 1727 347 praejudicare
1747 312 1924 346 conabantur
1940 339 1951 353 ,
1987 324 2055 356 quae

1185 353 1356 398 consuetudo
1360 354 1392 396 fi
1398 361 1526 398 antiqua
1535 357 1618 399 effer,
1642 355 1693 390 boc
1701 356 1796 399 ipsum
1807 361 1964 404 objecissem
1985 368 2053 397 Cae-

1185 407 1309 446 ciliano,
1335 407 1454 448 quando
1475 417 1541 439 eum
1562 405 1714 449 absentem
1734 408 1974 444 damnaverunt.
2000 415 2054 448 Se.

1185 456 1312 490 cundus
1333 456 1540 500 Tigisitanus
1563 456 1762 500 EpiscopuS,
1786 468 1824 490 ac
1839 467 1919 492 tunc
1938 459 2054 497 Numi-

1185 506 1245 539 diae
1257 505 1382 540 Primas
1392 528 1402 545 ‚
1412 506 1543 550 quidem
1555 507 1731 541 Caeciliano
1744 507 2007 549 superordinavit,
2018 522 2054 544 ac

1185 557 1218 588 in
1234 555 1522 600 Carthaginensem
1533 556 1688 591 thronum
1701 557 1826 591 intrusit
1839 557 2057 600 Majorinum‚

1185 616 1328 639 attamen
1351 606 1396 640 ob
1419 606 1519 640 solam
1543 606 1800 641 Provincialium
1824 631 1834 647 ,
1861 608 1917 650 qui
1941 618 2055 644 omnes

1185 655 1364 690 Caeciliano
1375 655 1552 690 manebant
1574 657 1706 698 fideles,
1733 657 1969 701 Episcoporum
1986 658 2057 692 ino-

1184 707 1288 747 piam,
1318 717 1384 740 non
1399 718 1439 739 ex
1452 707 1564 740 animo
1577 707 1766 741 inducenda:
1776 707 1866 741 istius
1876 707 2033 742 novitatis
2045 733 2052 740 .

1183 755 1283 790 Hanc
1295 755 1402 798 postea
1417 780 1427 796 ,
1455 757 1610 790 utsuisin
1635 756 1849 791 Caecilianum
1872 757 1906 791 &
1931 757 2054 793 Catho-

1183 804 1279 839 licam
1293 806 1467 840 Ecclesiam
1486 806 1572 840 odiis
1583 808 1727 841 fomenta
1738 806 1912 847 adderent,
1942 808 2055 843 Dona-

1182 855 1261 889 tistae
1272 854 1326 889 sibi
1340 856 1590 890 confinxerunt.
1618 858 1666 892 Ut
1677 856 1766 891 enim
1787 855 1994 896 Patriarcha,
2018 858 2054 892 &

1182 904 1316 947 quivisa
1328 904 1536 940 Patriarchali
1549 917 1648 942 manu
1660 918 1828 950 exemptus
1855 906 1977 941 Primas
1998 916 2053 940 aut

1183 955 1396 998 Metropolita
1407 957 1637 991 consecretur-a
1659 958 1794 1001 propriis
1814 957 2055 1001 Suffraganeis,

1182 1004 1316 1038 mandat
1343 1006 1560 1049 antiquiffima
1583 1032 1592 1047 ‚
1631 1008 1770 1051 ideoque
1795 1007 1830 1041 ὅ(
1862 1006 2055 1050 Apostolica

1181 1054 1384 1088 consuetudo
1400 1079 1407 1087 .
1437 1057 1471 1089 ln
1486 1056 1676 1100 quibusdam
1700 1057 1882 1090 Provinciis
1905 1056 2057 1100 spectavit

1182 1104 1222 1139 ad
1250 1105 1433 1145 seniorem,
1460 1105 1709 1149 in'quibusdam
1732 1107 1771 1140 ad
1793 1105 1975 1151 dignioris,
2000 1115 2057 1140 aut

1181 1155 1279 1188 etiam
1307 1156 1474 1189 vicinioris
1495 1157 1636 1190 civitatis
1655 1157 1899 1202 Suffraganeum
1920 1182 1926 1189 .
1954 1156 2058 1190 Porro

1182 1204 1222 1238 de
1247 1204 1415 1237 Hostienfi
1428 1205 1560 1243 civitate
1579 1230 1589 1245 ,
1616 1206 1702 1239 Anci
1716 1206 1830 1239 Martii
1854 1207 1957 1251 Regis
1983 1217 2060 1250 ope-

1182 1265 1235 1294 re,
1261 1265 1359 1297 quam
1375 1254 1480 1288 Almae
1491 1254 1596 1289 Urbis
1608 1256 1756 1289 clientem
1776 1257 1809 1289 &
1821 1256 1985 1290 alumnam
2008 1268 2061 1299 ap-

1184 1304 1281 1347 pellat
1293 1303 1409 1338 Florus
1427 1330 1438 1345 ,
1467 1302 1576 1340 scribit
1601 1305 1634 1338 in
1659 1306 1748 1338 libris
1770 1305 1810 1339 de
1831 1304 1980 1339 Gothico
1998 1305 2061 1339 Im-

1184 1354 1336 1396 peratoris
1347 1354 1617 1396 Justinianibello
1640 1355 1819 1399 Procopius
1844 1355 2058 1389 Caesarienfis:

1184 1403 1279 1443 Hostia
1291 1404 1362 1436 “⁷⁶¹
1374 1406 1522 1446 quondam
1533 1412 1635 1449 magni
1648 1411 1775 1440 nominis
1790 1430 1800 1445 ,
1827 1417 1904 1439 nunc
1916 1406 2060 1439 moenibus
2077 1395 2143 1477 2²¹3·
2163 1404 2211 1465 ²¹24

2076 1237 2139 1268 Lib·
2160 1248 2187 1276 3.
2203 1248 2231 1270 c.

2080 1289 2124 1308 211.

1178 1454 1270 1494 plane
1282 1454 1363 1486 nuda
1383 1480 1389 1486 .
1422 1454 1549 1497 Nempe
1571 1456 1645 1499 ipsis
1671 1457 1806 1499 spoliata
1830 1467 1884 1498 per
1907 1455 2060 1490 Gothos.

1182 1504 1265 1537 Eam
1283 1513 1379 1537 vocat
1394 1504 1624 1539 Romanorum
1636 1505 1766 1540 Navale
1778 1530 1785 1537 .
1813 1504 1993 1540 Rationem
2005 1505 2062 1541 dat

1181 1554 1214 1587 in
1228 1551 1397 1588 Chronico
1409 1554 1605 1589 Caesarienfis
1614 1555 1790 1590 Eusebius:
1818 1558 1941 1589 Portum
1955 1556 2063 1598 Hostia

1180 1605 1330 1636 Claudius
1353 1603 1497 1644 exstruxit
1519 1629 1530 1644 ,
1557 1606 1671 1638 dextra
1693 1607 1820 1648 levaque
1845 1606 1957 1639 duobus
1981 1605 2067 1648 quas?

1179 1651 1308 1685 brachiis
1329 1653 1447 1693 objec‘i'is
1469 1680 1476 1686 .
1514 1654 1622 1690 Fuisse
1643 1656 1871 1698 amplissimam
1895 1656 2062 1690 civitatem

1179 1701 1302 1734 docent
1316 1702 1351 1734 in
1362 1702 1601 1737 Theodosiano
1613 1704 1739 1739 Codice
1762 1705 1816 1739 lex
1841 1715 1954 1749 quarta
1972 1705 2062 1740 tituli

1178 1751 1220 1784 de
1231 1751 1445 1785 frumentario
1460 1751 1621 1787 Romanae
1643 1754 1733 1788 urbis
1758 1754 1922 1794 Canone,
1948 1755 1981 1788 &
2008 1756 2062 1788 lex

1179 1801 1276 1835 unica
1296 1801 1384 1834 tituli
1397 1801 1438 1835 de
1459 1806 1545 1844 pane‘
1558 1802 1726 1837 Hostiensi
1742 1828 1749 1836 .
1776 1803 1879 1838 Hisce
1899 1803 1941 1838 de
1963 1805 2062 1839 causis

1178 1851 1310 1885 Sanetus
1327 1850 1444 1885 Petrus
1461 1851 1643 1895 Apostolus
1663 1854 1738 1888 suos
1761 1854 1795 1887 in
1819 1855 1967 1897 supremo
1990 1855 2060 1890 Ro-

1177 1911 1349 1935 manorum
1363 1902 1560 1945 Episcopatu
1573 1902 1771 1938 Succeffores
1784 1903 1889 1938 voluit
1901 1915 1955 1946 per
1967 1904 2057 1939 istius

1177 1951 1356 1995 Episcopos
1368 1953 1547 1986 consecrari
1562 1978 1569 1984 .
1597 1953 1641 1986 Et
1650 1952 1727 1987 hinc
1751 1953 1836 1988 inter
1856 1954 1919 1988 alia
1942 1955 2058 1990 Nova·

1174 2000 1255 2035 tiani
1277 2026 1288 2043 ,
1327 2000 1423 2044 primi
1450 2001 1660 2046 Anti-Papae
1684 2029 1696 2044 ‚
1731 2004 1869 2038 crimina
1898 2005 2053 2047 ponitur,

1174 2050 1262 2092 quod
1284 2053 1317 2084 se
1338 2062 1392 2094 per
1411 2061 1475 2085 tres
1500 2053 1636 2097 agrestes
1649 2077 1660 2093 ,
1685 2052 1726 2087 ab
1738 2053 1816 2088 urbe
1827 2064 1991 2095 remotos,
2018 2056 2051 2088 vi

1174 2101 1207 2133 δε
1220 2099 1302 2133 dolo
1314 2111 1353 2133 ac
1363 2100 1517 2134 ebrietate
1528 2103 1786 2146 circumscriptos
1806 2104 1841 2137 &
1861 2106 2049 2146 compulsos

1174 2150 1354 2194 Episcopus
1374 2150 1484 2183 fecerit
1506 2152 1686 2184 consecrari
1707 2177 1714 2183 .
1755 2152 1804 2186 Ita
1823 2154 1907 2196 apud
1932 2154 2048 2189 Eccle-

1171 2199 1326 2233 fiasticam
1353 2199 1524 2234 memorati
1545 2200 1678 2234 Eusebii
1702 2200 1869 2236 historiam
1889 2202 1988 2239 habes
2008 2206 2045 2244 in

1171 2249 1285 2284 litteris
1304 2251 1412 2284 Sansti
1425 2249 1573 2284 Cornelii
1587 2250 1760 2285 Pontificis
1771 2252 1811 2286 ad
1836 2252 1974 2289 Fabium
1987 2254 2044 2290 Pa·
2086 2290 2091 2296 ,

1168 2299 1339 2335 triarcham
1353 2299 1600 2334 Antiochenum
1613 2326 1620 2332 .
1648 2299 1778 2345 Nempe
1799 2302 1858 2336 isia
1879 2306 2043 2341 consecra·
2083 2289 2120 2321 'b'
2140 2291 2167 2317 6.

1167 2351 1217 2385 tio
1237 2361 1316 2384 tunc
1337 2348 1419 2384 adeo
1438 2350 1595 2394 spectabat
1614 2351 1654 2385 ad
1678 2351 1887 2388 Hostiensem
1910 2354 2042 2398 Episco·
2057 2339 2119 2369 αρ’
2151 2340 2200 2368 35·

1169 2413 1267 2446 pum,
1292 2408 1330 2435 ut
1352 2400 1405 2433 isti
1424 2401 1525 2434 etiam
1544 2401 1700 2444 simplices
1723 2402 1876 2447 Episcopi
1899 2404 1961 2439 alia
1989 2407 2040 2442 via

1168 2463 1236 2485 non
1263 2451 1431 2496 potuerint
1456 2450 1564 2485 seduci
1584 2451 1624 2485 ad
1644 2452 1787 2487 alienum
1815 2454 1866 2497 jus
1888 2455 2038 2491 invaden-

1166 2501 1244 2536 dum
1264 2526 1271 2534 .
1299 2501 1342 2535 Et
1365 2501 1406 2535 de
1429 2501 1586 2536 Ursicino
1606 2525 1616 2542 ,
1654 2502 1760 2536 Sancti
1787 2504 1915 2538 Damasi
1942 2504 2038 2541 Anti-

1165 2551 1208 2584 Pa
1214 2563 1251 2595 pa
1263 2550 1371 2585 scribit
1381 2552 1526 2586 Socrates
1537 2565 1548 2584 .·
1570 2549 1714 2594 Persuasit
1723 2552 1896 2596 quibusdam
1907 2555 2035 2598 obscuris
2074 2595 2079 2601 ,

1164 2604 1198 2636 (θ’
1221 2601 1346 2642 abJ'ec‘i‘is
1367 2600 1543 2644 Episcopis‚
1571 2610 1605 2634 ut
1620 2607 1652 2634 in
1670 2604 1774 2636 occulto
1797 2603 1892 2646 ipsum
1904 2617 2035 2641 crearent
2051 2596 2108 2631 ω’·
2138 2617 2168 2641 4·

1163 2650 1357 2694 Episcopum.
1383 2652 1530 2693 Ipsorum
1551 2662 1654 2698 unum
1676 2653 1810 2687 edicunt
1832 2654 1866 2687 in
1888 2656 2034 2699 precibus
2050 2647 2111 2679 αρ’
2138 2654 2185 2678 24·

1163 2700 1355 2735 Theodosio
1366 2700 1556 2743 Imperatori
1571 2702 1719 2745 porrectis
1728 2703 1874 2738 Romani
1899 2705 2034 2751 Presby-

1161 2752 1220 2784 teri
1234 2750 1404 2785 Faustinus
1417 2762 1453 2784 ac
1468 2751 1681 2786 Marcellinus
1695 2766 1705 2786 .·
1732 2753 1888 2794 Urſscinum
1916 2759 2032 2792 Paulus

1162 2801 1333 2834 Tiburtinus
1357 2797 1518 2842 Episcopus
1540 2801 1684 2835 benedicit
1706 2828 1712 2835 .
1742 2804 1784 2837 Et
1803 2805 1909 2839 Sansti
1932 2807 2031 2840 Boni-

1161 2851 1233 2885 facii
1248 2850 1342 2894 primi
1356 2850 1572 2894 Anti-Papam
1586 2852 1752 2886 Eulalium
1766 2854 1856 2888 fuine
1868 2856 1885 2888 a
1907 2857 2032 2890 violen-

1160 2912 1206 2934 ter
1231 2902 1365 2934 attrasto
1392 2901 1559 2934 Hostienfi
1589 2901 1752 2946 Episcopo
1785 2906 2030 2945 consecratum,

1160 2951 1293 2994 ideoque
1316 2950 1525 2984 Bonifacium
1547 2950 1689 2985 debuisse
1701 2955 1876 2987 consecrari
1889 2955 1928 2988 ab
1939 2956 2004 2989 alio
2015 2980 2026 2996 ‚

1161 3000 1255 3034 habes
1277 3002 1310 3033 in
1334 2999 1511 3034 Austuario
1534 3000 1719 3043 Symmachi
1743 3028 1754 3043 ‚
1794 3004 1923 3037 Urbani
1948 3016 2025 3039 tunc

1158 3050 1315 3084 Praefeffi.
1346 3050 1386 3083 Et
1397 3050 1436 3084 de
1446 3051 1568 3085 Liberii
1584 3051 1766 3094 Anti-Papa
1790 3054 1896 3087 Felice
1919 3055 2026 3088 secun·
2043 3065 2092 3100 Ep.
2122 3074 2166 3093 22,

1156 3101 1199 3134 do
1211 3100 1307 3134 habet
1319 3111 1372 3142 per
1383 3101 1639 3135 Constantinum
1652 3101 1843 3143 cajetanum
1868 3104 2023 3147 descripta

1156 3162 1195 3184 ex
1207 3150 1312 3183 Sansti
1327 3148 1410 3183 Petri
1427 3148 1572 3184 Arch1vo
1585 3175 1594 3190 ,
1621 3152 1653 3184 ὅ(
1667 3163 1720 3193 per
1741 3152 1899 3186 Martium
1928 3153 2025 3189 Mile-

1156 3201 1232 3233 sium
1257 3198 1415 3242 publicata
1435 3201 1541 3233 Sancti
1566 3201 1693 3233 Damasi
1718 3202 1783 3232 vita
1811 3213 1817 3233 :
1844 3206 1880 3234 In
1908 3204 2019 3238 Liberii

1154 3251 1242 3282 iocum
1265 3251 1353 3282 Felix
1376 3251 1520 3281 Diaconus
1538 3248 1713 3292 subrogatur
1737 3274 1747 3288 ‚
1786 3263 1871 3292 quem
1900 3257 2019 3288 Aeacius

1156 3298 1302 3341 Caesareae
1314 3299 1478 3338 Palaestinae
1498 3297 1659 3340 Episcopus
1676 3298 1851 3341 consecravit
1872 3326 1879 3333 .
1918 3303 2020 3350 Qod

1157 3351 1257 3391 ipsum
1295 3349 1328 3381 in
1353 3347 1526 3381 Illustrium
1548 3349 1687 3381 virorum
1710 3350 1857 3394 catalogo
1881 3350 2021 3387 insinuat

1155 3401 1285 3434 Sanctus
1309 3399 1535 3441 Hieronymus
1558 3423 1564 3429 .
1594 3398 1721 3442 Nempe
1742 3399 1923 3436 Hostiensis
1946 3403 2019 3444 Epi.

1555 3448 1590 3482 D
1615 3447 1636 3482 d
1909 3450 1973 3486 sco-
