2352 3756
113 500 187 539 Cap.
203 504 248 529 26.

105 1199 192 1230 Sei-m.
220 1204 265 1238 33.

111 1617 172 1650 lib.
196 1629 222 1652 7.

109 1659 209 1688 mmet.
243 1670 266 1687 2.

104 1698 184 1736 epist.
220 1707 268 1734 64.

107 1739 169 1770 le.
202 1753 226 1769 2.

106 1789 171 1820 cap.
204 1793 249 1813 20.
285 1794 286 1797 ¹

115 2325 189 2362 Cap.
210 2332 253 2353 ιο.

354 126 454 176 246

283 197 328 237 ria
342 197 473 242 lapsus,
501 193 723 240 Agathensem
737 194 910 228 canonem
934 191 1072 236 appellet
1096 190 1164 224 Au-

283 248 495 284 relianensem
507 271 519 286 ,
541 247 591 281 vel
601 257 642 281 an
655 246 811 280 adductus
822 245 839 278 ἐι
853 245 949 278 nobis
961 244 1080 277 Canon
1095 252 1174 274 non⁴

283 294 323 333 fit
350 295 546 342 Agathenfis
568 321 580 337 ,
616 295 668 330 sed
691 295 953 334 Aurelianensis,
981 304 1049 326 non
1073 299 1164 324 vacat

283 348 458 391 disquirere
481 370 488 380 .
513 345 686 394 Qidquid
713 347 749 380 sit
772 369 783 385 ,
820 345 962 378 nostram
983 342 1164 375 doctrinam

283 402 389 444 prima
416 397 657 432 Aurelianensis
681 395 834 439 Synodus
854 392 1022 426 manifeste
1045 391 1161 425 confir·

284 452 355 485 mat⁴
373 464 386 486 .-
412 449 488 482 C't‘cm
510 449 556 481 ad
577 447 770 480 celebrandas
791 444 894 486 Mlffas
915 448 948 475 tn
972 446 1029 474 Det
1051 445 1164 473 nomine

283 505 459 535 convenitur
470 523 480 539 ‚
491 498 618 541 populus
634 506 690 530 non
701 495 772 527 ante
786 493 920 536 discedat
931 516 942 531 ,
964 493 1057 534 qutim
1070 490 1162 532 Mtffae

279 550 454 596 solemnitas
466 549 643 590 compleatur
655 570 665 585 ,
693 546 727 578 (θ’
739 544 788 576 ubi
801 541 961 586 Episcopus
967 541 1068 583 fuerit
1079 564 1089 579 ,
1117 541 1155 571 be-

284 601 478 635 nedictionem
500 602 625 639 accipiat
647 596 813 628 sacerdotis
838 618 845 626 .
884 591 1011 626 Laudat
1034 590 1162 623 benedi-

284 652 426 687 &ionem
447 648 638 682 consuetam
661 645 728 678 dari
753 643 846 688 post,
872 647 917 676 Ite
937 639 1085 684 Missaest.
1114 638 1164 682 Ip-

284 703 350 736 sam
364 697 522 743 permittit
535 697 595 730 soli
610 695 774 739 Episcopo
789 718 799 734 ,
825 694 860 728 ὅ(
880 692 968 726 hunc
989 691 1094 724 solum
1119 691 1163 723 in-

284 750 406 794 telligit
424 759 477 792 per
501 757 637 786 vocem,
663 746 846 778 Sacerdotis.
876 743 921 775 Et
945 741 1033 775 hunc
1057 740 1165 774 forsan

285 801 461 835 Canonem
484 795 684 831 Walafridus
697 794 855 828 attendit.
884 792 1057 826 Consonat
1069 791 1164 824 tertia

283 849 525 885 Aurelianensis
548 845 703 891 Synodus
723 857 731 877 :
760 847 806 877 De
828 843 918 883 Miffis
943 842 1041 876 nullus
1065 843 1166 874 Lateo-

282 912 350 935 rum
372 901 444 933 ante*
466 898 601 942 discedat
613 921 623 936 ,
650 897 740 938 qudm
752 898 908 926 Dominica
921 894 1040 926 dicatur
1051 897 1163 924 oratio.

283 954 329 984 Et
344 949 374 992 fi
393 947 556 992 Episcopus
566 943 803 989 praesensfuerit
817 968 827 984 ‚
852 945 918 985 ejus
939 942 1101 977 benedu‘tto
1113 954 1166 975 ex-

279 1000 427 1045 specqetur
445 1021 453 1030 .
480 997 651 1031 Gallicana
676 994 820 1029 Ecclesia
843 994 973 1028 videtur
992 1004 1072 1028 tunc
1094 993 1165 1026 Do·

283 1051 406 1084 minica
427 1047 579 1082 oratione
608 1046 744 1079 Missam
775 1044 964 1079 conclufiffe
985 1068 993 1076 .
1030 1043 1164 1076 Etenim

283 1099 367 1144 apud
391 1098 492 1132 varias
515 1096 671 1131 Ecclefias
694 1095 756 1130 fuit
776 1095 860 1129 circa
873 1094 966 1128 istam
980 1041 1181 1224 orationeml

282 1163 356 1185 mos
379 1150 485 1184 varius
506 1172 513 1179 .
551 1147 717 1182 Africanae
741 1145 888 1179 Ecclesiae
915 1155 1040 1179 morem
1065 1143 1164 1176 edicit

284 1202 418 1235 sanstus
442 1197 648 1243 Augustinus
670 1197 705 1231 in
718 1197 868 1230 sermone
879 1195 1082 1228 dediverfis:
1109 1193 1166 1226 Ubi

282 1251 322 1292 est
340 1251 469 1293 perac‘t'a
483 1247 700 1292 sanc‘ltficatio,
727 1247 855 1279 dicimus
868 1250 1026 1278 orationem
1037 1247 1166 1276 Domini-

282 1313 369 1335 cam.
398 1299 462 1340 Post
475 1297 573 1342 ipsam
584 1299 712 1337 dicitur,
743 1301 812 1331 Pax
826 1294 994 1338 vobiscum:
1020 1297 1066 1327 Et
1091 1292 1167 1336 oscu-

282 1349 425 1394 lanturse
435 1348 614 1389 Christiani.
646 1348 779 1381 Ettunc
803 1348 839 1380 fit
863 1345 1075 1379 communio.
1104 1346 1169 1379 Lu-

283 1402 356 1436 cide
369 1402 414 1436 est
429 1399 606 1434 hodiernus
630 1398 758 1431 Latinae
779 1395 927 1429 Ecclefiae
950 1404 1041 1437 mos,
1069 1404 1165 1437 quem

282 1452 300 1486 ὲ
324 1453 353 1484 se
381 1451 549 1485 inductum
578 1449 615 1481 in
641 1448 832 1481 Romanam
857 1444 1030 1478 Ecclesiam
1057 1444 1167 1478 scribit

282 1502 432 1546 Magnus
453 1499 634 1543 Gregorius
657 1495 697 1530 ad
718 1496 878 1539 Joannem
904 1496 1069 1538 Syracusae
1092 1494 1167 1538 Epi·

278 1555 417 1594 scopum
441 1563 453 1583 .-
477 1552 650 1582 Orationem
677 1549 862 1579 Dominicam
882 1556 951 1577 mox
969 1544 1031 1587 post
1054 1552 1169 1586 precem

284 1605 427 1634 dicimus.
455 1598 563 1648 Quod
586 1607 642 1642 per
666 1603 791 1640 precem
811 1594 979 1639 intelligat
990 1595 1095 1628 Missae
1107 1595 1167 1629 Ca-

284 1663 406 1686 nonem
420 1675 431 1691 ,
458 1649 569 1684 scribit
592 1648 626 1682 in
648 1646 715 1689 ejus
737 1646 801 1681 vita
823 1646 964 1689 Joannes
976 1646 1167 1679 Diaconus.

286 1703 399 1749 Qare
422 1701 511 1734 hunc
535 1708 661 1733 rnorem
685 1709 753 1731 non
777 1696 794 1729 a
818 1694 962 1733 GraeciS,
987 1694 1168 1729 sedaLati·

284 1755 338 1787 nis
363 1750 538 1790 Ecclefiis‚
564 1749 586 1781 fi
608 1757 719 1781 tamen
743 1747 802 1780 iste
825 1746 930 1779 sermo
952 1744 988 1778 sit
1010 1744 1082 1778 vere
1101 1745 1171 1777 Au·

285 1800 492 1847 gustinianus
519 1824 530 1840 ,
556 1798 735 1841 Gregorius
758 1796 820 1829 fuit
842 1804 1011 1828 mutuatus
1027 1819 1034 1826 .
1073 1795 1169 1828 Hinc

285 1852 378 1887 addit
392 1864 399 1883 ε
428 1854 583 1884 Βοωὶηίσα
595 1853 689 1880 oratio
700 1847 784 1888 apud
794 1847 912 1878 Graecos
926 1844 966 1877 ab
977 1849 1057 1877 omni
1063 1845 1171 1887 populo

288 1906 399 1936 dicitur
412 1926 423 1942 ,
450 1900 535 1942 apud
546 1910 598 1931 nos
609 1898 629 1930 ἆ
637 1896 697 1940 solo
709 1897 863 1930 Sacerdote
875 1920 882 1927 .
913 1895 957 1928 Et
980 1895 1021 1929 de
1034 1895 1097 1929 suis
1110 1893 1171 1928 Ar-

288 1953 408 1987 meniis
429 1949 537 1985 scribit
561 1949 595 1982 in
624 1946 763 1981 secunda
790 1944 954 1979 invectiva
985 1944 1171 1979 Patriarcha

290 2003 379 2037 Isaac
392 2016 403 2035 .-
432 2005 564 2034 Armenu
585 1996 773 2041 sanxerunt,
800 2001 913 2038 nequis
931 1995 1043 2028 audeat
1054 1996 1148 2028 dicere
1161 2019 1172 2035 ,

280 2057 385 2087 *Pater
402 2051 514 2091 noster,
541 2055 573 2082 in
596 2048 658 2081 alla
679 2052 835 2087 oratione,
854 2045 919 2088 five
929 2047 1092 2083 sacerdos,
1112 2043 1173 2086 five

294 2108 431 2142 Latcus,
457 2100 512 2142 nifi
523 2099 603 2143 solus
625 2096 802 2141 sacrificans
828 2120 835 2127 .
873 2096 1045 2142 onsdam
1069 2095 1174 2128 Sacer-

291 2154 387 2188 dotes
407 2177 418 2193 ,
455 2149 525 2195 quo
557 2149 651 2182 istam
673 2147 861 2180 orationem
886 2145 963 2179 solis
986 2145 1174 2180 Dominicis

291 2202 408 2238 diebus
433 2201 475 2235 ad
500 2198 633 2233 Missam
643 2194 810 2235 dicerent,
837 2195 977 2240 graviter
988 2195 1120 2240 arguit,
1139 2206 1176 2228 ac

291 2254 447 2295 deinceps
467 2247 616 2293 quotidie
637 2247 702 2281 dici
727 2244 858 2280 mandat
880 2256 994 2289 quarta
1020 2245 1176 2289 Synodus

290 2303 461 2337 Toletana
474 2326 481 2333 .
509 2299 606 2333 Alios
623 2297 702 2331 item
723 2295 912 2331 Sacerdotes
933 2296 1064 2340 arguit,
1086 2294 1176 2339 quod

292 2354 378 2388 dista
410 2351 473 2385 hac
505 2348 656 2384 oratione
679 2346 789 2380 statim
813 2346 1003 2390 semetipsos
1027 2370 1039 2386 ,
1074 2356 1174 2390 popu-

294 2405 365 2438 lum
392 2413 461 2436 non
489 2400 546 2434 nifi
570 2397 638 2442 post
658 2397 737 2430 alias
760 2396 926 2430 orationes
953 2396 1177 2431 communica-

295 2464 384 2488 rent.
410 2452 521 2499 Qem
544 2450 578 2483 in
602 2447 760 2481 Romano
780 2446 862 2479 olim
884 2446 1042 2480 sacrificio
1066 2445 1175 2478 locum

297 2503 449 2539 habuerit
476 2501 533 2533 ista
558 2498 688 2538 oratio,
713 2498 813 2539 usque
825 2495 1037 2539 hucignoro.
1065 2494 1176 2529 Etiam

298 2567 340 2589 an
364 2564 417 2597 per
443 2551 544 2594 ipsam
565 2548 740 2583 Gallicana
765 2546 908 2580 Ecclesia
922 2545 1113 2580 sacrificium
1124 2544 1180 2583 ali·

299 2604 434 2649 quando
458 2598 670 2636 concluserit.
697 2596 871 2644 Quidquid
892 2595 930 2630 sit
950 2620 961 2636 ,
994 2595 1179 2639 praesentem

301 2654 511 2698 disciplinam
544 2647 697 2683 stabilivit
726 2657 841 2691 quarta
868 2645 1048 2679 Parifienfis
1077 2646 1182 2688 Syno-

302 2705 380 2739 dus.
406 2701 644 2737 Rhemenfium
669 2697 884 2740 Metropolita
896 2694 1100 2741 AEgidiusin
1112 2694 1182 2728 Du·
1197 2696 1200 2734 Ι

304 2755 393 2787 nenti
431 2750 641 2787 Carnutensis
677 2747 835 2783 Dioecefis
863 2747 982 2781 Castro
1017 2743 1202 2811 ordinarat]

306 2803 501 2837 Promotum
524 2800 743 2844 Episcopum,
769 2807 865 2841 atque
890 2798 936 2831 ita
957 2796 998 2830 de
1020 2795 1121 2831 atroci
1148 2793 1202 2840 ing

309 2855 341 2888 se
364 2852 479 2895 injuria
509 2850 672 2892 Pappolus
703 2847 910 2882 Carnutenfis
934 2846 1115 2891 Episcopus
1139 2843 1202 2885 est]

312 2903 399 2946 apud
432 2900 604 2945 Synodum
633 2898 828 2940 conquestus
853 2922 860 2930 .
890 2896 970 2931 Haec
998 2894 1204 2941 degradavit;¹

312 2954 531 2989 Promotum,
558 2949 786 2992 imaginarium
808 2947 1038 2990 Episcopatum
1051 2944 1189 2989 suppres-

313 3003 375 3044 fit,
401 3011 497 3044 atque
510 2999 678 3042 adjunxit:
704 3000 868 3030 statuimus
880 3003 991 3037 etiam,
1015 3006 1048 3030 ut
1060 3002 1186 3039 quicum-

315 3065 371 3096 que
395 3053 432 3086 de
451 3051 556 3094 populo
572 3049 621 3082 illo
645 3047 872 3080 benedictionem
884 3049 1015 3079 Promotl
1028 3044 1190 3085 Presbyteri

318 3107 495 3145 expetierit,
522 3108 575 3132 aut
587 3103 714 3140 accipere
733 3106 883 3130 contentus
890 3095 1012 3138 fuerit,
1038 3098 1058 3128 ἃ
1071 3104 1191 3130 commu-

650 113 691 158 S.
728 111 1048 158 GREGORII
1086 109 1718 158 SEPT1M1PONT11=ICIS
1771 127 1775 134 “

1227 191 1324 224 tulari
1345 191 1456 225 statuit
1477 191 1518 225 de
1549 194 1712 229 audienda
1739 195 1838 232 Missa
1865 208 2005 243 magnus
2034 197 2103 243 ipse

1227 240 1366 273 Carolus
1379 254 1390 273 .·
1417 245 1488 274 Non
1499 251 1611 276 exeant
1621 254 1692 277 ante
1703 248 1920 287 completionem
1929 250 2103 284 benedic‘lt'o-

1228 296 1276 322 m's
1301 292 1498 325 sacerdotalis
1520 317 1527 324 .
1567 292 1630 327 Per
1657 294 1922 332 benedictionem
1944 300 2103 346 intelligit

1229 340 1376 373 ultimam
1392 342 1589 377 Colleetam.
1620 345 1702 388 Ejus
1721 347 1811 380 enim
1830 357 1983 392 tempore
1994 351 2104 396 viguit

1230 391 1431 426 Walafridus
1442 392 1558 427 Strabo
1571 417 1578 424 .
1602 394 1644 428 Et
1657 395 1847 439 Capitulare
1859 399 1986 443 pergit:
2013 403 2105 434 Audi-

1228 448 1291 472 tum
1303 440 1340 481 est
1350 443 1468 484 aliquas
1481 443 1647 487 Abbattffas
1659 471 1669 487 ,
1694 457 1798 480 contra
1808 448 2038 491 morgmsandae
2049 451 2105 483 Del

1230 488 1361 531 Ecclefiae
1384 516 1394 531 ,
1419 493 1637 528 henedictiones
1655 507 1721 529 cum
1741 509 1849 532 manus
1870 498 2046 542 impofitlone
2070 501 2106 535 θ

1225 539 1366 582 fignaculo
1378 544 1497 577 Sanc¹7ae
1507 549 1609 578 CrucIs
1614 544 1709 588 super
1731 553 1831 590 capita
1851 555 1986 583 virorum
2012 551 2101 583 dare.

1228 592 1323 634 Quod
1333 596 1448 626 omnino
1470 598 1705 629 interdicendum
1724 598 1777 641 effe
1792 597 1912 641 ftitoto.
1942 601 2106 644 Loquitur

1229 644 1269 674 ad
1284 641 1478 686 Epist-opos.
1507 646 1589 686 Ait,
1615 647 1707 689 Super
1728 654 1830 690 capita
1851 655 2002 683 virorum.
2033 651 2107 685 Ete-

1230 693 1297 725 nim
1320 703 1354 726 ut
1379 692 1555 730 Abbatisi‘ae
1576 707 1755 732 maternam
1785 710 1823 733 ac
1854 700 2013 742 privatam
2037 700 2106 735 fine

1230 752 1386 777 manuum
1407 745 1616 789 impositione
1644 747 1905 784 benedictionem
1933 749 2013 784 dent
2041 749 2107 784 suis

1230 791 1457 835 Monialibus,
1483 807 1552 830 non
1563 796 1903 834 estinterdicendum.
1933 798 2106 834 Etexisto

1230 841 1368 877 canone
1382 845 1497 880 Sansta
1508 848 1615 881 Maria
1631 848 1835 893 AEgyptiaca
1847 874 1858 890 ‚
1884 849 1925 884 ab
1936 860 2107 885 occurren-

1229 899 1262 926 te
1288 893 1406 928 saneto
1427 896 1565 932 Zozima
1590 896 1721 933 Abbare
1757 899 1791 932 δε
1821 899 2018 945 Presbytero
2041 900 2106 934 effe

1230 944 1277 976 vir
1287 944 1490 999 existimata,
1516 949 1551 994 ἀ
1571 947 2031 994 benedictionempostulata,
2051 961 2108 983 ex-

1228 1003 1312 1036 cepit
1334 995 1375 1028 de
1391 995 1450 1028 suo
1470 997 1550 1031 sexu
1563 1020 1575 1037 ,
1600 1008 1698 1041 atque
1717 999 1854 1043 adjecit:
1882 999 1949 1033 Tibi
1968 1005 2107 1041 competit·

1228 1043 1395 1077 benedicere
1420 1046 1454 1079 6·
1473 1056 1557 1080 orare
1576 1071 1583 1078 .
1621 1050 1667 1081 Tu
1695 1054 1773 1082 enim
1800 1049 1977 1089 Presbyter-ii
1997 1049 2106 1083 honore

1223 1091 1365 1136 suffultus
1388 1106 1420 1127 es
1442 1119 1453 1135 ,
1479 1097 1514 1130 &
1530 1097 1671 1139 plurimis
1683 1099 1754 1138 jam
1775 1100 1866 1133 antris
1883 1099 1986 1143 saenc‘lo
2006 1098 2106 1141 affistts

1229 1145 1343 1177 altari.
1371 1144 1523 1179 Zozimas
1535 1156 1643 1181 tamen
1658 1148 1815 1191 perstitit:
1841 1151 2036 1194 ,gangr-atla
2047 1160 2106 1183 non

1227 1205 1264 1226 ex
1287 1196 1435 1238 dignitate
1454 1196 1627 1240 cognoftitur
1639 1220 1649 1237 ‚
1668 1196 1730 1240 sed
1751 1209 1789 1232 ex
1809 1206 1979 1232 animarum
1989 1198 2107 1232 adibus

1221 1243 1382 1287 significari
1408 1244 1557 1288 consuevit
1579 1269 1589 1287 ‚
1623 1246 1690 1291 ipsa
1716 1249 1838 1283 benedic
1857 1257 1979 1292 propter
2005 1252 2108 1282 Domi·

1230 1306 1301 1326 num
1316 1318 1327 1334 ,
1352 1296 1386 1328 65
1409 1300 1566 1330 orationem
1588 1305 1649 1330 tuae
1668 1297 1859 1339 perfellionts
1881 1299 1981 1333 tribue
1999 1299 2108 1333 intelli·

1225 1349 1338 1387 genttae
1358 1354 1429 1376 meae
1441 1368 1448 1376 .
1472 1345 1516 1378 Et
1529 1346 1584 1379 illa
1597 1348 1834 1389 perseverantiae
1843 1349 1925 1383 senis
1942 1349 2107 1392 compassa

1229 1392 1315 1426 dixit
1341 1407 1353 1426 .-
1390 1395 1573 1429 Benedictus
1593 1399 1676 1429 Deus
1693 1420 1704 1437 ,
1739 1403 1792 1440 qui
1808 1398 1946 1440 solatum
1966 1405 2108 1440 procurat
2126 1434 2131 1437 ,

1229 1449 1419 1484 animarum,
1445 1446 1501 1478 &a
1532 1445 1642 1483 Invita
1663 1446 1854 1488 benedixit,
1881 1458 1940 1482 nec
1950 1447 2039 1482 abire
2049 1458 2110 1482 vo·

1230 1494 1291 1528 luit
1315 1518 1326 1534 ,
1362 1493 1420 1528 nifi
1452 1496 1552 1529 etiarn
1579 1506 1711 1540 accepta
1745 1498 1829 1532 senis
1856 1496 2107 1532 benedictione.

1230 1544 1323 1591 Qin
1345 1544 1380 1578 δε
1400 1543 1543 1587 ejusdem
1563 1546 1760 1590 accipiendae
1779 1549 1872 1582 causa
1890 1548 1935 1582 est
1958 1547 2107 1591 sequenti

1231 1605 1321 1628 anno
1346 1596 1467 1629 reversa
1486 1595 1527 1629 ad
1539 1596 1726 1631 Zozimam.
1754 1597 1896 1633 Laudari
1907 1597 2020 1632 Caroli
2030 1597 2108 1632 sele·

1231 1646 1279 1678 &a
1303 1643 1472 1679 adversum
1499 1644 1763 1690 chorepiscopos
1783 1648 1938 1692 Capitula
1964 1646 2107 1682 habente

1233 1694 1345 1727 Nullus
1370 1693 1596 1737 Choreplfiopus
1620 1696 1831 1732 beneduqtones
1851 1703 1883 1731 in
1891 1697 2011 1740 publica
2021 1697 2108 1740 Miffa

1228 1746 1345 1786 populis
1371 1744 1498 1778 tribuere
1517 1744 1685 1789 praesumat
1697 1772 1708 1787 ‚
1734 1759 1803 1790 quae
1818 1746 1945 1790 summu
1958 1745 2110 1788 Pontifici·

1233 1795 1286 1827 bus
1299 1819 1309 1835 ,
1334 1795 1369 1825 id
1384 1793 1422 1833 est
1433 1819 1443 1834 ,
1470 1794 1706 1830 Catbedraltbus
1718 1796 1896 1840 Epist-opis,
1917 1797 1952 1830 ὁ*
1963 1807 2021 1831 non
2031 1794 2110 1830 cbo-

1233 1842 1388 1887 rept‘scopts
1411 1845 1463 1878 vel
1486 1845 1668 1884 Presbytero
1678 1846 1839 1881 debentur.
1859 1845 1991 1890 Nempe
2000 1846 2110 1881 censet

1234 1894 1497 1938 Chorepiscopos
1509 1907 1577 1930 non
1599 1898 1661 1930 effe
1683 1897 1887 1940 Episcopus,
1915 1896 1969 1931 ted
1988 1895 2110 1940 simpli-

1233 1955 1285 1979 ces
1307 1943 1538 1987 Presbyteros.
1566 1946 1610 1980 Et
1634 1945 1802 1981 Herardus
1823 1946 2027 1980 Turonenfis
2047 1946 2111 1979 Ar·
2126 1966 2168 1996 Ca
2214 1968 2251 2001 78

1233 1993 1460 2037 chiepiscopus
1470 1991 1613 2029 habetin
1626 1997 1684 2030 suo
1696 1995 1902 2039 Capitulari:
1927 2000 1980 2029 Ne
1994 1994 2110 2034 Presby—
2189 1987 2197 1995 ’
2251 1987 2261 1997 '

1233 2054 1278 2087 ter
1287 2044 1514 2078 benedictionem
1519 2043 1733 2088 publicisuper
1739 2047 1879 2088 populum
1883 2044 2016 2087 fundere
2029 2052 2110 2087 pre-

1227 2093 1346 2137 sumat.
1374 2095 1416 2128 Et
1429 2094 1515 2128 inter
1525 2095 1669 2138 quinque
1692 2095 1895 2139 Episcopalis
1913 2093 2085 2139 dignitatis
2100 2117 2112 2134 ,
2127 2081 2202 2122 0²1²·
2232 2092 2263 2119 9·

1230 2146 1250 2178 a
1276 2143 1470 2188 Presbytero
1481 2146 1631 2179 attentari
1645 2147 1779 2187 vetitas,
1806 2143 2035 2190 Praerogativas
2047 2145 2114 2179 Ste-

1232 2193 1359 2238 phanus
1382 2194 1543 2230 Eduensis
1567 2195 1754 2239 Episcopus,
1769 2196 1868 2240 ponit
1888 2193 2039 2230 &haum
2061 2196 2116 2229 Su·

1228 2254 1285 2287 per
1302 2245 1442 2286 populum
1465 2245 1632 2278 benedicere
1651 2269 1669 2277 .,
1687 2246 1731 2280 Et
1748 2244 1918 2279 adversum
1942 2244 2088 2278 Abbates
2100 2267 2112 2285 ‚

1232 2295 1290 2338 qui
1311 2305 1392 2328 tunc
1414 2294 1524 2339 paffim
1547 2293 1751 2338 postulabant
1771 2294 1813 2328 ab
1825 2293 2018 2339 Apostolica
2029 2293 2113 2328 Sede

1234 2355 1333 2388 atque
1358 2343 1574 2388 impetrabant
1584 2354 1775 2379 ornamenta
1788 2343 2018 2382 pontificalia,
2043 2354 2114 2388 gra-

1237 2394 1317 2429 viter
1333 2395 1367 2428 &
1394 2394 1481 2428 varie
1498 2393 1660 2428 declamat
1682 2395 1718 2428 in
1740 2394 1855 2428 litteris
1874 2393 1915 2427 ad
1927 2393 2115 2427 Henricum

1236 2445 1456 2479 senonensem
1477 2442 1767 2487 Archiepiscopum
1779 2445 1910 2479 Sanetus
1921 2442 2116 2483 Bernardus,

1237 2503 1333 2536 atque
1355 2494 1525 2538 adjungit:
1554 2499 1616 2527 Cur
1627 2495 1727 2528 non&
1738 2493 1833 2536 [beros
1848 2496 1970 2528 ordines
1991 2492 2115 2527 celebra·
2131 2505 2183 2545 Ep,
2202 2515 2251 2541 4²·

1238 2550 1278 2577 tis
1291 2569 1302 2585 ,
1327 2545 1360 2577 Θ
1371 2543 1582 2578 benedictiones
1591 2545 1674 2576 datis
1683 2550 1717 2577 tn
1727 2546 1845 2586 p‘opults
1858 2545 1875 2577 ?
1902 2542 2006 2592 Qod
2028 2553 2117 2577 nem·

1240 2595 1278 2637 pe
1298 2594 1428 2637 publica
1451 2593 1563 2638 populi
1588 2593 1792 2636 benedistio‚
1818 2605 1885 2628 non
1900 2593 2010 2627 minus
2019 2594 2116 2633 quam
2196 2612 2205 2631 r

1241 2647 1411 2679 Sacrorum
1432 2643 1588 2679 ordinum
1608 2642 1768 2686 collatio,
1791 2645 1868 2679 effet
1886 2653 1966 2679 tunc
1983 2641 2117 2685 Episco-

1243 2696 1289 2740 pis
1310 2696 1486 2728 reservata.
1779 2701 1791 2717 Ι

1291 2745 1358 2779 His
1377 2743 1502 2779 obstare
1522 2743 1651 2779 videtur
1672 2744 1818 2788 Magnus
1828 2743 1917 2786 Papa
1930 2738 2000 2777 Leo
2012 2741 2116 2776 inlit-

1242 2796 1315 2831 teris
1329 2793 1368 2828 ad
1394 2794 1576 2828 Germanias
1595 2794 1628 2827 &
1649 2795 1764 2829 Galliae
1783 2793 1974 2837 Episcopos:
2003 2795 2114 2825 Coram

1243 2844 1386 2889 Episcopo
1406 2852 1463 2878 non
1486 2845 1553 2878 licet
1565 2844 1744 2882 Presbyterts
1757 2843 1966 2885 Baptisterium
1977 2843 2092 2885 ingredi
2102 2866 2114 2882 ‚
2131 2850 2181 2886 Ep.
2200 2847 2249 2877 88.

1244 2909 1292 2930 nec
1312 2908 1344 2930 co
1365 2906 1461 2928 coram
1468 2894 1556 2937 pofito
1563 2895 1701 2936 populum
1710 2895 1810 2926 docere
1821 2917 1832 2933 ‚
1857 2894 1911 2926 ‘vel
1931 2892 2116 2931 benedicere,

1243 2957 1294 2980 aut
1312 2945 1465 2989 salutare.
1493 2943 1750 2978 Enumeratillic
1761 2943 1874 2985 plura,
1900 2954 1969 2986 quae
1981 2941 2116 2985 Presby-

1245 2998 1303 3031 teri
1330 3006 1396 3029 non
1423 2994 1542 3038 poffint
1564 3018 1575 3033 ,
1610 2992 1723 3027 verum
1755 2993 1905 3035 praesente
1933 2992 2118 3036 Episcopo.

1245 3046 1347 3094 Qod
1373 3046 1478 3087 ipsum
1507 3043 1616 3077 multis
1643 3043 1843 3076 demonstrat:
1876 3043 1910 3075 in
1940 3043 2053 3076 litteris
2077 3040 2120 3075 ad

1247 3097 1417 3130 Rusticum
1429 3092 1675 3128 Narbonensem
1691 3093 1885 3136 Episcopum
1898 3092 2032 3126 Sanstus
2042 3091 2123 3133 Hie

2120 276 2190 317 Cap.
2212 285 2260 311 τι.

322 3158 416 3187 mom's
441 3149 576 3194 consortio
589 3157 725 3182 arceatur
740 3172 747 3179 .
776 3147 903 3189 Nempe
916 3147 1003 3180 solus
1015 3141 1209 3190 Episcopusl
1246 3155 1428 3190 ronymus,
1452 3144 1486 3177 δε
1506 3144 1644 3177 affirmat
1665 3143 1758 3178 istam
1771 3143 1912 3178 formam
1926 3143 2041 3177 servari
2053 3141 2123 3174 Ro-

322 3214 444 3246 poterat
469 3201 590 3245 populo
613 3197 823 3236 benedicere,
852 3207 947 3239 atque
970 3197 1013 3230 ita
1027 3194 1193 3240 degradati
1251 3208 1308 3230 mae
1335 3219 1344 3235 ,
1370 3195 1403 3227 in
1428 3193 1520 3228 ltalia
1544 3217 1554 3233 ‚
1582 3191 1694 3226 Africa
1715 3218 1724 3233 ,
1755 3193 1914 3236 Hispania
1937 3216 1948 3233 ,
1964 3190 2123 3236 illyrico,

323 3253 473 3285 Promoti
498 3249 755 3284 benediffionem
776 3246 943 3281 admittere
953 3257 1019 3281 erat
1038 3245 1194 3290 Synodali

324 3301 450 3346 judicio
470 3300 636 3334 rebellare.

1251 3246 1433 3281 Occidente
1458 3254 1532 3277 toto
1554 3268 1563 3283 ,
1603 3253 1700 3286 atque
1726 3243 1864 3278 Oriente
1887 3268 1894 3276 .
1934 3243 1975 3276 Et
2011 3238 2120 3274 addit:

1251 3300 1354 3329 Etiam
1366 3307 1402 3328 ex
1413 3301 1500 3335 parte
1511 3301 1563 3334 per
1577 3295 1695 3325 Gallias
1706 3317 1714 3324 .
1742 3294 1845 3340 Qd'd
1858 3291 1973 3334 nempe
1984 3289 2048 3334 jam
2070 3289 2124 3323 ad-

379 3349 503 3383 Eadem
526 3349 698 3393 disciplina
721 3344 891 3391 permansit
913 3346 968 3380 sub
981 3343 1128 3390 Regibus
1139 3343 1199 3377 Ca·
1250 3345 1337 3380 ducti
1361 3345 1514 3379 Canones
1540 3353 1606 3376 non
1628 3342 1669 3377 ab
1688 3345 1780 3376 omni
1804 3342 1972 3376 Gallicana
1986 3339 2126 3373 Ecclesia

303 3422 309 3434 .
328 3399 428 3436 rolini
445 3399 588 3444 generis.
616 3399 753 3435 Etenim
775 3397 810 3432 in
839 3395 1092 3443 Aquisgranenfi
1104 3388 1218 3452 Capi-l
1252 3397 1468 3431 servarentur.
1496 3393 1602 3428 Hasce
1623 3392 1836 3428 authoritates
1855 3390 1964 3448 laudat
1986 3391 2019 3425 in
2044 3388 2127 3424 libro

2038 3439 2080 3477 do
