2352 3756
914 142 1426 190 INDEX.

245 269 248 271 ‚
286 224 405 267 scopo:
434 221 477 257 Et
490 226 568 258 cur?
1020 225 1117 273 46.2.

236 272 369 308 Urbani
384 272 424 307 11.
436 273 477 308 de
498 275 527 308 S.
539 274 655 310 lvonis
667 273 874 310 ordinatione
885 278 977 311 causa
990 276 1117 309 discuti-

285 333 354 357 tur.
1023 325 1076 370 64.
1090 335 1119 358 2,

239 373 400 409 Urbanus
420 373 460 407 11.
487 372 608 410 dicitur
629 375 751 419 primus
772 374 890 410 author
918 336 1116 420 insignem:

287 422 399 456 Bullas
417 433 555 467 utroque
574 427 679 469 capite
704 424 959 469 Apostolorum.
986 435 1007 460 2
1014 435 1067 472 31-
1086 433 1118 458 2.

285 472 507 508 AWecilone
528 474 736 509 schismatico
758 475 896 508 collatos
918 474 1119 510 Ordineseie

286 522 430 557 sufflavit
441 547 452 563 ,
478 524 511 558 δε
522 524 750 560 Daimbertum
769 525 958 561 Diaconum
970 523 1011 559 ab
1021 535 1061 557 eo
1073 535 1120 557 or-

288 571 439 608 dinatum
452 573 649 610 reordinavit
662 595 670 604 ·

652 662 697 704 W

235 768 510 859 'W'Albodus
523 774 710 810 Leodienfis
733 774 912 818 Episcopus
928 783 1041 808 omnes
1063 772 1122 804 suae
1186 768 1330 814 Welpho
1352 770 1432 806 Dux
1455 771 1619 813 quondam
1645 770 1807 814 Bavafiae,
1832 772 1953 808 invisus
1960 775 2067 823 §chis-

381 824 522 859 civitatis
535 824 689 861 Ecclefias
700 824 876 866 quotannis
889 822 986 856 semel
1004 832 1120 856 conve·
1164 850 1166 853 ,

287 874 356 906 nire
367 872 453 915 juffit
473 872 512 906 ad
533 873 761 908 cathedralem
782 871 971 907 Basilicam.
1027 879 1118 921 351-

237 922 429 958 Waldenses
451 922 622 966 reprobant
633 918 856 965 indulgentias
870 946 878 955 .
906 919 983 969 284.
999 931 1027 957 1.
1056 921 1120 954 Eo-

288 983 361 1007 rum
373 973 460 1006 varia
470 972 681 1006 fundamenta
692 995 700 1002 .
1040 970 1118 1005 ibid.

238 1022 415 1057 Walerami
427 1021 705 1064 Naumburgensrs
719 1019 871 1064 Episcopi
884 1021 987 1065 lapsus
1011 1020 1052 1055 de
1063 1021 1120 1054 im·

285 1070 463 1116 panatione
474 1093 481 1101 .
508 1080 585 1118 174.
599 1084 631 1110 2-
650 1070 683 1104 A
696 1070 853 1105 Wicleffo
865 1070 1039 1115 plurimum
1054 1071 1119 1104 lau-

285 1121 395 1154 datur.
1034 1119 1107 1154 Ibid

238 1170 376 1203 valteri
398 1167 438 1202 de
459 1168 584 1204 Sufeild
604 1168 645 1205 de
665 1169 786 1205 Christi
800 1171 836 1206 in
851 1171 941 1207 terris
955 1170 1119 1219 superstite

288 1220 445 1263 sanguine
457 1220 601 1254 doctrina
613 1245 620 1252 .
996 1230 1064 1268 179.
1088 1232 1118 1256 2.

239 1270 346 1303 Wazo
357 1269 543 1304 Leodienfis
553 1269 731 1315 Episcopus
742 1270 938 1317 Gregorium
953 1269 1011 1305 VL
1028 1271 1118 1309 Hen-

287 1320 356 1353 rico
369 1319 425 1353 ΙΙΙ.
446 1320 636 1365 Imperatori
659 1332 719 1366 pro
729 1322 931 1366 reparatione
942 1321 990 1360 sui
1001 1320 1118 1367 gradus

287 1368 514 1406 commendat.
659 1367 661 1369 ’
996 1371 1075 1419 236.
1090 1382 1118 1406 2-

235 1419 398 1454 wazonis
409 1431 476 1455 non
488 1419 534 1455 est
545 1420 676 1457 modica
695 1419 894 1460 authoritaS.
1034 1421 1117 1456 lbid.

238 1470 370 1506 Vecilo
391 1470 680 1518 Magdeburgensrs
700 1474 748 1508 vir
779 1473 944 1518 infigniter
968 1471 1117 1508 Catholi-

287 1527 363 1555 ωδ.
987 1532 1064 1572 347.
1089 1533 1117 1560 1.

1001 575 1076 620 34⁶·
1090 583 1123 608 1.

1902 164 1934 209 4
1945 166 1968 195 2
1981 167 1999 209 3

1192 222 1376 257 Wecilonis
1395 223 1592 267 Moguntini
1613 226 1647 261 in
1669 225 1903 264 Ecclefiasticas
1922 233 2066 267 censuras

1242 275 1443 308 irreverentia
1453 273 1498 306 est
1513 272 1631 308 haerelis
1641 299 1648 307 .
1950 280 2024 327 348.
2038 295 2066 319 2·

1192 324 1323 357 Wecilo
1351 321 1573 359 schismaticus
1610 322 1830 368 Moguntinus
1865 329 2043 373 Episcopus
2056 356 2066 372 ‚

1239 372 1481 417 Moguntinum
1495 372 1760 409 Conciliabulum
1774 379 1905 421 regebat
1919 404 1925 410 .
1939 390 2018 426 339.
2036 393 2064 418 1.

1238 422 1294 456 Ab
1312 433 1352 456 eo
1371 423 1464 458 datos
1487 420 1620 456 ordines
1636 422 1793 458 Urbanus
1805 427 1844 459 11.
1858 429 2042 464 exsufflavit
2055 455 2066 470 ,

1238 470 1272 505 &
1294 472 1523 509 Daimbcrtum
1543 470 1585 506 ab
1603 472 1661 506 illo
1672 473 1857 510 ordinatum
1877 477 2066 512 Diaconum

1236 521 1452 558 reordinavit,
1805 535 1923 571 343-1.
1954 529 2065 574 346.r.

1188 570 1329 605 Wicleffi
1340 583 1427 605 error
1442 572 1482 606 de
1494 571 1711 617 Indulgentiis
1722 598 1729 605 .
1742 569 1820 618 285.
1835 586 1867 611 2·
1892 573 1974 611 Vult
1985 589 2036 611 eas
2046 578 2066 611 ὲ

1237 621 1305 655 solo
1317 621 1393 656 Deo
1415 622 1586 664 petendas.
1820 641 1822 643 >
1982 627 2064 662 lbid.

1189 669 1332 715 Wigolti
1355 670 1566 715 Augustenfis
1590 670 1868 718 Episcopiiniqua
1880 673 2066 718 ordinatio,

1236 721 1269 755 &
1280 720 1491 764 depraedatio.
1936 732 2015 771 392.
2036 735 2065 764 1.

1235 821 1378 854 maticis.
1988 823 2066 865 ibid.

1186 870 1424 903 Wormatiense
1444 869 1635 905 Concilium
1659 895 1670 911 ‚
1697 871 1749 905 seu
1774 871 1999 908 Latrocinium
2025 876 2067 910 ab

1235 919 1381 953 Henrico
1396 919 1490 965 Rege
1500 931 1736 955 convocatum.
1760 933 1815 968 47.
1826 935 1845 956 ι.
1869 922 2066 969 Gregorium

1235 969 1310 1003 vu.
1322 970 1478 1014 deponit.
1502 968 1591 1017 48.1.
1617 969 1754 1006 Clericis
1775 973 1933 1016 permittit
1953 975 2068 1018 conju-

1232 1019 1307 1067 gia.
1964 1034 2018 1073 49·
2033 1036 2063 1062 2·

1600 1119 1635 1158 X

1184 1217 1454 1306 XErophagia
1464 1218 1543 1262 quid
1554 1219 1636 1256 olim
1646 1220 1765 1260 fuerit?
1836 1230 1892 1271 32.
1906 1234 1936 1260 2.
1965 1219 2018 1269 87.
2037 1233 2062 1259 1.

1610 1370 1642 1407 Z

1272 1468 1460 1516 Ephyrinus
1481 1469 1639 1506 Pontifex
1663 1469 1808 1509 Maechiae
1835 1472 1990 1507 concemt
2014 1484 2066 1518 pa-

1295 1533 1368 1558 cem
1379 1521 1548 1565 Ecclefiae,
1571 1522 1665 1559 antea
1676 1533 1746 1560 non
1768 1522 1898 1559 datam.
1926 1533 2006 1571 271.
2032 1535 2063 1563 2·

435 1850 964 1935 FINIS
1076 1848 1896 1934 INDICIS.'
