<?xml version="1.0" encoding="UTF-8"?>
<!DOCTYPE html PUBLIC "-//W3C//DTD XHTML 1.0 Transitional//EN"
    "http://www.w3.org/TR/xhtml1/DTD/xhtml1-transitional.dtd">
<html xmlns="http://www.w3.org/1999/xhtml" xml:lang="en" lang="en">
 <head>
  <title>
</title>
<meta http-equiv="Content-Type" content="text/html;charset=utf-8" />
  <meta name='ocr-system' content='tesseract 3.04.00' />
  <meta name='ocr-capabilities' content='ocr_page ocr_carea ocr_par ocr_line ocrx_word'/>
</head>
<body>
  <div class='ocr_page' id='page_1' title='image "./operaomniastudio06lupuuoft/operaomniastudio06lupuuoft_0287.png"; bbox 0 0 2352 3756; ppageno 0'>
   <div class='ocr_carea' id='block_1_1' title="bbox 72 2103 192 2139">
    <p class='ocr_par' dir='ltr' id='par_1_1' title="bbox 72 2103 192 2139">
     <span class='ocr_line' id='line_1_1' title="bbox 72 2103 192 2139; baseline 0.008 -12"><span class='ocrx_word' id='word_1_1' title='bbox 72 2103 126 2139; x_wconf 66' lang='lat' dir='ltr'>Ep·</span> <span class='ocrx_word' id='word_1_2' title='bbox 148 2107 192 2135; x_wconf 85' lang='lat'>15.</span> 
     </span>
    </p>
   </div>
   <div class='ocr_carea' id='block_1_2' title="bbox 210 1296 512 1340">
    <p class='ocr_par' dir='ltr' id='par_1_2' title="bbox 210 1296 512 1340">
     <span class='ocr_line' id='line_1_2' title="bbox 210 1296 512 1340; baseline -0.017 -8"><span class='ocrx_word' id='word_1_3' title='bbox 210 1308 235 1325; x_wconf 54' lang='grc' dir='ltr'>*ι</span> <span class='ocrx_word' id='word_1_4' title='bbox 243 1299 299 1332; x_wconf 54' lang='grc' dir='ltr'>-ιόε</span> <span class='ocrx_word' id='word_1_5' title='bbox 320 1296 480 1340; x_wconf 87' lang='lat' dir='ltr'>compesci</span> <span class='ocrx_word' id='word_1_6' title='bbox 504 1319 512 1326; x_wconf 91' lang='lat'><strong>.</strong></span> 
     </span>
    </p>
   </div>
   <div class='ocr_carea' id='block_1_3' title="bbox 577 63 1165 105">
    <p class='ocr_par' dir='ltr' id='par_1_3' title="bbox 577 63 1165 105">
     <span class='ocr_line' id='line_1_3' title="bbox 577 63 1165 105; baseline -0.007 -1"><span class='ocrx_word' id='word_1_7' title='bbox 577 76 650 104; x_wconf 84' lang='lat' dir='ltr'>AC</span> <span class='ocrx_word' id='word_1_8' title='bbox 688 63 1165 105; x_wconf 66' lang='lat' dir='ltr'>snrlsrncriouu</span> 
     </span>
    </p>
   </div>
   <div class='ocr_carea' id='block_1_4' title="bbox 1184 58 1728 108">
    <p class='ocr_par' dir='ltr' id='par_1_4' title="bbox 1184 58 1728 108">
     <span class='ocr_line' id='line_1_4' title="bbox 1184 58 1728 108; baseline 0.015 -8"><span class='ocrx_word' id='word_1_9' title='bbox 1184 73 1215 101; x_wconf 87' lang='grc' dir='ltr'><strong>Μ</strong></span> <span class='ocrx_word' id='word_1_10' title='bbox 1252 58 1728 108; x_wconf 82' lang='lat' dir='ltr'><strong>INDULGENTIIS.</strong></span> 
     </span>
    </p>
   </div>
   <div class='ocr_carea' id='block_1_5' title="bbox 1872 79 1994 126">
    <p class='ocr_par' dir='ltr' id='par_1_5' title="bbox 1872 79 1994 126">
     <span class='ocr_line' id='line_1_5' title="bbox 1872 79 1994 126; baseline 0 0"><span class='ocrx_word' id='word_1_11' title='bbox 1872 98 1875 102; x_wconf 42' lang='lat' dir='ltr'><em>s</em></span> <span class='ocrx_word' id='word_1_12' title='bbox 1899 79 1994 126; x_wconf 91' lang='lat'>277</span> 
     </span>
    </p>
   </div>
   <div class='ocr_carea' id='block_1_6' title="bbox 259 136 2063 193">
    <p class='ocr_par' dir='ltr' id='par_1_6' title="bbox 259 136 2063 193">
     <span class='ocr_line' id='line_1_6' title="bbox 259 136 2063 193; baseline -0.001 -12"><span class='ocrx_word' id='word_1_13' title='bbox 259 151 347 193; x_wconf 73' lang='lat' dir='ltr'>apud</span> <span class='ocrx_word' id='word_1_14' title='bbox 348 148 474 193; x_wconf 84' lang='lat' dir='ltr'>gentiles</span> <span class='ocrx_word' id='word_1_15' title='bbox 488 138 599 188; x_wconf 61' lang='lat' dir='ltr'>qnoque</span> <span class='ocrx_word' id='word_1_16' title='bbox 619 144 695 188; x_wconf 85' lang='lat' dir='ltr'>ipsos</span> <span class='ocrx_word' id='word_1_17' title='bbox 717 142 842 185; x_wconf 69' lang='lat' dir='ltr'>Ecclesia</span> <span class='ocrx_word' id='word_1_18' title='bbox 865 142 958 184; x_wconf 85' lang='lat' dir='ltr'>nostra</span> <span class='ocrx_word' id='word_1_19' title='bbox 982 140 1156 184; x_wconf 66' lang='lat' dir='ltr'>erubescere*</span> <span class='ocrx_word' id='word_1_20' title='bbox 1204 136 1372 174; x_wconf 79' lang='lat' dir='ltr'>Ecclesiae:</span> <span class='ocrx_word' id='word_1_21' title='bbox 1399 143 1531 182; x_wconf 80' lang='lat' dir='ltr'>Denique</span> <span class='ocrx_word' id='word_1_22' title='bbox 1552 144 1640 183; x_wconf 82' lang='lat' dir='ltr'>hujus</span> <span class='ocrx_word' id='word_1_23' title='bbox 1658 145 1814 187; x_wconf 79' lang='lat' dir='ltr'>seditionis</span> <span class='ocrx_word' id='word_1_24' title='bbox 1836 151 1911 191; x_wconf 83' lang='lat' dir='ltr'>origo</span> <span class='ocrx_word' id='word_1_25' title='bbox 1926 150 1997 190; x_wconf 86' lang='lat' dir='ltr'>jam</span> <span class='ocrx_word' id='word_1_26' title='bbox 2015 158 2063 180; x_wconf 73' lang='lat' dir='ltr'>cns-</span> 
     </span>
    </p>
   </div>
   <div class='ocr_carea' id='block_1_7' title="bbox 240 193 1146 2625">
    <p class='ocr_par' dir='ltr' id='par_1_7' title="bbox 240 193 1146 2083">
     <span class='ocr_line' id='line_1_7' title="bbox 259 193 1142 241; baseline -0.01 -8"><span class='ocrx_word' id='word_1_27' title='bbox 259 206 404 241; x_wconf 76' lang='lat' dir='ltr'>incipiat.</span> <span class='ocrx_word' id='word_1_28' title='bbox 433 197 566 230; x_wconf 86' lang='lat' dir='ltr'>Etenim</span> <span class='ocrx_word' id='word_1_29' title='bbox 588 196 739 230; x_wconf 85' lang='lat' dir='ltr'>Gentiles</span> <span class='ocrx_word' id='word_1_30' title='bbox 759 194 868 228; x_wconf 89' lang='lat' dir='ltr'>datam</span> <span class='ocrx_word' id='word_1_31' title='bbox 895 193 1019 226; x_wconf 72' lang='lat' dir='ltr'>anobis</span> <span class='ocrx_word' id='word_1_32' title='bbox 1033 203 1142 236; x_wconf 83' lang='lat' dir='ltr'>pecca-</span> 
     </span>
     <span class='ocr_line' id='line_1_8' title="bbox 257 242 1141 288; baseline -0.01 -5"><span class='ocrx_word' id='word_1_33' title='bbox 257 258 370 284; x_wconf 85' lang='lat' dir='ltr'>torum</span> <span class='ocrx_word' id='word_1_34' title='bbox 395 247 634 286; x_wconf 71' lang='lat' dir='ltr'>remissionem,</span> <span class='ocrx_word' id='word_1_35' title='bbox 660 246 740 279; x_wconf 87' lang='lat' dir='ltr'>dum</span> <span class='ocrx_word' id='word_1_36' title='bbox 762 245 857 288; x_wconf 87' lang='lat' dir='ltr'>plena</span> <span class='ocrx_word' id='word_1_37' title='bbox 882 243 1022 277; x_wconf 66' lang='lat' dir='ltr'>vindiaa</span> <span class='ocrx_word' id='word_1_38' title='bbox 1043 242 1075 276; x_wconf 68' lang='grc' dir='ltr'>ὃς</span> <span class='ocrx_word' id='word_1_39' title='bbox 1098 242 1141 275; x_wconf 83' lang='lat' dir='ltr'>sa·</span> 
     </span>
     <span class='ocr_line' id='line_1_9' title="bbox 260 289 1141 341; baseline -0.012 -7"><span class='ocrx_word' id='word_1_40' title='bbox 260 299 403 334; x_wconf 63' lang='lat' dir='ltr'>tisfaitio</span> <span class='ocrx_word' id='word_1_41' title='bbox 430 308 499 332; x_wconf 90' lang='lat' dir='ltr'>non</span> <span class='ocrx_word' id='word_1_42' title='bbox 522 296 733 341; x_wconf 60' lang='lat' dir='ltr'>praecederet,</span> <span class='ocrx_word' id='word_1_43' title='bbox 761 292 908 328; x_wconf 83' lang='lat' dir='ltr'>ridebant</span> <span class='ocrx_word' id='word_1_44' title='bbox 922 289 1141 330; x_wconf 72' lang='lat' dir='ltr'>acerbiffime,</span> 
     </span>
     <span class='ocr_line' id='line_1_10' title="bbox 260 343 1137 389; baseline -0.011 -5"><span class='ocrx_word' id='word_1_45' title='bbox 260 350 298 383; x_wconf 85' lang='lat'>&amp;</span> <span class='ocrx_word' id='word_1_46' title='bbox 321 348 481 383; x_wconf 88' lang='lat' dir='ltr'>rodebant</span> <span class='ocrx_word' id='word_1_47' title='bbox 502 372 509 379; x_wconf 92' lang='lat'><em>.</em></span> <span class='ocrx_word' id='word_1_48' title='bbox 546 347 639 380; x_wconf 89' lang='lat' dir='ltr'>Hinc</span> <span class='ocrx_word' id='word_1_49' title='bbox 660 346 694 380; x_wconf 71' lang='grc' dir='ltr'>ὅ(</span> <span class='ocrx_word' id='word_1_50' title='bbox 718 345 882 389; x_wconf 84' lang='lat' dir='ltr'>Magnum</span> <span class='ocrx_word' id='word_1_51' title='bbox 906 343 1137 386; x_wconf 81' lang='lat' dir='ltr'>Imperatorem</span> 
     </span>
     <span class='ocr_line' id='line_1_11' title="bbox 256 392 1141 440; baseline -0.009 -8"><span class='ocrx_word' id='word_1_52' title='bbox 256 398 520 433; x_wconf 79' lang='lat' dir='ltr'>Constantinum</span> <span class='ocrx_word' id='word_1_53' title='bbox 540 396 585 432; x_wconf 95' lang='lat' dir='ltr'>ob</span> <span class='ocrx_word' id='word_1_54' title='bbox 606 396 706 440; x_wconf 86' lang='lat' dir='ltr'>ipsam</span> <span class='ocrx_word' id='word_1_55' title='bbox 730 395 760 429; x_wconf 86' lang='lat' dir='ltr'>ei</span> <span class='ocrx_word' id='word_1_56' title='bbox 783 394 800 426; x_wconf 73' lang='lat' dir='ltr'>a</span> <span class='ocrx_word' id='word_1_57' title='bbox 820 394 850 431; x_wconf 89' lang='lat' dir='ltr'>se</span> <span class='ocrx_word' id='word_1_58' title='bbox 862 392 1056 437; x_wconf 83' lang='lat' dir='ltr'>denegatam</span> <span class='ocrx_word' id='word_1_59' title='bbox 1069 402 1141 436; x_wconf 87' lang='lat' dir='ltr'>gar·</span> 
     </span>
     <span class='ocr_line' id='line_1_12' title="bbox 257 442 1142 490; baseline -0.01 -7"><span class='ocrx_word' id='word_1_60' title='bbox 257 448 407 484; x_wconf 65' lang='lat' dir='ltr'>:iverunt</span> <span class='ocrx_word' id='word_1_61' title='bbox 427 447 468 482; x_wconf 87' lang='lat' dir='ltr'>ad</span> <span class='ocrx_word' id='word_1_62' title='bbox 492 457 554 480; x_wconf 83' lang='lat' dir='ltr'>nos</span> <span class='ocrx_word' id='word_1_63' title='bbox 577 445 760 490; x_wconf 76' lang='lat' dir='ltr'>confugisse</span> <span class='ocrx_word' id='word_1_64' title='bbox 773 467 783 483; x_wconf 92' lang='lat'>,</span> <span class='ocrx_word' id='word_1_65' title='bbox 811 443 845 476; x_wconf 73' lang='grc' dir='ltr'>ὅ(</span> <span class='ocrx_word' id='word_1_66' title='bbox 864 442 1040 476; x_wconf 82' lang='lat' dir='ltr'>Ecclesiam</span> <span class='ocrx_word' id='word_1_67' title='bbox 1054 453 1142 475; x_wconf 88' lang='lat' dir='ltr'>com-</span> 
     </span>
     <span class='ocr_line' id='line_1_13' title="bbox 256 491 1142 542; baseline -0.009 -10"><span class='ocrx_word' id='word_1_68' title='bbox 256 498 417 542; x_wconf 74' lang='lat' dir='ltr'>parabant</span> <span class='ocrx_word' id='word_1_69' title='bbox 433 508 510 532; x_wconf 83' lang='lat' dir='ltr'>eum</span> <span class='ocrx_word' id='word_1_70' title='bbox 532 496 623 539; x_wconf 88' lang='lat' dir='ltr'>asylo</span> <span class='ocrx_word' id='word_1_71' title='bbox 641 494 798 529; x_wconf 88' lang='lat' dir='ltr'>Romuli.</span> <span class='ocrx_word' id='word_1_72' title='bbox 828 492 937 525; x_wconf 89' lang='lat' dir='ltr'>Etiam</span> <span class='ocrx_word' id='word_1_73' title='bbox 951 492 996 526; x_wconf 89' lang='lat' dir='ltr'>ob</span> <span class='ocrx_word' id='word_1_74' title='bbox 1019 491 1078 526; x_wconf 93' lang='lat' dir='ltr'>hos</span> <span class='ocrx_word' id='word_1_75' title='bbox 1090 503 1142 525; x_wconf 90' lang='lat' dir='ltr'>ex-</span> 
     </span>
     <span class='ocr_line' id='line_1_14' title="bbox 258 542 1138 591; baseline -0.008 -10"><span class='ocrx_word' id='word_1_76' title='bbox 258 549 362 582; x_wconf 63' lang='lat' dir='ltr'>cessus</span> <span class='ocrx_word' id='word_1_77' title='bbox 381 547 532 591; x_wconf 81' lang='lat' dir='ltr'>castigari</span> <span class='ocrx_word' id='word_1_78' title='bbox 553 545 729 580; x_wconf 77' lang='lat' dir='ltr'>Ecclesiam</span> <span class='ocrx_word' id='word_1_79' title='bbox 751 542 888 576; x_wconf 88' lang='lat' dir='ltr'>affirmat</span> <span class='ocrx_word' id='word_1_80' title='bbox 916 543 1048 576; x_wconf 70' lang='lat' dir='ltr'>Sanctus</span> <span class='ocrx_word' id='word_1_81' title='bbox 1075 542 1138 583; x_wconf 91' lang='lat' dir='ltr'>Cy-</span> 
     </span>
     <span class='ocr_line' id='line_1_15' title="bbox 260 592 1142 640; baseline -0.008 -10"><span class='ocrx_word' id='word_1_82' title='bbox 260 598 394 640; x_wconf 79' lang='lat' dir='ltr'>prianus</span> <span class='ocrx_word' id='word_1_83' title='bbox 419 598 453 630; x_wconf 89' lang='lat' dir='ltr'>in</span> <span class='ocrx_word' id='word_1_84' title='bbox 475 598 624 630; x_wconf 88' lang='lat' dir='ltr'>sermone</span> <span class='ocrx_word' id='word_1_85' title='bbox 647 594 689 628; x_wconf 87' lang='lat' dir='ltr'>de</span> <span class='ocrx_word' id='word_1_86' title='bbox 715 592 826 635; x_wconf 85' lang='lat' dir='ltr'>lapsis,</span> <span class='ocrx_word' id='word_1_87' title='bbox 853 592 887 625; x_wconf 72' lang='grc' dir='ltr'>ὅ(</span> <span class='ocrx_word' id='word_1_88' title='bbox 913 592 1142 636; x_wconf 84' lang='lat' dir='ltr'>prosequitur:</span> 
     </span>
     <span class='ocr_line' id='line_1_16' title="bbox 261 641 1142 690; baseline -0.01 -9"><span class='ocrx_word' id='word_1_89' title='bbox 261 650 325 680; x_wconf 75' lang='lat' dir='ltr'>Hoc</span> <span class='ocrx_word' id='word_1_90' title='bbox 344 655 434 680; x_wconf 88' lang='lat' dir='ltr'>totum</span> <span class='ocrx_word' id='word_1_91' title='bbox 438 645 530 690; x_wconf 84' lang='lat' dir='ltr'>potest</span> <span class='ocrx_word' id='word_1_92' title='bbox 535 646 603 689; x_wconf 83' lang='lat' dir='ltr'>fieri</span> <span class='ocrx_word' id='word_1_93' title='bbox 615 668 626 685; x_wconf 95' lang='lat'>,</span> <span class='ocrx_word' id='word_1_94' title='bbox 645 644 675 687; x_wconf 84' lang='lat' dir='ltr'><em>fi</em></span> <span class='ocrx_word' id='word_1_95' title='bbox 683 656 718 678; x_wconf 82' lang='lat' dir='ltr'>ea</span> <span class='ocrx_word' id='word_1_96' title='bbox 728 654 794 687; x_wconf 87' lang='lat' dir='ltr'>quae</span> <span class='ocrx_word' id='word_1_97' title='bbox 805 644 825 674; x_wconf 77' lang='grc' dir='ltr'><em>ἃ</em></span> <span class='ocrx_word' id='word_1_98' title='bbox 838 641 922 675; x_wconf 84' lang='lat' dir='ltr'>vobis</span> <span class='ocrx_word' id='word_1_99' title='bbox 931 647 1076 683; x_wconf 83' lang='lat' dir='ltr'>petuntur</span> <span class='ocrx_word' id='word_1_100' title='bbox 1085 662 1096 678; x_wconf 92' lang='lat'>,</span> <span class='ocrx_word' id='word_1_101' title='bbox 1107 651 1142 672; x_wconf 88' lang='lat' dir='ltr'>ne</span> 
     </span>
     <span class='ocr_line' id='line_1_17' title="bbox 254 690 1142 739; baseline -0.01 -9"><span class='ocrx_word' id='word_1_102' title='bbox 254 696 352 739; x_wconf 68' lang='lat' dir='ltr'>facile</span> <span class='ocrx_word' id='word_1_103' title='bbox 370 697 538 731; x_wconf 72' lang='lat' dir='ltr'>tribuantur</span> <span class='ocrx_word' id='word_1_104' title='bbox 558 721 569 736; x_wconf 91' lang='lat'>‚</span> <span class='ocrx_word' id='word_1_105' title='bbox 595 693 729 739; x_wconf 81' lang='lat' dir='ltr'>religiosa</span> <span class='ocrx_word' id='word_1_106' title='bbox 748 693 994 733; x_wconf 80' lang='lat' dir='ltr'>contemplatione</span> <span class='ocrx_word' id='word_1_107' title='bbox 1014 690 1142 723; x_wconf 83' lang='lat' dir='ltr'>modere-</span> 
     </span>
     <span class='ocr_line' id='line_1_18' title="bbox 260 738 1143 791; baseline -0.012 -9"><span class='ocrx_word' id='word_1_108' title='bbox 260 752 358 786; x_wconf 81' lang='lat' dir='ltr'>mini,</span> <span class='ocrx_word' id='word_1_109' title='bbox 383 748 580 791; x_wconf 73' lang='lat' dir='ltr'>intelligentes</span> <span class='ocrx_word' id='word_1_110' title='bbox 601 747 634 779; x_wconf 65' lang='grc' dir='ltr'><em>Θ</em></span> <span class='ocrx_word' id='word_1_111' title='bbox 657 749 879 785; x_wconf 73' lang='lat' dir='ltr'>comprimentes</span> <span class='ocrx_word' id='word_1_112' title='bbox 891 752 937 774; x_wconf 81' lang='lat' dir='ltr'>eos</span> <span class='ocrx_word' id='word_1_113' title='bbox 951 765 963 780; x_wconf 94' lang='lat'>‚</span> <span class='ocrx_word' id='word_1_114' title='bbox 989 738 1143 782; x_wconf 76' lang='lat' dir='ltr'>quiperfh-</span> 
     </span>
     <span class='ocr_line' id='line_1_19' title="bbox 260 789 1143 838; baseline -0.009 -8"><span class='ocrx_word' id='word_1_115' title='bbox 260 800 321 831; x_wconf 63' lang='lat' dir='ltr'>nias</span> <span class='ocrx_word' id='word_1_116' title='bbox 339 801 514 838; x_wconf 71' lang='lat' dir='ltr'>accipientes</span> <span class='ocrx_word' id='word_1_117' title='bbox 534 799 568 825; x_wconf 79' lang='lat' dir='ltr'>in</span> <span class='ocrx_word' id='word_1_118' title='bbox 587 794 735 834; x_wconf 74' lang='lat' dir='ltr'>benefic-ils</span> <span class='ocrx_word' id='word_1_119' title='bbox 748 791 851 830; x_wconf 84' lang='lat' dir='ltr'>vestris</span> <span class='ocrx_word' id='word_1_120' title='bbox 869 814 881 829; x_wconf 92' lang='lat'>,</span> <span class='ocrx_word' id='word_1_121' title='bbox 905 798 960 822; x_wconf 81' lang='lat' dir='ltr'>aut</span> <span class='ocrx_word' id='word_1_122' title='bbox 967 789 1143 832; x_wconf 68' lang='lat' dir='ltr'>gratifican-</span> 
     </span>
     <span class='ocr_line' id='line_1_20' title="bbox 258 841 1141 886; baseline -0.01 -6"><span class='ocrx_word' id='word_1_123' title='bbox 258 857 312 883; x_wconf 64' lang='lat' dir='ltr'>tur</span> <span class='ocrx_word' id='word_1_124' title='bbox 333 856 387 880; x_wconf 82' lang='lat' dir='ltr'>aut</span> <span class='ocrx_word' id='word_1_125' title='bbox 405 847 519 879; x_wconf 65' lang='lat' dir='ltr'>illicita</span> <span class='ocrx_word' id='word_1_126' title='bbox 541 847 746 886; x_wconf 84' lang='lat' dir='ltr'>negotiationis</span> <span class='ocrx_word' id='word_1_127' title='bbox 768 841 923 872; x_wconf 80' lang='lat' dir='ltr'>nundinas</span> <span class='ocrx_word' id='word_1_128' title='bbox 937 848 1141 881; x_wconf 82' lang='lat' dir='ltr'>aucupantur.</span> 
     </span>
     <span class='ocr_line' id='line_1_21' title="bbox 259 890 1144 938; baseline -0.014 -5"><span class='ocrx_word' id='word_1_129' title='bbox 259 897 430 932; x_wconf 80' lang='lat' dir='ltr'>Nicolaus</span> <span class='ocrx_word' id='word_1_130' title='bbox 447 892 613 938; x_wconf 87' lang='lat' dir='ltr'>Rigaltius</span> <span class='ocrx_word' id='word_1_131' title='bbox 634 900 879 925; x_wconf 87' lang='lat' dir='ltr'>commentatur</span> <span class='ocrx_word' id='word_1_132' title='bbox 902 902 909 921; x_wconf 75' lang='grc' dir='ltr'><strong><em>ε</em></strong></span> <span class='ocrx_word' id='word_1_133' title='bbox 938 891 1041 933; x_wconf 74' lang='lat' dir='ltr'>,Quam</span> <span class='ocrx_word' id='word_1_134' title='bbox 1053 890 1144 932; x_wconf 79' lang='lat' dir='ltr'>foeda</span> 
     </span>
     <span class='ocr_line' id='line_1_22' title="bbox 261 938 1145 983; baseline -0.011 -1"><span class='ocrx_word' id='word_1_135' title='bbox 261 948 347 982; x_wconf 79' lang='lat' dir='ltr'>labes</span> <span class='ocrx_word' id='word_1_136' title='bbox 358 943 449 983; x_wconf 79' lang='lat' dir='ltr'>etiam</span> <span class='ocrx_word' id='word_1_137' title='bbox 460 946 539 979; x_wconf 88' lang='lat' dir='ltr'>illius</span> <span class='ocrx_word' id='word_1_138' title='bbox 553 940 684 983; x_wconf 84' lang='lat' dir='ltr'>Ecclefiae</span> <span class='ocrx_word' id='word_1_139' title='bbox 696 945 838 978; x_wconf 82' lang='lat' dir='ltr'>Martyres</span> <span class='ocrx_word' id='word_1_140' title='bbox 845 938 1007 981; x_wconf 85' lang='lat' dir='ltr'>prostravit</span> <span class='ocrx_word' id='word_1_141' title='bbox 1018 943 1030 972; x_wconf 91' lang='lat'>.&#39;</span> <span class='ocrx_word' id='word_1_142' title='bbox 1058 944 1145 972; x_wconf 86' lang='lat' dir='ltr'>Nam</span> 
     </span>
     <span class='ocr_line' id='line_1_23' title="bbox 261 992 1145 1040; baseline -0.006 -13"><span class='ocrx_word' id='word_1_143' title='bbox 261 998 316 1030; x_wconf 74' lang='lat' dir='ltr'>boc</span> <span class='ocrx_word' id='word_1_144' title='bbox 335 995 479 1040; x_wconf 80' lang='lat' dir='ltr'>fignificat</span> <span class='ocrx_word' id='word_1_145' title='bbox 504 997 670 1034; x_wconf 73' lang='lat' dir='ltr'>Cyprianus</span> <span class='ocrx_word' id='word_1_146' title='bbox 684 1016 695 1031; x_wconf 90' lang='lat'>,</span> <span class='ocrx_word' id='word_1_147' title='bbox 721 996 812 1025; x_wconf 74' lang='lat' dir='ltr'>etlam</span> <span class='ocrx_word' id='word_1_148' title='bbox 835 996 912 1023; x_wconf 83' lang='lat' dir='ltr'>inter</span> <span class='ocrx_word' id='word_1_149' title='bbox 933 992 1077 1029; x_wconf 74' lang='lat' dir='ltr'>Martyres</span> <span class='ocrx_word' id='word_1_150' title='bbox 1097 1002 1145 1024; x_wconf 85' lang='lat' dir='ltr'>ex-</span> 
     </span>
     <span class='ocr_line' id='line_1_24' title="bbox 256 1039 1143 1092; baseline -0.011 -11"><span class='ocrx_word' id='word_1_151' title='bbox 256 1047 361 1092; x_wconf 73' lang='lat' dir='ltr'>flmffi</span> <span class='ocrx_word' id='word_1_152' title='bbox 383 1070 394 1086; x_wconf 92' lang='lat'>‚</span> <span class='ocrx_word' id='word_1_153' title='bbox 421 1050 473 1088; x_wconf 86' lang='lat' dir='ltr'>qui</span> <span class='ocrx_word' id='word_1_154' title='bbox 494 1045 615 1077; x_wconf 87' lang='lat' dir='ltr'>venales</span> <span class='ocrx_word' id='word_1_155' title='bbox 639 1041 780 1074; x_wconf 85' lang='lat' dir='ltr'>haberent</span> <span class='ocrx_word' id='word_1_156' title='bbox 794 1045 881 1083; x_wconf 83' lang='lat' dir='ltr'>pacis</span> <span class='ocrx_word' id='word_1_157' title='bbox 903 1039 1016 1073; x_wconf 84' lang='lat' dir='ltr'>libellos</span> <span class='ocrx_word' id='word_1_158' title='bbox 1039 1066 1045 1072; x_wconf 95' lang='lat'>.</span> <span class='ocrx_word' id='word_1_159' title='bbox 1086 1040 1143 1074; x_wconf 87' lang='lat' dir='ltr'>Est</span> 
     </span>
     <span class='ocr_line' id='line_1_25' title="bbox 259 1089 1144 1134; baseline -0.009 -3"><span class='ocrx_word' id='word_1_160' title='bbox 259 1097 378 1134; x_wconf 84' lang='lat' dir='ltr'>devius</span> <span class='ocrx_word' id='word_1_161' title='bbox 390 1092 645 1130; x_wconf 82' lang='lat' dir='ltr'>commentarius</span> <span class='ocrx_word' id='word_1_162' title='bbox 662 1117 668 1124; x_wconf 94' lang='lat'>.</span> <span class='ocrx_word' id='word_1_163' title='bbox 696 1089 828 1125; x_wconf 86' lang='lat' dir='ltr'>Etenim</span> <span class='ocrx_word' id='word_1_164' title='bbox 840 1090 1027 1133; x_wconf 87' lang='lat' dir='ltr'>Cyprianus</span> <span class='ocrx_word' id='word_1_165' title='bbox 1044 1091 1144 1123; x_wconf 86' lang='lat' dir='ltr'>mani-</span> 
     </span>
     <span class='ocr_line' id='line_1_26' title="bbox 259 1140 1145 1190; baseline -0.009 -8"><span class='ocrx_word' id='word_1_166' title='bbox 259 1146 342 1184; x_wconf 71' lang='lat' dir='ltr'>feste</span> <span class='ocrx_word' id='word_1_167' title='bbox 365 1146 512 1190; x_wconf 82' lang='lat' dir='ltr'>loquitur</span> <span class='ocrx_word' id='word_1_168' title='bbox 536 1154 603 1177; x_wconf 88' lang='lat' dir='ltr'>non</span> <span class='ocrx_word' id='word_1_169' title='bbox 623 1141 747 1185; x_wconf 86' lang='lat' dir='ltr'>deipsis</span> <span class='ocrx_word' id='word_1_170' title='bbox 761 1140 986 1181; x_wconf 80' lang='lat' dir='ltr'>Martyribus,</span> <span class='ocrx_word' id='word_1_171' title='bbox 1012 1140 1145 1183; x_wconf 85' lang='lat' dir='ltr'>quisuis</span> 
     </span>
     <span class='ocr_line' id='line_1_27' title="bbox 257 1189 1143 1235; baseline -0.01 -3"><span class='ocrx_word' id='word_1_172' title='bbox 257 1197 456 1235; x_wconf 66' lang='lat' dir='ltr'>beneficiis,</span> <span class='ocrx_word' id='word_1_173' title='bbox 482 1192 534 1228; x_wconf 91' lang='lat' dir='ltr'>sed</span> <span class='ocrx_word' id='word_1_174' title='bbox 554 1191 594 1226; x_wconf 90' lang='lat' dir='ltr'>de</span> <span class='ocrx_word' id='word_1_175' title='bbox 615 1192 708 1231; x_wconf 85' lang='lat' dir='ltr'>aliis,</span> <span class='ocrx_word' id='word_1_176' title='bbox 736 1191 792 1233; x_wconf 88' lang='lat' dir='ltr'>qui</span> <span class='ocrx_word' id='word_1_177' title='bbox 819 1190 958 1232; x_wconf 86' lang='lat' dir='ltr'>ipsorum</span> <span class='ocrx_word' id='word_1_178' title='bbox 974 1189 1143 1224; x_wconf 80' lang='lat' dir='ltr'>beneficiis</span> 
     </span>
     <span class='ocr_line' id='line_1_28' title="bbox 259 1238 1146 1284; baseline -0.009 -4"><span class='ocrx_word' id='word_1_179' title='bbox 259 1248 489 1282; x_wconf 73' lang='lat' dir='ltr'>abuterentur.</span> <span class='ocrx_word' id='word_1_180' title='bbox 518 1242 562 1276; x_wconf 87' lang='lat' dir='ltr'>Er</span> <span class='ocrx_word' id='word_1_181' title='bbox 587 1241 647 1276; x_wconf 89' lang='lat' dir='ltr'>hos</span> <span class='ocrx_word' id='word_1_182' title='bbox 658 1239 883 1284; x_wconf 82' lang='lat' dir='ltr'>rogatinquiri</span> <span class='ocrx_word' id='word_1_183' title='bbox 896 1250 950 1282; x_wconf 89' lang='lat' dir='ltr'>per</span> <span class='ocrx_word' id='word_1_184' title='bbox 962 1238 1122 1281; x_wconf 87' lang='lat' dir='ltr'>Martyres</span> <span class='ocrx_word' id='word_1_185' title='bbox 1136 1264 1146 1279; x_wconf 90' lang='lat'>,</span> 
     </span>
     <span class='ocr_line' id='line_1_29' title="bbox 552 1289 1145 1333; baseline -0.002 -9"><span class='ocrx_word' id='word_1_186' title='bbox 552 1293 632 1327; x_wconf 89' lang='lat' dir='ltr'>Non</span> <span class='ocrx_word' id='word_1_187' title='bbox 654 1290 783 1333; x_wconf 85' lang='lat' dir='ltr'>Martyr</span> <span class='ocrx_word' id='word_1_188' title='bbox 805 1290 987 1331; x_wconf 83' lang='lat' dir='ltr'>Martyrem</span> <span class='ocrx_word' id='word_1_189' title='bbox 1009 1289 1145 1323; x_wconf 87' lang='lat' dir='ltr'>debebat</span> 
     </span>
     <span class='ocr_line' id='line_1_30' title="bbox 257 1337 1143 1389; baseline -0.014 -7"><span class='ocrx_word' id='word_1_190' title='bbox 257 1357 319 1382; x_wconf 67' lang='lat' dir='ltr'>aut</span> <span class='ocrx_word' id='word_1_191' title='bbox 345 1354 471 1389; x_wconf 86' lang='lat' dir='ltr'>poterat</span> <span class='ocrx_word' id='word_1_192' title='bbox 495 1342 696 1385; x_wconf 82' lang='lat' dir='ltr'>compescere</span> <span class='ocrx_word' id='word_1_193' title='bbox 718 1364 729 1380; x_wconf 89' lang='lat'>‚</span> <span class='ocrx_word' id='word_1_194' title='bbox 757 1338 807 1373; x_wconf 82' lang='lat' dir='ltr'>sed</span> <span class='ocrx_word' id='word_1_195' title='bbox 832 1340 917 1372; x_wconf 88' lang='lat' dir='ltr'>solos</span> <span class='ocrx_word' id='word_1_196' title='bbox 941 1337 998 1371; x_wconf 83' lang='lat' dir='ltr'>sibi</span> <span class='ocrx_word' id='word_1_197' title='bbox 1031 1339 1143 1383; x_wconf 85' lang='lat' dir='ltr'>suppli—</span> 
     </span>
     <span class='ocr_line' id='line_1_31' title="bbox 258 1389 1144 1436; baseline -0.01 -5"><span class='ocrx_word' id='word_1_198' title='bbox 258 1406 372 1431; x_wconf 80' lang='lat' dir='ltr'>cantes</span> <span class='ocrx_word' id='word_1_199' title='bbox 384 1421 392 1428; x_wconf 93' lang='lat'>.</span> <span class='ocrx_word' id='word_1_200' title='bbox 417 1394 581 1436; x_wconf 84' lang='lat' dir='ltr'>Martyres</span> <span class='ocrx_word' id='word_1_201' title='bbox 594 1390 633 1424; x_wconf 86' lang='lat' dir='ltr'>ab</span> <span class='ocrx_word' id='word_1_202' title='bbox 646 1389 822 1424; x_wconf 83' lang='lat' dir='ltr'>exceffibus</span> <span class='ocrx_word' id='word_1_203' title='bbox 844 1389 1063 1431; x_wconf 81' lang='lat' dir='ltr'>compescere,</span> <span class='ocrx_word' id='word_1_204' title='bbox 1090 1400 1144 1422; x_wconf 90' lang='lat' dir='ltr'>aut</span> 
     </span>
     <span class='ocr_line' id='line_1_32' title="bbox 255 1437 1145 1486; baseline -0.011 -5"><span class='ocrx_word' id='word_1_205' title='bbox 255 1444 433 1481; x_wconf 66' lang='lat' dir='ltr'>edversiim</span> <span class='ocrx_word' id='word_1_206' title='bbox 449 1444 536 1486; x_wconf 88' lang='lat' dir='ltr'>ipsos</span> <span class='ocrx_word' id='word_1_207' title='bbox 547 1440 701 1474; x_wconf 84' lang='lat' dir='ltr'>instruere</span> <span class='ocrx_word' id='word_1_208' title='bbox 712 1437 870 1482; x_wconf 67' lang='lat' dir='ltr'>spectabat</span> <span class='ocrx_word' id='word_1_209' title='bbox 883 1438 923 1472; x_wconf 88' lang='lat' dir='ltr'>ad</span> <span class='ocrx_word' id='word_1_210' title='bbox 942 1439 1059 1471; x_wconf 83' lang='lat' dir='ltr'>carceri</span> <span class='ocrx_word' id='word_1_211' title='bbox 1073 1450 1145 1482; x_wconf 84' lang='lat' dir='ltr'>prae-</span> 
     </span>
     <span class='ocr_line' id='line_1_33' title="bbox 253 1486 1146 1535; baseline -0.008 -5"><span class='ocrx_word' id='word_1_212' title='bbox 253 1497 382 1531; x_wconf 64' lang='lat' dir='ltr'>fectum</span> <span class='ocrx_word' id='word_1_213' title='bbox 396 1492 621 1535; x_wconf 88' lang='lat' dir='ltr'>Presbyterum</span> <span class='ocrx_word' id='word_1_214' title='bbox 633 1500 687 1523; x_wconf 85' lang='lat' dir='ltr'>aut</span> <span class='ocrx_word' id='word_1_215' title='bbox 701 1490 890 1523; x_wconf 83' lang='lat' dir='ltr'>Diaconum</span> <span class='ocrx_word' id='word_1_216' title='bbox 905 1513 911 1519; x_wconf 92' lang='lat'>.</span> <span class='ocrx_word' id='word_1_217' title='bbox 941 1486 989 1520; x_wconf 91' lang='lat' dir='ltr'>Ita</span> <span class='ocrx_word' id='word_1_218' title='bbox 1010 1488 1073 1531; x_wconf 80' lang='lat' dir='ltr'>jam</span> <span class='ocrx_word' id='word_1_219' title='bbox 1088 1489 1146 1523; x_wconf 79' lang='lat' dir='ltr'>sta·</span> 
     </span>
     <span class='ocr_line' id='line_1_34' title="bbox 257 1536 1142 1584; baseline -0.008 -5"><span class='ocrx_word' id='word_1_220' title='bbox 257 1545 322 1580; x_wconf 76' lang='lat' dir='ltr'>tim</span> <span class='ocrx_word' id='word_1_221' title='bbox 339 1543 436 1578; x_wconf 87' lang='lat' dir='ltr'>nobis</span> <span class='ocrx_word' id='word_1_222' title='bbox 447 1541 533 1576; x_wconf 85' lang='lat' dir='ltr'>dixit</span> <span class='ocrx_word' id='word_1_223' title='bbox 546 1541 612 1584; x_wconf 87' lang='lat' dir='ltr'>ipse</span> <span class='ocrx_word' id='word_1_224' title='bbox 630 1539 816 1583; x_wconf 87' lang='lat' dir='ltr'>Cyprianus</span> <span class='ocrx_word' id='word_1_225' title='bbox 829 1564 836 1570; x_wconf 96' lang='lat'>.</span> <span class='ocrx_word' id='word_1_226' title='bbox 863 1537 907 1572; x_wconf 90' lang='lat' dir='ltr'>Et</span> <span class='ocrx_word' id='word_1_227' title='bbox 919 1536 997 1571; x_wconf 90' lang='lat' dir='ltr'>hinc</span> <span class='ocrx_word' id='word_1_228' title='bbox 1009 1537 1142 1572; x_wconf 69' lang='lat' dir='ltr'>adducta</span> 
     </span>
     <span class='ocr_line' id='line_1_35' title="bbox 257 1587 1144 1632; baseline -0.008 -3"><span class='ocrx_word' id='word_1_229' title='bbox 257 1593 356 1629; x_wconf 81' lang='lat' dir='ltr'>verba</span> <span class='ocrx_word' id='word_1_230' title='bbox 369 1593 468 1626; x_wconf 81' lang='lat' dir='ltr'>etiam</span> <span class='ocrx_word' id='word_1_231' title='bbox 482 1602 548 1624; x_wconf 89' lang='lat' dir='ltr'>non</span> <span class='ocrx_word' id='word_1_232' title='bbox 564 1600 675 1624; x_wconf 85' lang='lat' dir='ltr'>taxant</span> <span class='ocrx_word' id='word_1_233' title='bbox 690 1588 926 1631; x_wconf 89' lang='lat' dir='ltr'>Episcoporum</span> <span class='ocrx_word' id='word_1_234' title='bbox 936 1587 969 1620; x_wconf 90' lang='lat' dir='ltr'>in</span> <span class='ocrx_word' id='word_1_235' title='bbox 981 1598 1144 1632; x_wconf 86' lang='lat' dir='ltr'>exequen-</span> 
     </span>
     <span class='ocr_line' id='line_1_36' title="bbox 240 1637 1137 1686; baseline -0.01 -8"><span class='ocrx_word' id='word_1_236' title='bbox 240 1643 312 1678; x_wconf 74' lang='lat' dir='ltr'>&#39;dis</span> <span class='ocrx_word' id='word_1_237' title='bbox 335 1642 520 1686; x_wconf 84' lang='lat' dir='ltr'>Martyrum</span> <span class='ocrx_word' id='word_1_238' title='bbox 543 1639 656 1674; x_wconf 86' lang='lat' dir='ltr'>litteris</span> <span class='ocrx_word' id='word_1_239' title='bbox 680 1637 844 1671; x_wconf 86' lang='lat' dir='ltr'>nundinas</span> <span class='ocrx_word' id='word_1_240' title='bbox 862 1646 918 1670; x_wconf 86' lang='lat' dir='ltr'>aut</span> <span class='ocrx_word' id='word_1_241' title='bbox 939 1637 1137 1670; x_wconf 78' lang='lat' dir='ltr'>simoniam.</span> 
     </span>
     <span class='ocr_line' id='line_1_37' title="bbox 257 1686 1140 1735; baseline -0.01 -7"><span class='ocrx_word' id='word_1_242' title='bbox 257 1691 344 1726; x_wconf 81' lang='lat' dir='ltr'>Non</span> <span class='ocrx_word' id='word_1_243' title='bbox 369 1695 491 1735; x_wconf 84' lang='lat' dir='ltr'>semper</span> <span class='ocrx_word' id='word_1_244' title='bbox 514 1690 567 1733; x_wconf 88' lang='lat' dir='ltr'>ipsi</span> <span class='ocrx_word' id='word_1_245' title='bbox 592 1687 668 1732; x_wconf 75' lang='lat' dir='ltr'>lapsi</span> <span class='ocrx_word' id='word_1_246' title='bbox 692 1686 889 1720; x_wconf 79' lang='lat' dir='ltr'>accedebant</span> <span class='ocrx_word' id='word_1_247' title='bbox 903 1696 1061 1720; x_wconf 83' lang='lat' dir='ltr'>carcerem</span> <span class='ocrx_word' id='word_1_248' title='bbox 1075 1687 1140 1731; x_wconf 85' lang='lat' dir='ltr'>sup·</span> 
     </span>
     <span class='ocr_line' id='line_1_38' title="bbox 254 1733 1124 1788; baseline -0.008 -11"><span class='ocrx_word' id='word_1_249' title='bbox 254 1741 410 1788; x_wconf 70' lang='lat' dir='ltr'>plicaturi</span> <span class='ocrx_word' id='word_1_250' title='bbox 431 1741 518 1785; x_wconf 84' lang='lat' dir='ltr'>pacis</span> <span class='ocrx_word' id='word_1_251' title='bbox 539 1739 659 1772; x_wconf 85' lang='lat' dir='ltr'>litteras</span> <span class='ocrx_word' id='word_1_252' title='bbox 672 1762 682 1777; x_wconf 94' lang='lat'>,</span> <span class='ocrx_word' id='word_1_253' title='bbox 709 1735 761 1770; x_wconf 88' lang='lat' dir='ltr'>sed</span> <span class='ocrx_word' id='word_1_254' title='bbox 776 1737 958 1780; x_wconf 87' lang='lat' dir='ltr'>frequenter</span> <span class='ocrx_word' id='word_1_255' title='bbox 968 1733 1124 1770; x_wconf 85' lang='lat' dir='ltr'>utebantu</span> 
     </span>
     <span class='ocr_line' id='line_1_39' title="bbox 256 1785 1138 1829; baseline -0.011 -1"><span class='ocrx_word' id='word_1_256' title='bbox 256 1789 552 1828; x_wconf 73' lang='lat' dir='ltr'>interventoribus.</span> <span class='ocrx_word' id='word_1_257' title='bbox 579 1787 704 1829; x_wconf 84' lang='lat' dir='ltr'>Poffint</span> <span class='ocrx_word' id='word_1_258' title='bbox 724 1786 816 1820; x_wconf 70' lang='lat' dir='ltr'>fuisse</span> <span class='ocrx_word' id='word_1_259' title='bbox 841 1785 920 1819; x_wconf 89' lang='lat' dir='ltr'>tales</span> <span class='ocrx_word' id='word_1_260' title='bbox 941 1796 982 1818; x_wconf 86' lang='lat' dir='ltr'>ex</span> <span class='ocrx_word' id='word_1_261' title='bbox 1008 1786 1138 1819; x_wconf 86' lang='lat' dir='ltr'>officio.</span> 
     </span>
     <span class='ocr_line' id='line_1_40' title="bbox 254 1832 1138 1885; baseline -0.008 -9"><span class='ocrx_word' id='word_1_262' title='bbox 254 1842 304 1876; x_wconf 71' lang='lat' dir='ltr'>Et</span> <span class='ocrx_word' id='word_1_263' title='bbox 324 1840 358 1875; x_wconf 90' lang='lat' dir='ltr'>hi</span> <span class='ocrx_word' id='word_1_264' title='bbox 381 1840 577 1885; x_wconf 86' lang='lat' dir='ltr'>quandoque</span> <span class='ocrx_word' id='word_1_265' title='bbox 588 1832 803 1881; x_wconf 83' lang='lat' dir='ltr'>gratificando</span> <span class='ocrx_word' id='word_1_266' title='bbox 815 1859 826 1875; x_wconf 96' lang='lat'><em>‚</em></span> <span class='ocrx_word' id='word_1_267' title='bbox 852 1834 1047 1878; x_wconf 86' lang='lat' dir='ltr'>quandoque</span> <span class='ocrx_word' id='word_1_268' title='bbox 1059 1847 1138 1869; x_wconf 89' lang='lat' dir='ltr'>nun-</span> 
     </span>
     <span class='ocr_line' id='line_1_41' title="bbox 250 1883 1137 1932; baseline -0.009 -6"><span class='ocrx_word' id='word_1_269' title='bbox 250 1891 406 1926; x_wconf 70' lang='lat' dir='ltr'>dinando</span> <span class='ocrx_word' id='word_1_270' title='bbox 427 1887 629 1932; x_wconf 86' lang='lat' dir='ltr'>accipiebant</span> <span class='ocrx_word' id='word_1_271' title='bbox 652 1887 823 1929; x_wconf 89' lang='lat' dir='ltr'>personas.</span> <span class='ocrx_word' id='word_1_272' title='bbox 852 1884 895 1918; x_wconf 89' lang='lat' dir='ltr'>Et</span> <span class='ocrx_word' id='word_1_273' title='bbox 917 1883 999 1924; x_wconf 87' lang='lat' dir='ltr'>hos,</span> <span class='ocrx_word' id='word_1_274' title='bbox 1028 1894 1069 1918; x_wconf 87' lang='lat' dir='ltr'>ne</span> <span class='ocrx_word' id='word_1_275' title='bbox 1081 1888 1137 1920; x_wconf 84' lang='lat' dir='ltr'>cir-</span> 
     </span>
     <span class='ocr_line' id='line_1_42' title="bbox 250 1933 1138 1978; baseline -0.01 -1"><span class='ocrx_word' id='word_1_276' title='bbox 250 1940 476 1976; x_wconf 71' lang='lat' dir='ltr'>cumscribant</span> <span class='ocrx_word' id='word_1_277' title='bbox 495 1950 528 1972; x_wconf 85' lang='lat' dir='ltr'>m</span> <span class='ocrx_word' id='word_1_278' title='bbox 553 1937 712 1971; x_wconf 84' lang='lat' dir='ltr'>excessum</span> <span class='ocrx_word' id='word_1_279' title='bbox 737 1959 747 1975; x_wconf 94' lang='lat'>,</span> <span class='ocrx_word' id='word_1_280' title='bbox 774 1934 961 1978; x_wconf 86' lang='lat' dir='ltr'>Cyprianus</span> <span class='ocrx_word' id='word_1_281' title='bbox 987 1933 1138 1969; x_wconf 85' lang='lat' dir='ltr'>hortatur</span> 
     </span>
     <span class='ocr_line' id='line_1_43' title="bbox 250 1982 1132 2035; baseline -0.009 -10"><span class='ocrx_word' id='word_1_282' title='bbox 250 1990 377 2035; x_wconf 76' lang='lat' dir='ltr'>3nquiri</span> <span class='ocrx_word' id='word_1_283' title='bbox 401 1993 418 2025; x_wconf 69' lang='lat' dir='ltr'>a</span> <span class='ocrx_word' id='word_1_284' title='bbox 440 1985 667 2030; x_wconf 87' lang='lat' dir='ltr'>Martyribus,</span> <span class='ocrx_word' id='word_1_285' title='bbox 692 1985 918 2027; x_wconf 89' lang='lat' dir='ltr'>&amp;compesci.</span> <span class='ocrx_word' id='word_1_286' title='bbox 947 1983 1088 2019; x_wconf 77' lang='lat' dir='ltr'>Proinde</span> <span class='ocrx_word' id='word_1_287' title='bbox 1099 1982 1132 2017; x_wconf 77' lang='lat' dir='ltr'>hi</span> 
     </span>
     <span class='ocr_line' id='line_1_44' title="bbox 250 2034 862 2083; baseline -0.018 -7"><span class='ocrx_word' id='word_1_288' title='bbox 250 2052 348 2076; x_wconf 77' lang='lat' dir='ltr'>erant</span> <span class='ocrx_word' id='word_1_289' title='bbox 372 2042 523 2083; x_wconf 81' lang='lat' dir='ltr'>frequens</span> <span class='ocrx_word' id='word_1_290' title='bbox 545 2036 638 2070; x_wconf 85' lang='lat' dir='ltr'>causa</span> <span class='ocrx_word' id='word_1_291' title='bbox 659 2034 862 2068; x_wconf 74' lang='lat' dir='ltr'>excessuum.</span> 
     </span>
    </p>

    <p class='ocr_par' dir='ltr' id='par_1_8' title="bbox 245 2082 1132 2625">
     <span class='ocr_line' id='line_1_45' title="bbox 308 2082 1131 2127; baseline -0.01 -1"><span class='ocrx_word' id='word_1_292' title='bbox 308 2086 435 2125; x_wconf 86' lang='lat' dir='ltr'>Eadem</span> <span class='ocrx_word' id='word_1_293' title='bbox 454 2089 495 2123; x_wconf 87' lang='lat' dir='ltr'>de</span> <span class='ocrx_word' id='word_1_294' title='bbox 516 2097 549 2120; x_wconf 89' lang='lat' dir='ltr'>re</span> <span class='ocrx_word' id='word_1_295' title='bbox 563 2083 669 2119; x_wconf 85' lang='lat' dir='ltr'>scribit</span> <span class='ocrx_word' id='word_1_296' title='bbox 682 2082 868 2127; x_wconf 84' lang='lat' dir='ltr'>Cyprianus</span> <span class='ocrx_word' id='word_1_297' title='bbox 880 2082 920 2116; x_wconf 88' lang='lat' dir='ltr'>ad</span> <span class='ocrx_word' id='word_1_298' title='bbox 937 2082 1068 2117; x_wconf 90' lang='lat' dir='ltr'>Clerum</span> <span class='ocrx_word' id='word_1_299' title='bbox 1082 2094 1131 2118; x_wconf 84' lang='lat' dir='ltr'>va-</span> 
     </span>
     <span class='ocr_line' id='line_1_46' title="bbox 249 2132 1132 2177; baseline -0.017 1"><span class='ocrx_word' id='word_1_300' title='bbox 249 2140 360 2177; x_wconf 79' lang='lat' dir='ltr'>c&#39;antis</span> <span class='ocrx_word' id='word_1_301' title='bbox 372 2141 531 2176; x_wconf 82' lang='lat' dir='ltr'>Romanae</span> <span class='ocrx_word' id='word_1_302' title='bbox 553 2134 702 2169; x_wconf 88' lang='lat' dir='ltr'>Ecclesiae</span> <span class='ocrx_word' id='word_1_303' title='bbox 715 2146 725 2166; x_wconf 87' lang='lat'>.·</span> <span class='ocrx_word' id='word_1_304' title='bbox 752 2132 827 2165; x_wconf 73' lang='lat' dir='ltr'>Cum</span> <span class='ocrx_word' id='word_1_305' title='bbox 837 2134 1026 2176; x_wconf 85' lang='lat' dir='ltr'>comperiffem</span> <span class='ocrx_word' id='word_1_306' title='bbox 1043 2158 1054 2174; x_wconf 94' lang='lat'>,</span> <span class='ocrx_word' id='word_1_307' title='bbox 1080 2138 1132 2177; x_wconf 73' lang='lat' dir='ltr'>qui</span> 
     </span>
     <span class='ocr_line' id='line_1_47' title="bbox 245 2181 1128 2236; baseline -0.019 -10"><span class='ocrx_word' id='word_1_308' title='bbox 245 2191 403 2236; x_wconf 71' lang='lat' dir='ltr'>sacrilegis</span> <span class='ocrx_word' id='word_1_309' title='bbox 429 2186 608 2223; x_wconf 56' lang='lat' dir='ltr'>contactibus</span> <span class='ocrx_word' id='word_1_310' title='bbox 632 2194 737 2216; x_wconf 86' lang='lat' dir='ltr'>manus</span> <span class='ocrx_word' id='word_1_311' title='bbox 753 2181 823 2225; x_wconf 80' lang='lat' dir='ltr'>suas</span> <span class='ocrx_word' id='word_1_312' title='bbox 847 2191 937 2224; x_wconf 82' lang='lat' dir='ltr'>atque</span> <span class='ocrx_word' id='word_1_313' title='bbox 961 2194 1013 2215; x_wconf 82' lang='lat' dir='ltr'>ora</span> <span class='ocrx_word' id='word_1_314' title='bbox 1034 2195 1128 2217; x_wconf 88' lang='lat' dir='ltr'>macu.</span> 
     </span>
     <span class='ocr_line' id='line_1_48' title="bbox 250 2231 1129 2286; baseline -0.005 -15"><span class='ocrx_word' id='word_1_315' title='bbox 250 2243 358 2286; x_wconf 56' lang='lat' dir='ltr'>Jaffent</span> <span class='ocrx_word' id='word_1_316' title='bbox 379 2265 390 2282; x_wconf 78' lang='lat'>‚</span> <span class='ocrx_word' id='word_1_317' title='bbox 419 2240 471 2272; x_wconf 82' lang='lat' dir='ltr'>vel</span> <span class='ocrx_word' id='word_1_318' title='bbox 491 2235 636 2277; x_wconf 80' lang='lat' dir='ltr'>nefandis</span> <span class='ocrx_word' id='word_1_319' title='bbox 657 2233 760 2266; x_wconf 77' lang='lat' dir='ltr'>libellis</span> <span class='ocrx_word' id='word_1_320' title='bbox 779 2231 969 2265; x_wconf 76' lang='lat' dir='ltr'>&#39;nibilominus</span> <span class='ocrx_word' id='word_1_321' title='bbox 989 2231 1129 2276; x_wconf 86' lang='lat' dir='ltr'>conscien-</span> 
     </span>
     <span class='ocr_line' id='line_1_49' title="bbox 250 2282 1126 2333; baseline -0.014 -9"><span class='ocrx_word' id='word_1_322' title='bbox 250 2299 333 2326; x_wconf 70' lang='lat' dir='ltr'>eiam</span> <span class='ocrx_word' id='word_1_323' title='bbox 352 2289 514 2333; x_wconf 78' lang='lat' dir='ltr'>polluiffent</span> <span class='ocrx_word' id='word_1_324' title='bbox 537 2309 548 2327; x_wconf 93' lang='lat'>‚</span> <span class='ocrx_word' id='word_1_325' title='bbox 585 2282 737 2318; x_wconf 84' lang='lat' dir='ltr'>exambire</span> <span class='ocrx_word' id='word_1_326' title='bbox 768 2283 811 2314; x_wconf 93' lang='lat' dir='ltr'>ad</span> <span class='ocrx_word' id='word_1_327' title='bbox 835 2286 982 2321; x_wconf 81' lang='lat' dir='ltr'>Martyres</span> <span class='ocrx_word' id='word_1_328' title='bbox 1003 2283 1126 2324; x_wconf 82' lang='lat' dir='ltr'>paffim‚</span> 
     </span>
     <span class='ocr_line' id='line_1_50' title="bbox 253 2330 1125 2384; baseline -0.011 -8"><span class='ocrx_word' id='word_1_329' title='bbox 253 2341 436 2384; x_wconf 75' lang='lat' dir='ltr'>confessores</span> <span class='ocrx_word' id='word_1_330' title='bbox 457 2346 566 2380; x_wconf 88' lang='lat' dir='ltr'>quoque</span> <span class='ocrx_word' id='word_1_331' title='bbox 582 2339 752 2375; x_wconf 85' lang='lat' dir='ltr'>importuna</span> <span class='ocrx_word' id='word_1_332' title='bbox 781 2333 814 2366; x_wconf 68' lang='grc' dir='ltr'>Θ</span> <span class='ocrx_word' id='word_1_333' title='bbox 833 2330 965 2375; x_wconf 64' lang='lat' dir='ltr'>gratiosa</span> <span class='ocrx_word' id='word_1_334' title='bbox 990 2333 1125 2375; x_wconf 84' lang='lat' dir='ltr'>depreca-</span> 
     </span>
     <span class='ocr_line' id='line_1_51' title="bbox 251 2380 1126 2430; baseline -0.017 -5"><span class='ocrx_word' id='word_1_335' title='bbox 251 2397 330 2425; x_wconf 64' lang='lat' dir='ltr'>tione</span> <span class='ocrx_word' id='word_1_336' title='bbox 351 2395 548 2430; x_wconf 85' lang='lat' dir='ltr'>corrumpere,</span> <span class='ocrx_word' id='word_1_337' title='bbox 574 2390 606 2417; x_wconf 87' lang='lat' dir='ltr'>ut</span> <span class='ocrx_word' id='word_1_338' title='bbox 616 2381 677 2424; x_wconf 84' lang='lat' dir='ltr'>fine</span> <span class='ocrx_word' id='word_1_339' title='bbox 698 2383 754 2416; x_wconf 87' lang='lat' dir='ltr'>ullo</span> <span class='ocrx_word' id='word_1_340' title='bbox 772 2380 939 2424; x_wconf 81' lang='lat' dir='ltr'>discrimine</span> <span class='ocrx_word' id='word_1_341' title='bbox 955 2390 1045 2423; x_wconf 86' lang='lat' dir='ltr'>atque</span> <span class='ocrx_word' id='word_1_342' title='bbox 1054 2393 1126 2416; x_wconf 81' lang='lat' dir='ltr'>exa.</span> 
     </span>
     <span class='ocr_line' id='line_1_52' title="bbox 252 2430 1122 2483; baseline -0.008 -10"><span class='ocrx_word' id='word_1_343' title='bbox 252 2448 332 2476; x_wconf 81' lang='lat' dir='ltr'>mine</span> <span class='ocrx_word' id='word_1_344' title='bbox 349 2438 523 2483; x_wconf 71' lang='lat' dir='ltr'>singulorum</span> <span class='ocrx_word' id='word_1_345' title='bbox 552 2436 674 2468; x_wconf 86' lang='lat' dir='ltr'>daretur</span> <span class='ocrx_word' id='word_1_346' title='bbox 696 2433 826 2475; x_wconf 72' lang='lat' dir='ltr'>quotidie</span> <span class='ocrx_word' id='word_1_347' title='bbox 848 2430 1007 2465; x_wconf 85' lang='lat' dir='ltr'>libellorum</span> <span class='ocrx_word' id='word_1_348' title='bbox 1028 2434 1122 2466; x_wconf 88' lang='lat' dir='ltr'>millia</span> 
     </span>
     <span class='ocr_line' id='line_1_53' title="bbox 253 2481 1121 2530; baseline -0.017 -5"><span class='ocrx_word' id='word_1_349' title='bbox 253 2501 357 2525; x_wconf 78' lang='lat' dir='ltr'>contra</span> <span class='ocrx_word' id='word_1_350' title='bbox 381 2487 545 2530; x_wconf 83' lang='lat' dir='ltr'>Evangelii</span> <span class='ocrx_word' id='word_1_351' title='bbox 556 2486 667 2527; x_wconf 75' lang='lat' dir='ltr'>legem,</span> <span class='ocrx_word' id='word_1_352' title='bbox 688 2483 806 2515; x_wconf 87' lang='lat' dir='ltr'>litteras</span> <span class='ocrx_word' id='word_1_353' title='bbox 813 2481 897 2523; x_wconf 68' lang='lat' dir='ltr'>secl,</span> <span class='ocrx_word' id='word_1_354' title='bbox 925 2481 1030 2524; x_wconf 86' lang='lat' dir='ltr'>quibus</span> <span class='ocrx_word' id='word_1_355' title='bbox 1042 2486 1121 2516; x_wconf 85' lang='lat' dir='ltr'>Mar.</span> 
     </span>
     <span class='ocr_line' id='line_1_54' title="bbox 253 2531 1119 2580; baseline -0.013 -7"><span class='ocrx_word' id='word_1_356' title='bbox 253 2553 326 2580; x_wconf 67' lang='lat' dir='ltr'>syres</span> <span class='ocrx_word' id='word_1_357' title='bbox 351 2536 574 2579; x_wconf 71' lang='lat' dir='ltr'>&amp;Confeffores</span> <span class='ocrx_word' id='word_1_358' title='bbox 597 2531 707 2574; x_wconf 85' lang='lat' dir='ltr'>confilio</span> <span class='ocrx_word' id='word_1_359' title='bbox 731 2542 809 2571; x_wconf 90' lang='lat' dir='ltr'>meo,</span> <span class='ocrx_word' id='word_1_360' title='bbox 836 2539 979 2573; x_wconf 82' lang='lat' dir='ltr'>quantum</span> <span class='ocrx_word' id='word_1_361' title='bbox 995 2534 1119 2575; x_wconf 67' lang='lat' dir='ltr'>postem,</span> 
     </span>
     <span class='ocr_line' id='line_1_55' title="bbox 254 2580 1120 2625; baseline -0.016 -3"><span class='ocrx_word' id='word_1_362' title='bbox 254 2582 299 2624; x_wconf 67' lang='lat' dir='ltr'>ad</span> <span class='ocrx_word' id='word_1_363' title='bbox 311 2593 462 2622; x_wconf 88' lang='lat' dir='ltr'>Dominica</span> <span class='ocrx_word' id='word_1_364' title='bbox 475 2588 628 2625; x_wconf 83' lang='lat' dir='ltr'>Praecepta</span> <span class='ocrx_word' id='word_1_365' title='bbox 641 2591 808 2614; x_wconf 83' lang='lat' dir='ltr'>revocarem</span> <span class='ocrx_word' id='word_1_366' title='bbox 824 2605 830 2611; x_wconf 92' lang='lat'><strong>.</strong></span> <span class='ocrx_word' id='word_1_367' title='bbox 857 2582 899 2614; x_wconf 90' lang='lat' dir='ltr'>Et</span> <span class='ocrx_word' id='word_1_368' title='bbox 913 2580 994 2614; x_wconf 70' lang='lat' dir='ltr'>infra</span> <span class='ocrx_word' id='word_1_369' title='bbox 1008 2594 1015 2613; x_wconf 75' lang='grc' dir='ltr'><em>τ</em></span> <span class='ocrx_word' id='word_1_370' title='bbox 1042 2581 1120 2622; x_wconf 79' lang='lat' dir='ltr'>Post.</span> 
     </span>
    </p>
   </div>
   <div class='ocr_carea' id='block_1_8' title="bbox 251 2628 1121 2675">
    <p class='ocr_par' dir='ltr' id='par_1_9' title="bbox 251 2628 1121 2675">
     <span class='ocr_line' id='line_1_56' title="bbox 251 2628 1121 2675; baseline -0.008 -4"><span class='ocrx_word' id='word_1_371' title='bbox 251 2641 370 2675; x_wconf 83' lang='lat' dir='ltr'>modum</span> <span class='ocrx_word' id='word_1_372' title='bbox 382 2639 452 2672; x_wconf 67' lang='lat' dir='ltr'>verb</span> <span class='ocrx_word' id='word_1_373' title='bbox 468 2660 477 2675; x_wconf 91' lang='lat'>‚</span> <span class='ocrx_word' id='word_1_374' title='bbox 503 2636 569 2667; x_wconf 74' lang='lat' dir='ltr'>cum</span> <span class='ocrx_word' id='word_1_375' title='bbox 582 2633 705 2675; x_wconf 81' lang='lat' dir='ltr'>quidam</span> <span class='ocrx_word' id='word_1_376' title='bbox 717 2631 753 2662; x_wconf 86' lang='lat' dir='ltr'>de</span> <span class='ocrx_word' id='word_1_377' title='bbox 764 2628 851 2671; x_wconf 74' lang='lat' dir='ltr'>lapsis</span> <span class='ocrx_word' id='word_1_378' title='bbox 861 2653 870 2668; x_wconf 86' lang='lat'>‚</span> <span class='ocrx_word' id='word_1_379' title='bbox 893 2628 955 2671; x_wconf 87' lang='lat' dir='ltr'>five</span> <span class='ocrx_word' id='word_1_380' title='bbox 965 2628 1021 2672; x_wconf 89' lang='lat' dir='ltr'>sua</span> <span class='ocrx_word' id='word_1_381' title='bbox 1036 2628 1121 2673; x_wconf 84' lang='lat' dir='ltr'>spon-</span> 
     </span>
    </p>
   </div>
   <div class='ocr_carea' id='block_1_9' title="bbox 1125 221 1168 2199">
    <p class='ocr_par' dir='ltr' id='par_1_10' title="bbox 1125 221 1168 2199">
     <span class='ocr_line' id='line_1_57' title="bbox 1146 221 1161 464; baseline 0 -97"><span class='ocrx_word' id='word_1_382' title='bbox 1146 221 1161 464; x_wconf 95' lang='lat' dir='ltr'>     </span> 
     </span>
     <span class='ocr_line' id='line_1_58' title="bbox 1146 464 1161 666; baseline 0 -152"><span class='ocrx_word' id='word_1_383' title='bbox 1146 464 1161 666; x_wconf 95' lang='lat' dir='ltr'>     </span> 
     </span>
     <span class='ocr_line' id='line_1_59' title="bbox 1147 763 1164 962; baseline 0 -152"><span class='ocrx_word' id='word_1_384' title='bbox 1147 763 1164 962; x_wconf 95' lang='lat' dir='ltr'>    </span> 
     </span>
     <span class='ocr_line' id='line_1_60' title="bbox 1150 1091 1168 1307; baseline 0 -49"><span class='ocrx_word' id='word_1_385' title='bbox 1150 1091 1168 1307; x_wconf 95' lang='lat' dir='ltr'>    </span> 
     </span>
     <span class='ocr_line' id='line_1_61' title="bbox 1150 1307 1168 1459; baseline 0 -44"><span class='ocrx_word' id='word_1_386' title='bbox 1150 1307 1168 1459; x_wconf 95' lang='lat' dir='ltr'>   </span> 
     </span>
     <span class='ocr_line' id='line_1_62' title="bbox 1150 1459 1167 1510; baseline 0 2246"><span class='ocrx_word' id='word_1_387' title='bbox 1150 1459 1167 1510; x_wconf 95' lang='lat' dir='ltr'> </span> 
     </span>
     <span class='ocr_line' id='line_1_63' title="bbox 1149 1510 1165 1608; baseline 0 -49"><span class='ocrx_word' id='word_1_388' title='bbox 1149 1510 1165 1608; x_wconf 95' lang='lat' dir='ltr'>  </span> 
     </span>
     <span class='ocr_line' id='line_1_64' title="bbox 1125 1608 1164 1911; baseline -0.128 -148"><span class='ocrx_word' id='word_1_389' title='bbox 1125 1608 1164 1911; x_wconf 95' lang='lat' dir='ltr'>      </span> 
     </span>
     <span class='ocr_line' id='line_1_65' title="bbox 1138 1911 1160 2000; baseline 0 -44"><span class='ocrx_word' id='word_1_390' title='bbox 1138 1911 1160 2000; x_wconf 95' lang='lat' dir='ltr'>  </span> 
     </span>
     <span class='ocr_line' id='line_1_66' title="bbox 1135 2000 1157 2199; baseline 0 -89"><span class='ocrx_word' id='word_1_391' title='bbox 1135 2000 1157 2199; x_wconf 95' lang='lat' dir='ltr'>   </span> 
     </span>
    </p>
   </div>
   <div class='ocr_carea' id='block_1_10' title="bbox 215 2679 1118 2731">
    <p class='ocr_par' dir='ltr' id='par_1_11' title="bbox 215 2679 1118 2731">
     <span class='ocr_line' id='line_1_67' title="bbox 215 2679 1118 2731; baseline -0.003 -15"><span class='ocrx_word' id='word_1_392' title='bbox 215 2692 217 2695; x_wconf 79' lang='grc'>’</span> <span class='ocrx_word' id='word_1_393' title='bbox 250 2702 281 2726; x_wconf 61' lang='grc' dir='ltr'><em>ῃ</em></span> <span class='ocrx_word' id='word_1_394' title='bbox 294 2716 304 2731; x_wconf 71' lang='lat'><em>‚</em></span> <span class='ocrx_word' id='word_1_395' title='bbox 328 2689 388 2729; x_wconf 74' lang='lat' dir='ltr'>five</span> <span class='ocrx_word' id='word_1_396' title='bbox 399 2687 495 2727; x_wconf 76' lang='lat' dir='ltr'>aliquo</span> <span class='ocrx_word' id='word_1_397' title='bbox 506 2690 656 2716; x_wconf 77' lang='lat' dir='ltr'>incitatore</span> <span class='ocrx_word' id='word_1_398' title='bbox 669 2704 679 2721; x_wconf 89' lang='lat'>‚</span> <span class='ocrx_word' id='word_1_399' title='bbox 691 2682 796 2712; x_wconf 82' lang='lat' dir='ltr'>audaci</span> <span class='ocrx_word' id='word_1_400' title='bbox 808 2679 989 2723; x_wconf 75' lang='lat' dir='ltr'>flagitatione</span> <span class='ocrx_word' id='word_1_401' title='bbox 999 2689 1118 2722; x_wconf 89' lang='lat' dir='ltr'>prorue-</span> 
     </span>
    </p>
   </div>
   <div class='ocr_carea' id='block_1_11' title="bbox 241 2729 1133 3425">
    <p class='ocr_par' dir='ltr' id='par_1_12' title="bbox 241 2729 1133 3425">
     <span class='ocr_line' id='line_1_68' title="bbox 249 2729 1118 2779; baseline -0.02 -4"><span class='ocrx_word' id='word_1_402' title='bbox 249 2750 340 2779; x_wconf 71' lang='lat' dir='ltr'>rent,</span> <span class='ocrx_word' id='word_1_403' title='bbox 367 2747 399 2771; x_wconf 92' lang='lat' dir='ltr'>ut</span> <span class='ocrx_word' id='word_1_404' title='bbox 417 2745 521 2779; x_wconf 84' lang='lat' dir='ltr'>pacem</span> <span class='ocrx_word' id='word_1_405' title='bbox 533 2732 586 2775; x_wconf 85' lang='lat' dir='ltr'>fibi</span> <span class='ocrx_word' id='word_1_406' title='bbox 609 2734 629 2764; x_wconf 78' lang='grc' dir='ltr'><em>ἃ</em></span> <span class='ocrx_word' id='word_1_407' title='bbox 651 2729 829 2768; x_wconf 79' lang='lat' dir='ltr'>Martyribus</span> <span class='ocrx_word' id='word_1_408' title='bbox 852 2730 885 2763; x_wconf 64' lang='grc' dir='ltr'>ὁ·</span> <span class='ocrx_word' id='word_1_409' title='bbox 910 2730 1118 2773; x_wconf 70' lang='lat' dir='ltr'>Confefforibus</span> 
     </span>
     <span class='ocr_line' id='line_1_69' title="bbox 245 2782 1118 2834; baseline -0.014 -11"><span class='ocrx_word' id='word_1_410' title='bbox 245 2791 415 2834; x_wconf 75' lang='lat' dir='ltr'>promissam</span> <span class='ocrx_word' id='word_1_411' title='bbox 426 2793 594 2826; x_wconf 79' lang='lat' dir='ltr'>extorquere</span> <span class='ocrx_word' id='word_1_412' title='bbox 605 2782 731 2815; x_wconf 76' lang='lat' dir='ltr'>violento</span> <span class='ocrx_word' id='word_1_413' title='bbox 741 2786 851 2820; x_wconf 86' lang='lat' dir='ltr'>impetu</span> <span class='ocrx_word' id='word_1_414' title='bbox 871 2784 1053 2821; x_wconf 78' lang='lat' dir='ltr'>niterentur,</span> <span class='ocrx_word' id='word_1_415' title='bbox 1081 2782 1118 2815; x_wconf 82' lang='lat' dir='ltr'>de</span> 
     </span>
     <span class='ocr_line' id='line_1_70' title="bbox 250 2828 1117 2873; baseline -0.022 1"><span class='ocrx_word' id='word_1_416' title='bbox 250 2841 301 2873; x_wconf 79' lang='lat' dir='ltr'>hoc</span> <span class='ocrx_word' id='word_1_417' title='bbox 311 2847 401 2873; x_wconf 83' lang='lat' dir='ltr'>etiam</span> <span class='ocrx_word' id='word_1_418' title='bbox 413 2837 458 2870; x_wconf 81' lang='lat' dir='ltr'>bIs</span> <span class='ocrx_word' id='word_1_419' title='bbox 471 2835 515 2866; x_wconf 86' lang='lat' dir='ltr'>ad</span> <span class='ocrx_word' id='word_1_420' title='bbox 522 2835 643 2870; x_wconf 71' lang='lat' dir='ltr'>,clerum</span> <span class='ocrx_word' id='word_1_421' title='bbox 652 2832 773 2863; x_wconf 86' lang='lat' dir='ltr'>litteras</span> <span class='ocrx_word' id='word_1_422' title='bbox 775 2828 837 2870; x_wconf 82' lang='lat' dir='ltr'>feci</span> <span class='ocrx_word' id='word_1_423' title='bbox 850 2852 860 2868; x_wconf 95' lang='lat'>,</span> <span class='ocrx_word' id='word_1_424' title='bbox 888 2830 920 2861; x_wconf 70' lang='lat'>(⁰5</span> <span class='ocrx_word' id='word_1_425' title='bbox 932 2830 988 2872; x_wconf 81' lang='lat' dir='ltr'>legi</span> <span class='ocrx_word' id='word_1_426' title='bbox 1000 2836 1117 2863; x_wconf 63' lang='lat' dir='ltr'>elman.</span> 
     </span>
     <span class='ocr_line' id='line_1_71' title="bbox 250 2880 1116 2930; baseline -0.014 -8"><span class='ocrx_word' id='word_1_427' title='bbox 250 2891 350 2930; x_wconf 82' lang='lat' dir='ltr'>davi,</span> <span class='ocrx_word' id='word_1_428' title='bbox 376 2886 463 2920; x_wconf 80' lang='lat' dir='ltr'>utad</span> <span class='ocrx_word' id='word_1_429' title='bbox 474 2885 586 2917; x_wconf 83' lang='lat' dir='ltr'>illorum</span> <span class='ocrx_word' id='word_1_430' title='bbox 607 2886 727 2914; x_wconf 82' lang='lat' dir='ltr'>interim</span> <span class='ocrx_word' id='word_1_431' title='bbox 749 2880 920 2912; x_wconf 81' lang='lat' dir='ltr'>violentiam</span> <span class='ocrx_word' id='word_1_432' title='bbox 944 2890 1050 2921; x_wconf 84' lang='lat' dir='ltr'>quoquo</span> <span class='ocrx_word' id='word_1_433' title='bbox 1067 2891 1116 2924; x_wconf 83' lang='lat' dir='ltr'>ge-</span> 
     </span>
     <span class='ocr_line' id='line_1_72' title="bbox 250 2928 1117 2980; baseline -0.01 -8"><span class='ocrx_word' id='word_1_434' title='bbox 250 2931 321 2972; x_wconf 73' lang='lat' dir='ltr'>nere</span> <span class='ocrx_word' id='word_1_435' title='bbox 333 2936 528 2980; x_wconf 83' lang='lat' dir='ltr'>mitigandam</span> <span class='ocrx_word' id='word_1_436' title='bbox 537 2958 546 2974; x_wconf 90' lang='lat'>‚</span> <span class='ocrx_word' id='word_1_437' title='bbox 567 2931 596 2974; x_wconf 86' lang='lat' dir='ltr'><em>fi</em></span> <span class='ocrx_word' id='word_1_438' title='bbox 604 2936 654 2974; x_wconf 88' lang='lat' dir='ltr'>qui</span> <span class='ocrx_word' id='word_1_439' title='bbox 665 2930 755 2963; x_wconf 83' lang='lat' dir='ltr'>libello</span> <span class='ocrx_word' id='word_1_440' title='bbox 768 2931 786 2960; x_wconf 77' lang='grc' dir='ltr'><em>ἃ</em></span> <span class='ocrx_word' id='word_1_441' title='bbox 800 2928 979 2965; x_wconf 83' lang='lat' dir='ltr'>Martyribus</span> <span class='ocrx_word' id='word_1_442' title='bbox 1000 2938 1117 2972; x_wconf 88' lang='lat' dir='ltr'>accepto</span> 
     </span>
     <span class='ocr_line' id='line_1_73' title="bbox 250 2977 1124 3030; baseline -0.017 -9"><span class='ocrx_word' id='word_1_443' title='bbox 250 2986 402 3030; x_wconf 82' lang='lat' dir='ltr'>desaeculo</span> <span class='ocrx_word' id='word_1_444' title='bbox 423 2985 610 3022; x_wconf 81' lang='lat' dir='ltr'>excederent,</span> <span class='ocrx_word' id='word_1_445' title='bbox 636 2977 818 3022; x_wconf 75' lang='lat' dir='ltr'>exomolegefi</span> <span class='ocrx_word' id='word_1_446' title='bbox 832 2977 942 3019; x_wconf 57' lang='lat' dir='ltr'>fiilia,</span> <span class='ocrx_word' id='word_1_447' title='bbox 971 2980 1004 3012; x_wconf 63' lang='lat' dir='ltr'>(tr</span> <span class='ocrx_word' id='word_1_448' title='bbox 1029 2982 1124 3012; x_wconf 73' lang='lat' dir='ltr'>manu·</span> 
     </span>
     <span class='ocr_line' id='line_1_74' title="bbox 243 3027 1114 3079; baseline -0.008 -10"><span class='ocrx_word' id='word_1_449' title='bbox 243 3035 297 3079; x_wconf 77' lang='lat' dir='ltr'>sibi</span> <span class='ocrx_word' id='word_1_450' title='bbox 320 3043 351 3069; x_wconf 85' lang='lat' dir='ltr'>in</span> <span class='ocrx_word' id='word_1_451' title='bbox 364 3038 575 3078; x_wconf 75' lang='lat' dir='ltr'>&#39;poenitentiam</span> <span class='ocrx_word' id='word_1_452' title='bbox 599 3029 746 3072; x_wconf 81' lang='lat' dir='ltr'>impofita,</span> <span class='ocrx_word' id='word_1_453' title='bbox 771 3040 835 3061; x_wconf 88' lang='lat' dir='ltr'>cum</span> <span class='ocrx_word' id='word_1_454' title='bbox 850 3036 925 3070; x_wconf 84' lang='lat' dir='ltr'>pace</span> <span class='ocrx_word' id='word_1_455' title='bbox 940 3027 1024 3069; x_wconf 76' lang='lat' dir='ltr'>si&#39;bt&#39;ti</span> <span class='ocrx_word' id='word_1_456' title='bbox 1038 3033 1114 3062; x_wconf 85' lang='lat' dir='ltr'>Mar·</span> 
     </span>
     <span class='ocr_line' id='line_1_75' title="bbox 247 3080 1114 3127; baseline -0.01 -9"><span class='ocrx_word' id='word_1_457' title='bbox 247 3087 357 3126; x_wconf 76' lang='lat' dir='ltr'>tyribus</span> <span class='ocrx_word' id='word_1_458' title='bbox 376 3082 515 3127; x_wconf 75' lang='lat' dir='ltr'>promissa</span> <span class='ocrx_word' id='word_1_459' title='bbox 540 3083 582 3114; x_wconf 85' lang='lat' dir='ltr'>ad</span> <span class='ocrx_word' id='word_1_460' title='bbox 608 3085 764 3112; x_wconf 90' lang='lat' dir='ltr'>Dominum</span> <span class='ocrx_word' id='word_1_461' title='bbox 787 3083 1026 3111; x_wconf 78' lang='lat' dir='ltr'>remitterentur.</span> <span class='ocrx_word' id='word_1_462' title='bbox 1067 3080 1114 3113; x_wconf 83' lang='lat' dir='ltr'>ln·</span> 
     </span>
     <span class='ocr_line' id='line_1_76' title="bbox 247 3127 1133 3210; baseline -0.011 -39"><span class='ocrx_word' id='word_1_463' title='bbox 247 3139 368 3171; x_wconf 83' lang='lat' dir='ltr'>citator</span> <span class='ocrx_word' id='word_1_464' title='bbox 395 3134 448 3167; x_wconf 85' lang='lat' dir='ltr'>ille</span> <span class='ocrx_word' id='word_1_465' title='bbox 475 3131 568 3175; x_wconf 72' lang='lat' dir='ltr'>possit</span> <span class='ocrx_word' id='word_1_466' title='bbox 593 3130 683 3163; x_wconf 80' lang='lat' dir='ltr'>fuiffe</span> <span class='ocrx_word' id='word_1_467' title='bbox 706 3129 778 3172; x_wconf 87' lang='lat' dir='ltr'>quis</span> <span class='ocrx_word' id='word_1_468' title='bbox 800 3129 865 3171; x_wconf 78' lang='lat' dir='ltr'>jam</span> <span class='ocrx_word' id='word_1_469' title='bbox 893 3128 996 3160; x_wconf 68' lang='lat' dir='ltr'>dietus</span> <span class='ocrx_word' id='word_1_470' title='bbox 1022 3127 1133 3210; x_wconf 60' lang='lat' dir='ltr'>inter-l</span> 
     </span>
     <span class='ocr_line' id='line_1_77' title="bbox 244 3177 1115 3225; baseline -0.016 -3"><span class='ocrx_word' id='word_1_471' title='bbox 244 3197 386 3225; x_wconf 85' lang='lat' dir='ltr'>ventor,</span> <span class='ocrx_word' id='word_1_472' title='bbox 413 3181 601 3225; x_wconf 85' lang='lat' dir='ltr'>indignatus</span> <span class='ocrx_word' id='word_1_473' title='bbox 628 3177 781 3212; x_wconf 85' lang='lat' dir='ltr'>obtentos</span> <span class='ocrx_word' id='word_1_474' title='bbox 808 3179 823 3210; x_wconf 74' lang='lat' dir='ltr'>a</span> <span class='ocrx_word' id='word_1_475' title='bbox 848 3178 877 3210; x_wconf 83' lang='lat' dir='ltr'>se</span> <span class='ocrx_word' id='word_1_476' title='bbox 891 3177 1115 3219; x_wconf 79' lang='lat' dir='ltr'>pacislibellos</span> 
     </span>
     <span class='ocr_line' id='line_1_78' title="bbox 241 3225 1113 3283; baseline -0.011 -15"><span class='ocrx_word' id='word_1_477' title='bbox 241 3248 300 3283; x_wconf 74' lang='lat' dir='ltr'>per</span> <span class='ocrx_word' id='word_1_478' title='bbox 322 3234 457 3270; x_wconf 84' lang='lat' dir='ltr'>nimiam</span> <span class='ocrx_word' id='word_1_479' title='bbox 483 3229 633 3272; x_wconf 82' lang='lat' dir='ltr'>Episcopi</span> <span class='ocrx_word' id='word_1_480' title='bbox 657 3227 690 3261; x_wconf 88' lang='lat'>&amp;</span> <span class='ocrx_word' id='word_1_481' title='bbox 711 3228 799 3261; x_wconf 88' lang='lat' dir='ltr'>Cleri</span> <span class='ocrx_word' id='word_1_482' title='bbox 823 3225 972 3259; x_wconf 58' lang='lat' dir='ltr'>duxitiam</span> <span class='ocrx_word' id='word_1_483' title='bbox 999 3229 1113 3269; x_wconf 83' lang='lat' dir='ltr'>privari</span> 
     </span>
     <span class='ocr_line' id='line_1_79' title="bbox 241 3276 1111 3332; baseline -0.01 -12"><span class='ocrx_word' id='word_1_484' title='bbox 241 3285 398 3332; x_wconf 72' lang='lat' dir='ltr'>promisso</span> <span class='ocrx_word' id='word_1_485' title='bbox 419 3282 546 3316; x_wconf 61' lang='lat' dir='ltr'>effectu.</span> <span class='ocrx_word' id='word_1_486' title='bbox 574 3277 720 3312; x_wconf 86' lang='lat' dir='ltr'>Similem</span> <span class='ocrx_word' id='word_1_487' title='bbox 745 3278 903 3320; x_wconf 79' lang='lat' dir='ltr'>lapsorum</span> <span class='ocrx_word' id='word_1_488' title='bbox 925 3276 1111 3311; x_wconf 70' lang='lat' dir='ltr'>violentiam</span> 
     </span>
     <span class='ocr_line' id='line_1_80' title="bbox 242 3326 1113 3377; baseline -0.01 -6"><span class='ocrx_word' id='word_1_489' title='bbox 242 3335 336 3372; x_wconf 74' lang='lat' dir='ltr'>refert</span> <span class='ocrx_word' id='word_1_490' title='bbox 358 3332 543 3377; x_wconf 87' lang='lat' dir='ltr'>Cyprianus</span> <span class='ocrx_word' id='word_1_491' title='bbox 564 3328 598 3361; x_wconf 89' lang='lat' dir='ltr'>in</span> <span class='ocrx_word' id='word_1_492' title='bbox 625 3327 740 3360; x_wconf 85' lang='lat' dir='ltr'>litteris</span> <span class='ocrx_word' id='word_1_493' title='bbox 757 3328 796 3362; x_wconf 82' lang='lat' dir='ltr'>ad</span> <span class='ocrx_word' id='word_1_494' title='bbox 811 3326 941 3361; x_wconf 86' lang='lat' dir='ltr'>Clerum</span> <span class='ocrx_word' id='word_1_495' title='bbox 957 3326 1113 3362; x_wconf 73' lang='lat' dir='ltr'>Romanae</span> 
     </span>
     <span class='ocr_line' id='line_1_81' title="bbox 337 3379 735 3425; baseline -0.025 -7"><span class='ocrx_word' id='word_1_496' title='bbox 337 3384 446 3425; x_wconf 84' lang='lat' dir='ltr'>Christ.</span> <span class='ocrx_word' id='word_1_497' title='bbox 456 3384 533 3423; x_wconf 82' lang='lat' dir='ltr'>Lupi</span> <span class='ocrx_word' id='word_1_498' title='bbox 543 3384 639 3422; x_wconf 82' lang='lat' dir='ltr'>opera</span> <span class='ocrx_word' id='word_1_499' title='bbox 649 3379 735 3410; x_wconf 89' lang='lat' dir='ltr'><strong><em>T.VI.</em></strong></span> 
     </span>
    </p>
   </div>
   <div class='ocr_carea' id='block_1_12' title="bbox 1128 3219 1133 3309">
    <p class='ocr_par' dir='ltr' id='par_1_13' title="bbox 1128 3219 1133 3309">
     <span class='ocr_line' id='line_1_82' title="bbox 1128 3219 1133 3309; baseline 0 447"><span class='ocrx_word' id='word_1_500' title='bbox 1128 3219 1133 3309; x_wconf 95' lang='lat' dir='ltr'> </span> 
     </span>
    </p>
   </div>
   <div class='ocr_carea' id='block_1_13' title="bbox 1154 3284 1160 3390">
    <p class='ocr_par' dir='ltr' id='par_1_14' title="bbox 1154 3284 1160 3390">
     <span class='ocr_line' id='line_1_83' title="bbox 1154 3284 1160 3390; baseline 0 366"><span class='ocrx_word' id='word_1_501' title='bbox 1154 3284 1160 3390; x_wconf 95' lang='lat' dir='ltr'> </span> 
     </span>
    </p>
   </div>
   <div class='ocr_carea' id='block_1_14' title="bbox 1126 3310 1133 3388">
    <p class='ocr_par' dir='ltr' id='par_1_15' title="bbox 1126 3310 1133 3388">
     <span class='ocr_line' id='line_1_84' title="bbox 1126 3310 1133 3388; textangle 90"><span class='ocrx_word' id='word_1_502' title='bbox 1126 3310 1133 3388; x_wconf 50' lang='lat'>„—</span> 
     </span>
    </p>
   </div>
   <div class='ocr_carea' id='block_1_15' title="bbox 1175 188 2217 3177">
    <p class='ocr_par' dir='ltr' id='par_1_16' title="bbox 1200 188 2204 241">
     <span class='ocr_line' id='line_1_85' title="bbox 1200 188 2204 241; baseline 0.005 -21"><span class='ocrx_word' id='word_1_503' title='bbox 1200 196 1266 232; x_wconf 77' lang='lat' dir='ltr'>pit.</span> <span class='ocrx_word' id='word_1_504' title='bbox 1294 194 1379 223; x_wconf 86' lang='lat' dir='ltr'>Nam</span> <span class='ocrx_word' id='word_1_505' title='bbox 1400 195 1432 222; x_wconf 86' lang='lat' dir='ltr'>i’n</span> <span class='ocrx_word' id='word_1_506' title='bbox 1453 192 1615 224; x_wconf 80' lang='lat' dir='ltr'>Provincia</span> <span class='ocrx_word' id='word_1_507' title='bbox 1636 196 1727 234; x_wconf 89' lang='lat' dir='ltr'>nostra</span> <span class='ocrx_word' id='word_1_508' title='bbox 1751 206 1803 238; x_wconf 78' lang='lat' dir='ltr'>per</span> <span class='ocrx_word' id='word_1_509' title='bbox 1813 200 1922 241; x_wconf 81' lang='lat' dir='ltr'>aliquot</span> <span class='ocrx_word' id='word_1_510' title='bbox 1931 202 2064 230; x_wconf 74' lang='lat' dir='ltr'>civitates</span> <span class='ocrx_word' id='word_1_511' title='bbox 2082 188 2132 225; x_wconf 60' lang='lat'>⁹⁴5⁷·</span> <span class='ocrx_word' id='word_1_512' title='bbox 2155 189 2204 225; x_wconf 59' lang='lat'>235</span> 
     </span>
    </p>

    <p class='ocr_par' dir='ltr' id='par_1_17' title="bbox 1175 237 2217 2029">
     <span class='ocr_line' id='line_1_86' title="bbox 1175 237 2064 287; baseline 0.01 -15"><span class='ocrx_word' id='word_1_513' title='bbox 1175 237 1178 239; x_wconf 44' lang='grc'><strong>“</strong></span> <span class='ocrx_word' id='word_1_514' title='bbox 1205 246 1236 273; x_wconf 88' lang='lat' dir='ltr'>in</span> <span class='ocrx_word' id='word_1_515' title='bbox 1248 238 1419 283; x_wconf 76' lang='lat' dir='ltr'>Praepofitos</span> <span class='ocrx_word' id='word_1_516' title='bbox 1440 245 1568 281; x_wconf 82' lang='lat' dir='ltr'>impetus</span> <span class='ocrx_word' id='word_1_517' title='bbox 1590 244 1807 278; x_wconf 74' lang='lat' dir='ltr'>multitudinum</span> <span class='ocrx_word' id='word_1_518' title='bbox 1820 247 1924 287; x_wconf 60' lang='lat' dir='ltr'>fabius</span> <span class='ocrx_word' id='word_1_519' title='bbox 1945 247 2005 287; x_wconf 81' lang='lat' dir='ltr'>est,</span> <span class='ocrx_word' id='word_1_520' title='bbox 2031 249 2064 280; x_wconf 57' lang='grc' dir='ltr'>(τ</span> 
     </span>
     <span class='ocr_line' id='line_1_87' title="bbox 1201 288 2066 333; baseline 0.007 -11"><span class='ocrx_word' id='word_1_521' title='bbox 1201 298 1305 332; x_wconf 85' lang='lat' dir='ltr'>pacem</span> <span class='ocrx_word' id='word_1_522' title='bbox 1318 316 1327 331; x_wconf 95' lang='lat'>,</span> <span class='ocrx_word' id='word_1_523' title='bbox 1353 301 1444 332; x_wconf 78' lang='lat' dir='ltr'>quam</span> <span class='ocrx_word' id='word_1_524' title='bbox 1459 288 1552 333; x_wconf 84' lang='lat' dir='ltr'>semel</span> <span class='ocrx_word' id='word_1_525' title='bbox 1568 290 1680 322; x_wconf 74' lang='lat' dir='ltr'>cunc‘iis</span> <span class='ocrx_word' id='word_1_526' title='bbox 1701 295 1720 323; x_wconf 80' lang='grc' dir='ltr'><em>ὰ</em></span> <span class='ocrx_word' id='word_1_527' title='bbox 1744 297 1920 333; x_wconf 71' lang='lat' dir='ltr'>martyribus</span> <span class='ocrx_word' id='word_1_528' title='bbox 1942 298 1976 331; x_wconf 59' lang='grc' dir='ltr'>(Ὗ</span> <span class='ocrx_word' id='word_1_529' title='bbox 1990 301 2066 329; x_wconf 84' lang='lat' dir='ltr'>Con-</span> 
     </span>
     <span class='ocr_line' id='line_1_88' title="bbox 1198 339 2066 389; baseline 0.008 -16"><span class='ocrx_word' id='word_1_530' title='bbox 1198 340 1352 383; x_wconf 75' lang='lat' dir='ltr'>feffiiribus</span> <span class='ocrx_word' id='word_1_531' title='bbox 1374 342 1480 373; x_wconf 80' lang='lat' dir='ltr'>datam</span> <span class='ocrx_word' id='word_1_532' title='bbox 1491 339 1706 378; x_wconf 72' lang='lat' dir='ltr'>clamitabant,</span> <span class='ocrx_word' id='word_1_533' title='bbox 1730 343 1874 382; x_wconf 79' lang='lat' dir='ltr'>confestim</span> <span class='ocrx_word' id='word_1_534' title='bbox 1895 345 2066 389; x_wconf 81' lang='lat' dir='ltr'>fibireprae-</span> 
     </span>
     <span class='ocr_line' id='line_1_89' title="bbox 1201 389 2066 436; baseline 0.007 -13"><span class='ocrx_word' id='word_1_535' title='bbox 1201 390 1319 433; x_wconf 77' lang='lat' dir='ltr'>sentari</span> <span class='ocrx_word' id='word_1_536' title='bbox 1335 398 1484 434; x_wconf 85' lang='lat' dir='ltr'>coegerunt</span> <span class='ocrx_word' id='word_1_537' title='bbox 1502 415 1511 431; x_wconf 90' lang='lat'>,</span> <span class='ocrx_word' id='word_1_538' title='bbox 1552 395 1667 424; x_wconf 87' lang='lat' dir='ltr'>territis</span> <span class='ocrx_word' id='word_1_539' title='bbox 1687 390 1721 423; x_wconf 71' lang='lat'>(9⁸</span> <span class='ocrx_word' id='word_1_540' title='bbox 1747 389 1879 433; x_wconf 65' lang='lat' dir='ltr'>subadiis</span> <span class='ocrx_word' id='word_1_541' title='bbox 1901 394 2066 436; x_wconf 80' lang='lat' dir='ltr'>Praepofitis</span> 
     </span>
     <span class='ocr_line' id='line_1_90' title="bbox 1201 439 2067 483; baseline 0.006 -11"><span class='ocrx_word' id='word_1_542' title='bbox 1201 439 1266 482; x_wconf 85' lang='lat' dir='ltr'>suis</span> <span class='ocrx_word' id='word_1_543' title='bbox 1290 465 1301 481; x_wconf 96' lang='lat'>‚</span> <span class='ocrx_word' id='word_1_544' title='bbox 1338 447 1389 483; x_wconf 87' lang='lat' dir='ltr'>qui</span> <span class='ocrx_word' id='word_1_545' title='bbox 1409 442 1452 473; x_wconf 86' lang='lat' dir='ltr'>ad</span> <span class='ocrx_word' id='word_1_546' title='bbox 1469 439 1649 483; x_wconf 79' lang='lat' dir='ltr'>refiflendum</span> <span class='ocrx_word' id='word_1_547' title='bbox 1669 440 1767 473; x_wconf 74' lang='lat' dir='ltr'>minus</span> <span class='ocrx_word' id='word_1_548' title='bbox 1787 447 1900 474; x_wconf 84' lang='lat' dir='ltr'>virtute</span> <span class='ocrx_word' id='word_1_549' title='bbox 1920 445 1953 476; x_wconf 62' lang='lat' dir='ltr'>Co*</span> <span class='ocrx_word' id='word_1_550' title='bbox 1971 445 2067 478; x_wconf 83' lang='lat' dir='ltr'>robore</span> 
     </span>
     <span class='ocr_line' id='line_1_91' title="bbox 1202 491 2077 533; baseline 0.001 -10"><span class='ocrx_word' id='word_1_551' title='bbox 1202 492 1276 533; x_wconf 84' lang='lat' dir='ltr'>fidei</span> <span class='ocrx_word' id='word_1_552' title='bbox 1292 491 1527 533; x_wconf 65' lang='lat' dir='ltr'>praevalebant.</span> <span class='ocrx_word' id='word_1_553' title='bbox 1554 492 1647 531; x_wconf 83' lang='lat' dir='ltr'>Apud</span> <span class='ocrx_word' id='word_1_554' title='bbox 1655 502 1704 523; x_wconf 84' lang='lat' dir='ltr'>nos</span> <span class='ocrx_word' id='word_1_555' title='bbox 1718 495 1806 523; x_wconf 81' lang='lat' dir='ltr'>etiam</span> <span class='ocrx_word' id='word_1_556' title='bbox 1827 493 1951 533; x_wconf 82' lang='lat' dir='ltr'>quidam</span> <span class='ocrx_word' id='word_1_557' title='bbox 1973 493 2077 524; x_wconf 87' lang='lat' dir='ltr'>turbu-</span> 
     </span>
     <span class='ocr_line' id='line_1_92' title="bbox 1204 540 2070 583; baseline 0.002 -11"><span class='ocrx_word' id='word_1_558' title='bbox 1204 541 1298 581; x_wconf 87' lang='lat' dir='ltr'>lenti,</span> <span class='ocrx_word' id='word_1_559' title='bbox 1325 547 1375 583; x_wconf 89' lang='lat' dir='ltr'>qui</span> <span class='ocrx_word' id='word_1_560' title='bbox 1396 546 1451 574; x_wconf 85' lang='lat' dir='ltr'>vix</span> <span class='ocrx_word' id='word_1_561' title='bbox 1473 543 1492 572; x_wconf 76' lang='grc' dir='ltr'><em>ἆ</em></span> <span class='ocrx_word' id='word_1_562' title='bbox 1514 540 1596 573; x_wconf 85' lang='lat' dir='ltr'>nobis</span> <span class='ocrx_word' id='word_1_563' title='bbox 1616 545 1649 573; x_wconf 90' lang='lat' dir='ltr'>in</span> <span class='ocrx_word' id='word_1_564' title='bbox 1668 546 1859 582; x_wconf 84' lang='lat' dir='ltr'>&#39;praeteritum</span> <span class='ocrx_word' id='word_1_565' title='bbox 1877 541 2070 583; x_wconf 86' lang='lat' dir='ltr'>regebantur,</span> 
     </span>
     <span class='ocr_line' id='line_1_93' title="bbox 1205 589 2072 633; baseline -0.001 -10"><span class='ocrx_word' id='word_1_566' title='bbox 1205 592 1239 624; x_wconf 61' lang='grc' dir='ltr'>Θ</span> <span class='ocrx_word' id='word_1_567' title='bbox 1263 596 1295 622; x_wconf 85' lang='lat' dir='ltr'>in</span> <span class='ocrx_word' id='word_1_568' title='bbox 1316 590 1440 630; x_wconf 89' lang='lat' dir='ltr'>nostram</span> <span class='ocrx_word' id='word_1_569' title='bbox 1455 589 1650 633; x_wconf 75' lang='lat' dir='ltr'>praesentiam</span> <span class='ocrx_word' id='word_1_570' title='bbox 1661 590 1895 632; x_wconf 75' lang='lat' dir='ltr'>differebantur,</span> <span class='ocrx_word' id='word_1_571' title='bbox 1918 599 1972 633; x_wconf 85' lang='lat' dir='ltr'>per</span> <span class='ocrx_word' id='word_1_572' title='bbox 1998 590 2072 623; x_wconf 81' lang='lat' dir='ltr'>hanc</span> 
     </span>
     <span class='ocr_line' id='line_1_94' title="bbox 1206 638 2073 683; baseline 0.002 -11"><span class='ocrx_word' id='word_1_573' title='bbox 1206 639 1386 682; x_wconf 68' lang='lat' dir='ltr'>Epistolam,</span> <span class='ocrx_word' id='word_1_574' title='bbox 1413 641 1497 673; x_wconf 89' lang='lat' dir='ltr'>velut</span> <span class='ocrx_word' id='word_1_575' title='bbox 1518 638 1694 683; x_wconf 82' lang='lat' dir='ltr'>quibusdam</span> <span class='ocrx_word' id='word_1_576' title='bbox 1708 640 1832 681; x_wconf 86' lang='lat' dir='ltr'>facibus</span> <span class='ocrx_word' id='word_1_577' title='bbox 1855 640 1978 683; x_wconf 76' lang='lat' dir='ltr'>accensi,</span> <span class='ocrx_word' id='word_1_578' title='bbox 1998 643 2073 683; x_wconf 84' lang='lat' dir='ltr'>plus</span> 
     </span>
     <span class='ocr_line' id='line_1_95' title="bbox 1204 689 2075 734; baseline 0.003 -13"><span class='ocrx_word' id='word_1_579' title='bbox 1204 689 1411 734; x_wconf 80' lang='lat' dir='ltr'>exardescere,</span> <span class='ocrx_word' id='word_1_580' title='bbox 1429 692 1464 724; x_wconf 63' lang='lat' dir='ltr'>Ca·</span> <span class='ocrx_word' id='word_1_581' title='bbox 1485 698 1589 732; x_wconf 89' lang='lat' dir='ltr'>pacem</span> <span class='ocrx_word' id='word_1_582' title='bbox 1602 689 1658 732; x_wconf 83' lang='lat' dir='ltr'>fibi</span> <span class='ocrx_word' id='word_1_583' title='bbox 1679 691 1785 723; x_wconf 80' lang='lat' dir='ltr'>datam</span> <span class='ocrx_word' id='word_1_584' title='bbox 1804 699 1977 734; x_wconf 85' lang='lat' dir='ltr'>extorquere</span> <span class='ocrx_word' id='word_1_585' title='bbox 1987 699 2075 733; x_wconf 81' lang='lat' dir='ltr'>coepe-</span> 
     </span>
     <span class='ocr_line' id='line_1_96' title="bbox 1205 739 2075 784; baseline 0.002 -12"><span class='ocrx_word' id='word_1_586' title='bbox 1205 748 1287 772; x_wconf 88' lang='lat' dir='ltr'>runt.</span> <span class='ocrx_word' id='word_1_587' title='bbox 1318 740 1451 783; x_wconf 89' lang='lat' dir='ltr'>Utique</span> <span class='ocrx_word' id='word_1_588' title='bbox 1469 751 1525 784; x_wconf 88' lang='lat' dir='ltr'>per</span> <span class='ocrx_word' id='word_1_589' title='bbox 1546 739 1725 783; x_wconf 85' lang='lat' dir='ltr'>Epistolam</span> <span class='ocrx_word' id='word_1_590' title='bbox 1740 764 1751 780; x_wconf 93' lang='lat'>,</span> <span class='ocrx_word' id='word_1_591' title='bbox 1779 751 1843 784; x_wconf 89' lang='lat' dir='ltr'>qua</span> <span class='ocrx_word' id='word_1_592' title='bbox 1864 752 1904 774; x_wconf 84' lang='lat' dir='ltr'>ex</span> <span class='ocrx_word' id='word_1_593' title='bbox 1923 741 2075 775; x_wconf 87' lang='lat' dir='ltr'>omnium</span> 
     </span>
     <span class='ocr_line' id='line_1_97' title="bbox 1207 788 2076 834; baseline 0 -12"><span class='ocrx_word' id='word_1_594' title='bbox 1207 790 1390 831; x_wconf 75' lang='lat' dir='ltr'>Martyrum</span> <span class='ocrx_word' id='word_1_595' title='bbox 1416 790 1551 825; x_wconf 89' lang='lat' dir='ltr'>nomine</span> <span class='ocrx_word' id='word_1_596' title='bbox 1570 790 1684 834; x_wconf 89' lang='lat' dir='ltr'>scripta</span> <span class='ocrx_word' id='word_1_597' title='bbox 1696 788 1859 824; x_wconf 87' lang='lat' dir='ltr'>Lucianus</span> <span class='ocrx_word' id='word_1_598' title='bbox 1870 791 1998 833; x_wconf 83' lang='lat' dir='ltr'>Martyr</span> <span class='ocrx_word' id='word_1_599' title='bbox 2007 799 2076 825; x_wconf 89' lang='lat' dir='ltr'>om-</span> 
     </span>
     <span class='ocr_line' id='line_1_98' title="bbox 1207 838 2077 886; baseline 0.003 -15"><span class='ocrx_word' id='word_1_600' title='bbox 1207 839 1300 873; x_wconf 85' lang='lat' dir='ltr'>nibus</span> <span class='ocrx_word' id='word_1_601' title='bbox 1322 838 1440 883; x_wconf 89' lang='lat' dir='ltr'>ubique</span> <span class='ocrx_word' id='word_1_602' title='bbox 1462 840 1555 883; x_wconf 83' lang='lat' dir='ltr'>lapsis</span> <span class='ocrx_word' id='word_1_603' title='bbox 1566 840 1694 874; x_wconf 84' lang='lat' dir='ltr'>dederat</span> <span class='ocrx_word' id='word_1_604' title='bbox 1706 841 1834 883; x_wconf 86' lang='lat' dir='ltr'>plenam</span> <span class='ocrx_word' id='word_1_605' title='bbox 1845 852 1882 874; x_wconf 86' lang='lat' dir='ltr'>ac</span> <span class='ocrx_word' id='word_1_606' title='bbox 1894 840 2077 886; x_wconf 85' lang='lat' dir='ltr'>generalem</span> 
     </span>
     <span class='ocr_line' id='line_1_99' title="bbox 1208 887 2077 934; baseline 0 -12"><span class='ocrx_word' id='word_1_607' title='bbox 1208 900 1338 932; x_wconf 88' lang='lat' dir='ltr'>pacem.</span> <span class='ocrx_word' id='word_1_608' title='bbox 1365 889 1460 923; x_wconf 89' lang='lat' dir='ltr'>Istam</span> <span class='ocrx_word' id='word_1_609' title='bbox 1483 890 1644 933; x_wconf 87' lang='lat' dir='ltr'>lapsorum</span> <span class='ocrx_word' id='word_1_610' title='bbox 1666 890 1837 924; x_wconf 86' lang='lat' dir='ltr'>audaciam</span> <span class='ocrx_word' id='word_1_611' title='bbox 1860 887 1967 934; x_wconf 89' lang='lat' dir='ltr'>culpat</span> <span class='ocrx_word' id='word_1_612' title='bbox 1978 891 2077 924; x_wconf 89' lang='lat' dir='ltr'>etiam</span> 
     </span>
     <span class='ocr_line' id='line_1_100' title="bbox 1211 939 2078 983; baseline 0.002 -12"><span class='ocrx_word' id='word_1_613' title='bbox 1211 939 1244 971; x_wconf 89' lang='lat' dir='ltr'>in</span> <span class='ocrx_word' id='word_1_614' title='bbox 1269 939 1340 972; x_wconf 83' lang='lat' dir='ltr'>aliis</span> <span class='ocrx_word' id='word_1_615' title='bbox 1370 939 1547 982; x_wconf 87' lang='lat' dir='ltr'>Epistolis‚</span> <span class='ocrx_word' id='word_1_616' title='bbox 1575 939 1730 982; x_wconf 85' lang='lat' dir='ltr'>additque</span> <span class='ocrx_word' id='word_1_617' title='bbox 1749 940 1816 983; x_wconf 81' lang='lat' dir='ltr'>ejus</span> <span class='ocrx_word' id='word_1_618' title='bbox 1827 941 2078 974; x_wconf 83' lang='lat' dir='ltr'>fundamentum</span> 
     </span>
     <span class='ocr_line' id='line_1_101' title="bbox 1208 988 2217 1034; baseline -0.002 -12"><span class='ocrx_word' id='word_1_619' title='bbox 1208 988 1300 1022; x_wconf 76' lang='lat' dir='ltr'>fuiffe</span> <span class='ocrx_word' id='word_1_620' title='bbox 1319 988 1504 1023; x_wconf 83' lang='lat' dir='ltr'>indiscretas</span> <span class='ocrx_word' id='word_1_621' title='bbox 1521 988 1706 1033; x_wconf 86' lang='lat' dir='ltr'>Martyrum</span> <span class='ocrx_word' id='word_1_622' title='bbox 1728 1001 1853 1034; x_wconf 85' lang='lat' dir='ltr'>preces.</span> <span class='ocrx_word' id='word_1_623' title='bbox 1882 990 2031 1025; x_wconf 86' lang='lat' dir='ltr'>Unde&amp;</span> <span class='ocrx_word' id='word_1_624' title='bbox 2046 991 2080 1022; x_wconf 90' lang='lat' dir='ltr'>in</span> <span class='ocrx_word' id='word_1_625' title='bbox 2095 988 2144 1021; x_wconf 66' lang='lat' dir='ltr'>ED—</span> <span class='ocrx_word' id='word_1_626' title='bbox 2171 995 2217 1020; x_wconf 86' lang='lat'>²7·</span> 
     </span>
     <span class='ocr_line' id='line_1_102' title="bbox 1209 1031 2142 1084; baseline 0.001 -12"><span class='ocrx_word' id='word_1_627' title='bbox 1209 1039 1363 1073; x_wconf 89' lang='lat' dir='ltr'>Sermone</span> <span class='ocrx_word' id='word_1_628' title='bbox 1384 1039 1423 1072; x_wconf 89' lang='lat' dir='ltr'>de</span> <span class='ocrx_word' id='word_1_629' title='bbox 1445 1040 1534 1083; x_wconf 82' lang='lat' dir='ltr'>lapsis</span> <span class='ocrx_word' id='word_1_630' title='bbox 1553 1041 1683 1074; x_wconf 81' lang='lat' dir='ltr'>mandat</span> <span class='ocrx_word' id='word_1_631' title='bbox 1697 1041 1860 1083; x_wconf 87' lang='lat' dir='ltr'>Martyres</span> <span class='ocrx_word' id='word_1_632' title='bbox 1879 1042 1941 1074; x_wconf 79' lang='lat' dir='ltr'>effe</span> <span class='ocrx_word' id='word_1_633' title='bbox 1953 1040 2081 1084; x_wconf 86' lang='lat' dir='ltr'>religio·</span> <span class='ocrx_word' id='word_1_634' title='bbox 2098 1031 2142 1057; x_wconf 72' lang='lat'>²3·</span> 
     </span>
     <span class='ocr_line' id='line_1_103' title="bbox 1212 1089 2085 1133; baseline 0 -11"><span class='ocrx_word' id='word_1_635' title='bbox 1212 1091 1241 1123; x_wconf 89' lang='lat' dir='ltr'>se</span> <span class='ocrx_word' id='word_1_636' title='bbox 1254 1089 1459 1129; x_wconf 82' lang='lat' dir='ltr'>moderatos,</span> <span class='ocrx_word' id='word_1_637' title='bbox 1488 1099 1584 1133; x_wconf 86' lang='lat' dir='ltr'>atque</span> <span class='ocrx_word' id='word_1_638' title='bbox 1598 1089 1763 1133; x_wconf 85' lang='lat' dir='ltr'>adjungit:</span> <span class='ocrx_word' id='word_1_639' title='bbox 1791 1089 1961 1132; x_wconf 80' lang='lat' dir='ltr'>Nonpotest</span> <span class='ocrx_word' id='word_1_640' title='bbox 1971 1093 2085 1123; x_wconf 88' lang='lat' dir='ltr'>Evan-</span> 
     </span>
     <span class='ocr_line' id='line_1_104' title="bbox 1207 1138 2083 1182; baseline 0.001 -11"><span class='ocrx_word' id='word_1_641' title='bbox 1207 1141 1314 1182; x_wconf 82' lang='lat' dir='ltr'>gelium</span> <span class='ocrx_word' id='word_1_642' title='bbox 1337 1145 1369 1171; x_wconf 82' lang='lat' dir='ltr'>in</span> <span class='ocrx_word' id='word_1_643' title='bbox 1387 1148 1479 1180; x_wconf 86' lang='lat' dir='ltr'>parte</span> <span class='ocrx_word' id='word_1_644' title='bbox 1501 1138 1641 1179; x_wconf 82' lang='lat' dir='ltr'>confistere</span> <span class='ocrx_word' id='word_1_645' title='bbox 1655 1163 1665 1179; x_wconf 92' lang='lat'>,</span> <span class='ocrx_word' id='word_1_646' title='bbox 1693 1141 1768 1173; x_wconf 75' lang='lat' dir='ltr'>&amp;in</span> <span class='ocrx_word' id='word_1_647' title='bbox 1774 1148 1863 1181; x_wconf 84' lang='lat' dir='ltr'>parte</span> <span class='ocrx_word' id='word_1_648' title='bbox 1875 1149 1998 1173; x_wconf 85' lang='lat' dir='ltr'>nutare.</span> <span class='ocrx_word' id='word_1_649' title='bbox 2025 1144 2083 1172; x_wconf 77' lang='lat' dir='ltr'>Aut</span> 
     </span>
     <span class='ocr_line' id='line_1_105' title="bbox 1211 1191 2086 1233; baseline 0.002 -13"><span class='ocrx_word' id='word_1_650' title='bbox 1211 1198 1367 1231; x_wconf 82' lang='lat' dir='ltr'>utrumque</span> <span class='ocrx_word' id='word_1_651' title='bbox 1389 1196 1496 1230; x_wconf 85' lang='lat' dir='ltr'>oportet</span> <span class='ocrx_word' id='word_1_652' title='bbox 1517 1191 1621 1221; x_wconf 81' lang='lat' dir='ltr'>valeat</span> <span class='ocrx_word' id='word_1_653' title='bbox 1635 1213 1645 1229; x_wconf 95' lang='lat'>,</span> <span class='ocrx_word' id='word_1_654' title='bbox 1672 1199 1726 1222; x_wconf 85' lang='lat' dir='ltr'>aut</span> <span class='ocrx_word' id='word_1_655' title='bbox 1743 1199 1896 1233; x_wconf 83' lang='lat' dir='ltr'>utrumque</span> <span class='ocrx_word' id='word_1_656' title='bbox 1920 1195 1984 1223; x_wconf 84' lang='lat' dir='ltr'>vim</span> <span class='ocrx_word' id='word_1_657' title='bbox 2004 1196 2086 1224; x_wconf 87' lang='lat' dir='ltr'>veri·</span> 
     </span>
     <span class='ocr_line' id='line_1_106' title="bbox 1213 1240 2088 1284; baseline 0.002 -14"><span class='ocrx_word' id='word_1_658' title='bbox 1213 1245 1286 1271; x_wconf 85' lang='lat' dir='ltr'>tatis</span> <span class='ocrx_word' id='word_1_659' title='bbox 1310 1243 1453 1271; x_wconf 83' lang='lat' dir='ltr'>amittat.</span> <span class='ocrx_word' id='word_1_660' title='bbox 1481 1240 1516 1284; x_wconf 80' lang='lat'>51¹</span> <span class='ocrx_word' id='word_1_661' title='bbox 1530 1247 1671 1282; x_wconf 84' lang='lat' dir='ltr'>negantes</span> <span class='ocrx_word' id='word_1_662' title='bbox 1692 1244 1735 1271; x_wconf 88' lang='lat' dir='ltr'>rei</span> <span class='ocrx_word' id='word_1_663' title='bbox 1757 1245 1889 1272; x_wconf 83' lang='lat' dir='ltr'>criminis</span> <span class='ocrx_word' id='word_1_664' title='bbox 1908 1250 1965 1274; x_wconf 87' lang='lat' dir='ltr'>non</span> <span class='ocrx_word' id='word_1_665' title='bbox 1975 1249 2064 1274; x_wconf 83' lang='lat' dir='ltr'>erunt</span> <span class='ocrx_word' id='word_1_666' title='bbox 2077 1265 2088 1280; x_wconf 91' lang='lat'>‚</span> 
     </span>
     <span class='ocr_line' id='line_1_107' title="bbox 1212 1288 2088 1331; baseline 0.002 -11"><span class='ocrx_word' id='word_1_667' title='bbox 1212 1300 1261 1321; x_wconf 88' lang='lat' dir='ltr'>nec</span> <span class='ocrx_word' id='word_1_668' title='bbox 1282 1288 1452 1331; x_wconf 79' lang='lat' dir='ltr'>confitentes</span> <span class='ocrx_word' id='word_1_669' title='bbox 1469 1295 1631 1331; x_wconf 47' lang='lat' dir='ltr'>praemium</span> <span class='ocrx_word' id='word_1_670' title='bbox 1654 1294 1780 1322; x_wconf 83' lang='lat' dir='ltr'>virtutis</span> <span class='ocrx_word' id='word_1_671' title='bbox 1804 1295 1965 1331; x_wconf 85' lang='lat' dir='ltr'>accipient.</span> <span class='ocrx_word' id='word_1_672' title='bbox 1995 1292 2088 1322; x_wconf 63' lang='lat' dir='ltr'>Porro</span> 
     </span>
     <span class='ocr_line' id='line_1_108' title="bbox 1211 1337 2088 1382; baseline -0.002 -8"><span class='ocrx_word' id='word_1_673' title='bbox 1211 1337 1233 1374; x_wconf 58' lang='lat' dir='ltr'>st*</span> <span class='ocrx_word' id='word_1_674' title='bbox 1247 1339 1325 1381; x_wconf 86' lang='lat' dir='ltr'>fides</span> <span class='ocrx_word' id='word_1_675' title='bbox 1337 1363 1348 1379; x_wconf 86' lang='lat'>,</span> <span class='ocrx_word' id='word_1_676' title='bbox 1375 1349 1441 1380; x_wconf 86' lang='lat' dir='ltr'>quae</span> <span class='ocrx_word' id='word_1_677' title='bbox 1454 1344 1558 1372; x_wconf 85' lang='lat' dir='ltr'>vicerit</span> <span class='ocrx_word' id='word_1_678' title='bbox 1570 1364 1580 1379; x_wconf 94' lang='lat'>,</span> <span class='ocrx_word' id='word_1_679' title='bbox 1606 1348 1779 1380; x_wconf 84' lang='lat' dir='ltr'>coronatur,</span> <span class='ocrx_word' id='word_1_680' title='bbox 1804 1339 1903 1382; x_wconf 69' lang='lat' dir='ltr'>neceffe</span> <span class='ocrx_word' id='word_1_681' title='bbox 1911 1339 1950 1379; x_wconf 86' lang='lat' dir='ltr'>est</span> <span class='ocrx_word' id='word_1_682' title='bbox 1962 1348 1995 1372; x_wconf 90' lang='lat' dir='ltr'>ut</span> <span class='ocrx_word' id='word_1_683' title='bbox 2005 1339 2088 1372; x_wconf 70' lang='lat' dir='ltr'>vic‘ia</span> 
     </span>
     <span class='ocr_line' id='line_1_109' title="bbox 1208 1387 2089 1432; baseline 0.002 -13"><span class='ocrx_word' id='word_1_684' title='bbox 1208 1387 1336 1429; x_wconf 81' lang='lat' dir='ltr'>perfidia</span> <span class='ocrx_word' id='word_1_685' title='bbox 1355 1395 1520 1430; x_wconf 85' lang='lat' dir='ltr'>puniatur.</span> <span class='ocrx_word' id='word_1_686' title='bbox 1548 1392 1598 1421; x_wconf 87' lang='lat' dir='ltr'>Ita</span> <span class='ocrx_word' id='word_1_687' title='bbox 1620 1392 1767 1427; x_wconf 83' lang='lat' dir='ltr'>Martyres</span> <span class='ocrx_word' id='word_1_688' title='bbox 1784 1397 1836 1423; x_wconf 86' lang='lat' dir='ltr'>aut</span> <span class='ocrx_word' id='word_1_689' title='bbox 1860 1388 1937 1422; x_wconf 85' lang='lat' dir='ltr'>nihil</span> <span class='ocrx_word' id='word_1_690' title='bbox 1951 1390 2089 1432; x_wconf 80' lang='lat' dir='ltr'>possunt,</span> 
     </span>
     <span class='ocr_line' id='line_1_110' title="bbox 1205 1437 2089 1483; baseline 0.001 -13"><span class='ocrx_word' id='word_1_691' title='bbox 1205 1437 1233 1478; x_wconf 81' lang='lat' dir='ltr'><em>fi</em></span> <span class='ocrx_word' id='word_1_692' title='bbox 1251 1439 1458 1482; x_wconf 83' lang='lat' dir='ltr'>Evangelium</span> <span class='ocrx_word' id='word_1_693' title='bbox 1475 1438 1555 1480; x_wconf 81' lang='lat' dir='ltr'>solvi</span> <span class='ocrx_word' id='word_1_694' title='bbox 1577 1438 1690 1481; x_wconf 86' lang='lat' dir='ltr'>potest;</span> <span class='ocrx_word' id='word_1_695' title='bbox 1717 1449 1769 1472; x_wconf 84' lang='lat' dir='ltr'>aut</span> <span class='ocrx_word' id='word_1_696' title='bbox 1784 1439 2020 1483; x_wconf 85' lang='lat' dir='ltr'>fiEvangelium</span> <span class='ocrx_word' id='word_1_697' title='bbox 2032 1451 2089 1471; x_wconf 85' lang='lat' dir='ltr'>non</span> 
     </span>
     <span class='ocr_line' id='line_1_111' title="bbox 1205 1486 2090 1533; baseline 0.003 -15"><span class='ocrx_word' id='word_1_698' title='bbox 1205 1487 1294 1528; x_wconf 85' lang='lat' dir='ltr'>potest</span> <span class='ocrx_word' id='word_1_699' title='bbox 1312 1486 1415 1530; x_wconf 74' lang='lat' dir='ltr'>solvi,</span> <span class='ocrx_word' id='word_1_700' title='bbox 1440 1496 1541 1520; x_wconf 88' lang='lat' dir='ltr'>contra</span> <span class='ocrx_word' id='word_1_701' title='bbox 1566 1488 1879 1533; x_wconf 85' lang='lat' dir='ltr'>Evangeliumfacere</span> <span class='ocrx_word' id='word_1_702' title='bbox 1890 1489 2090 1532; x_wconf 85' lang='lat' dir='ltr'>nonpoffunt‚</span> 
     </span>
     <span class='ocr_line' id='line_1_112' title="bbox 1209 1538 2092 1581; baseline 0.002 -11"><span class='ocrx_word' id='word_1_703' title='bbox 1209 1543 1259 1579; x_wconf 85' lang='lat' dir='ltr'>qui</span> <span class='ocrx_word' id='word_1_704' title='bbox 1283 1538 1322 1570; x_wconf 90' lang='lat' dir='ltr'>de</span> <span class='ocrx_word' id='word_1_705' title='bbox 1347 1539 1518 1581; x_wconf 83' lang='lat' dir='ltr'>Evangelio</span> <span class='ocrx_word' id='word_1_706' title='bbox 1539 1540 1686 1577; x_wconf 76' lang='lat' dir='ltr'>Martyres</span> <span class='ocrx_word' id='word_1_707' title='bbox 1693 1539 1790 1580; x_wconf 78' lang='lat' dir='ltr'>fiunt.</span> <span class='ocrx_word' id='word_1_708' title='bbox 1820 1538 2092 1573; x_wconf 87' lang='lat' dir='ltr'>Affirmatidolo-</span> 
     </span>
     <span class='ocr_line' id='line_1_113' title="bbox 1208 1587 2089 1631; baseline 0.002 -12"><span class='ocrx_word' id='word_1_709' title='bbox 1208 1587 1355 1626; x_wconf 83' lang='lat' dir='ltr'>latriam,</span> <span class='ocrx_word' id='word_1_710' title='bbox 1383 1599 1581 1631; x_wconf 88' lang='lat' dir='ltr'>omnemque</span> <span class='ocrx_word' id='word_1_711' title='bbox 1600 1588 1702 1622; x_wconf 88' lang='lat' dir='ltr'>alium</span> <span class='ocrx_word' id='word_1_712' title='bbox 1726 1588 1847 1631; x_wconf 89' lang='lat' dir='ltr'>lapsum</span> <span class='ocrx_word' id='word_1_713' title='bbox 1861 1599 1928 1622; x_wconf 89' lang='lat' dir='ltr'>non</span> <span class='ocrx_word' id='word_1_714' title='bbox 1942 1590 2030 1631; x_wconf 81' lang='lat' dir='ltr'>poss&#39;e</span> <span class='ocrx_word' id='word_1_715' title='bbox 2040 1589 2089 1622; x_wconf 87' lang='lat' dir='ltr'>di-</span> 
     </span>
     <span class='ocr_line' id='line_1_114' title="bbox 1207 1636 2090 1682; baseline 0.003 -13"><span class='ocrx_word' id='word_1_716' title='bbox 1207 1637 1295 1670; x_wconf 88' lang='lat' dir='ltr'>mitti</span> <span class='ocrx_word' id='word_1_717' title='bbox 1320 1638 1386 1670; x_wconf 87' lang='lat' dir='ltr'>fine</span> <span class='ocrx_word' id='word_1_718' title='bbox 1409 1636 1626 1680; x_wconf 79' lang='lat' dir='ltr'>poenitentia,</span> <span class='ocrx_word' id='word_1_719' title='bbox 1652 1638 1686 1672; x_wconf 70' lang='grc' dir='ltr'>ὃς</span> <span class='ocrx_word' id='word_1_720' title='bbox 1715 1636 1799 1672; x_wconf 90' lang='lat' dir='ltr'>hanc</span> <span class='ocrx_word' id='word_1_721' title='bbox 1829 1638 1892 1672; x_wconf 78' lang='lat' dir='ltr'>esse</span> <span class='ocrx_word' id='word_1_722' title='bbox 1914 1639 2090 1682; x_wconf 81' lang='lat' dir='ltr'>Evangeli-</span> 
     </span>
     <span class='ocr_line' id='line_1_115' title="bbox 1205 1685 2083 1730; baseline 0.003 -12"><span class='ocrx_word' id='word_1_723' title='bbox 1205 1696 1277 1719; x_wconf 86' lang='lat' dir='ltr'>cam</span> <span class='ocrx_word' id='word_1_724' title='bbox 1300 1685 1431 1730; x_wconf 88' lang='lat' dir='ltr'>legem,</span> <span class='ocrx_word' id='word_1_725' title='bbox 1458 1686 1598 1727; x_wconf 89' lang='lat' dir='ltr'>ideoque</span> <span class='ocrx_word' id='word_1_726' title='bbox 1622 1687 1707 1720; x_wconf 83' lang='lat' dir='ltr'>istud</span> <span class='ocrx_word' id='word_1_727' title='bbox 1729 1687 1930 1730; x_wconf 81' lang='lat' dir='ltr'>postulantes</span> <span class='ocrx_word' id='word_1_728' title='bbox 1955 1687 2083 1730; x_wconf 85' lang='lat' dir='ltr'>Marty-</span> 
     </span>
     <span class='ocr_line' id='line_1_116' title="bbox 1205 1734 2084 1780; baseline 0.003 -13"><span class='ocrx_word' id='word_1_729' title='bbox 1205 1745 1252 1768; x_wconf 88' lang='lat' dir='ltr'>res</span> <span class='ocrx_word' id='word_1_730' title='bbox 1276 1735 1464 1780; x_wconf 85' lang='lat' dir='ltr'>Evangelio</span> <span class='ocrx_word' id='word_1_731' title='bbox 1476 1734 1635 1769; x_wconf 88' lang='lat' dir='ltr'>adversari</span> <span class='ocrx_word' id='word_1_732' title='bbox 1647 1760 1655 1767; x_wconf 94' lang='lat'><strong><em>.</em></strong></span> <span class='ocrx_word' id='word_1_733' title='bbox 1682 1735 1744 1769; x_wconf 86' lang='lat' dir='ltr'>Per</span> <span class='ocrx_word' id='word_1_734' title='bbox 1758 1735 1916 1777; x_wconf 84' lang='lat' dir='ltr'>ejusmodi</span> <span class='ocrx_word' id='word_1_735' title='bbox 1935 1736 2084 1771; x_wconf 84' lang='lat' dir='ltr'>indiscre-</span> 
     </span>
     <span class='ocr_line' id='line_1_117' title="bbox 1203 1784 2082 1831; baseline 0.003 -13"><span class='ocrx_word' id='word_1_736' title='bbox 1203 1794 1251 1818; x_wconf 83' lang='lat' dir='ltr'>tas</span> <span class='ocrx_word' id='word_1_737' title='bbox 1272 1785 1446 1828; x_wconf 88' lang='lat' dir='ltr'>petitiones</span> <span class='ocrx_word' id='word_1_738' title='bbox 1468 1784 1766 1819; x_wconf 78' lang='lat' dir='ltr'>affirmatinfamari</span> <span class='ocrx_word' id='word_1_739' title='bbox 1778 1786 1963 1829; x_wconf 87' lang='lat' dir='ltr'>Martyrum</span> <span class='ocrx_word' id='word_1_740' title='bbox 1977 1787 2082 1831; x_wconf 89' lang='lat' dir='ltr'>digni-</span> 
     </span>
     <span class='ocr_line' id='line_1_118' title="bbox 1201 1835 2078 1879; baseline 0.001 -10"><span class='ocrx_word' id='word_1_741' title='bbox 1201 1844 1323 1875; x_wconf 89' lang='lat' dir='ltr'>tatem,</span> <span class='ocrx_word' id='word_1_742' title='bbox 1350 1846 1528 1878; x_wconf 85' lang='lat' dir='ltr'>eorumque</span> <span class='ocrx_word' id='word_1_743' title='bbox 1555 1835 1695 1879; x_wconf 89' lang='lat' dir='ltr'>gloriam</span> <span class='ocrx_word' id='word_1_744' title='bbox 1717 1835 1751 1869; x_wconf 76' lang='grc' dir='ltr'>δε</span> <span class='ocrx_word' id='word_1_745' title='bbox 1778 1846 1914 1870; x_wconf 89' lang='lat' dir='ltr'>coronas</span> <span class='ocrx_word' id='word_1_746' title='bbox 1938 1836 2056 1870; x_wconf 81' lang='lat' dir='ltr'>destrui</span> <span class='ocrx_word' id='word_1_747' title='bbox 2071 1863 2078 1870; x_wconf 93' lang='lat'>.</span> 
     </span>
     <span class='ocr_line' id='line_1_119' title="bbox 1200 1884 2077 1928; baseline 0 -10"><span class='ocrx_word' id='word_1_748' title='bbox 1200 1884 1353 1919; x_wconf 87' lang='lat' dir='ltr'>Pluribus</span> <span class='ocrx_word' id='word_1_749' title='bbox 1377 1884 1444 1919; x_wconf 84' lang='lat' dir='ltr'>haec</span> <span class='ocrx_word' id='word_1_750' title='bbox 1464 1885 1609 1926; x_wconf 87' lang='lat' dir='ltr'>stabilit,</span> <span class='ocrx_word' id='word_1_751' title='bbox 1634 1894 1732 1928; x_wconf 90' lang='lat' dir='ltr'>atque</span> <span class='ocrx_word' id='word_1_752' title='bbox 1749 1885 1940 1920; x_wconf 88' lang='lat' dir='ltr'>concludit:</span> <span class='ocrx_word' id='word_1_753' title='bbox 1968 1890 2077 1927; x_wconf 71' lang='lat' dir='ltr'>Marty-</span> 
     </span>
     <span class='ocr_line' id='line_1_120' title="bbox 1199 1933 2075 1979; baseline 0.003 -11"><span class='ocrx_word' id='word_1_754' title='bbox 1199 1946 1245 1968; x_wconf 89' lang='lat' dir='ltr'>res</span> <span class='ocrx_word' id='word_1_755' title='bbox 1259 1960 1269 1974; x_wconf 93' lang='lat'>,</span> <span class='ocrx_word' id='word_1_756' title='bbox 1306 1943 1340 1968; x_wconf 87' lang='lat' dir='ltr'>ut</span> <span class='ocrx_word' id='word_1_757' title='bbox 1365 1934 1402 1968; x_wconf 84' lang='lat' dir='ltr'>ab</span> <span class='ocrx_word' id='word_1_758' title='bbox 1422 1933 1577 1979; x_wconf 79' lang='lat' dir='ltr'>Episcopis</span> <span class='ocrx_word' id='word_1_759' title='bbox 1600 1943 1701 1969; x_wconf 78' lang='lat' dir='ltr'>contra</span> <span class='ocrx_word' id='word_1_760' title='bbox 1726 1937 1905 1969; x_wconf 84' lang='lat' dir='ltr'>mandatum</span> <span class='ocrx_word' id='word_1_761' title='bbox 1925 1938 1980 1969; x_wconf 89' lang='lat' dir='ltr'>Dei</span> <span class='ocrx_word' id='word_1_762' title='bbox 1993 1937 2075 1979; x_wconf 81' lang='lat' dir='ltr'>fiat,</span> 
     </span>
     <span class='ocr_line' id='line_1_121' title="bbox 1196 1984 1637 2029; baseline 0 -11"><span class='ocrx_word' id='word_1_763' title='bbox 1196 1984 1336 2019; x_wconf 80' lang='lat' dir='ltr'>authores</span> <span class='ocrx_word' id='word_1_764' title='bbox 1356 1987 1407 2029; x_wconf 83' lang='lat' dir='ltr'>effe</span> <span class='ocrx_word' id='word_1_765' title='bbox 1429 1996 1486 2018; x_wconf 86' lang='lat' dir='ltr'>non</span> <span class='ocrx_word' id='word_1_766' title='bbox 1498 1985 1615 2028; x_wconf 87' lang='lat' dir='ltr'>poffunt</span> <span class='ocrx_word' id='word_1_767' title='bbox 1630 2010 1637 2018; x_wconf 94' lang='lat'><strong>.</strong></span> 
     </span>
    </p>

    <p class='ocr_par' dir='ltr' id='par_1_18' title="bbox 1177 2033 2191 3177">
     <span class='ocr_line' id='line_1_122' title="bbox 1245 2033 2072 2079; baseline 0.007 -11"><span class='ocrx_word' id='word_1_768' title='bbox 1245 2034 1332 2069; x_wconf 89' lang='lat' dir='ltr'>Inter</span> <span class='ocrx_word' id='word_1_769' title='bbox 1355 2033 1452 2069; x_wconf 90' lang='lat' dir='ltr'>hosce</span> <span class='ocrx_word' id='word_1_770' title='bbox 1461 2035 1653 2070; x_wconf 86' lang='lat' dir='ltr'>indiscretos</span> <span class='ocrx_word' id='word_1_771' title='bbox 1662 2034 1825 2079; x_wconf 81' lang='lat' dir='ltr'>Martyres</span> <span class='ocrx_word' id='word_1_772' title='bbox 1834 2035 1897 2072; x_wconf 88' lang='lat' dir='ltr'>fuit</span> <span class='ocrx_word' id='word_1_773' title='bbox 1910 2037 1943 2071; x_wconf 90' lang='lat' dir='ltr'>in</span> <span class='ocrx_word' id='word_1_774' title='bbox 1957 2036 2072 2075; x_wconf 73' lang='lat' dir='ltr'>Africa</span> 
     </span>
     <span class='ocr_line' id='line_1_123' title="bbox 1192 2083 2067 2131; baseline 0.007 -15"><span class='ocrx_word' id='word_1_775' title='bbox 1192 2083 1256 2126; x_wconf 84' lang='lat' dir='ltr'>jam</span> <span class='ocrx_word' id='word_1_776' title='bbox 1274 2084 1377 2118; x_wconf 67' lang='lat' dir='ltr'>dietus</span> <span class='ocrx_word' id='word_1_777' title='bbox 1401 2084 1568 2119; x_wconf 89' lang='lat' dir='ltr'>Lucianus</span> <span class='ocrx_word' id='word_1_778' title='bbox 1588 2110 1598 2125; x_wconf 92' lang='lat'>‚</span> <span class='ocrx_word' id='word_1_779' title='bbox 1635 2096 1733 2128; x_wconf 91' lang='lat' dir='ltr'>quem</span> <span class='ocrx_word' id='word_1_780' title='bbox 1760 2088 1794 2120; x_wconf 75' lang='grc' dir='ltr'>δε</span> <span class='ocrx_word' id='word_1_781' title='bbox 1820 2087 1863 2120; x_wconf 88' lang='lat' dir='ltr'>de</span> <span class='ocrx_word' id='word_1_782' title='bbox 1883 2087 2067 2131; x_wconf 87' lang='lat' dir='ltr'>imperitia,</span> 
     </span>
     <span class='ocr_line' id='line_1_124' title="bbox 1192 2132 2064 2177; baseline 0.005 -10"><span class='ocrx_word' id='word_1_783' title='bbox 1192 2134 1225 2167; x_wconf 78' lang='grc' dir='ltr'>ἀ</span> <span class='ocrx_word' id='word_1_784' title='bbox 1248 2132 1289 2167; x_wconf 89' lang='lat' dir='ltr'>de</span> <span class='ocrx_word' id='word_1_785' title='bbox 1311 2133 1403 2167; x_wconf 83' lang='lat' dir='ltr'>vario</span> <span class='ocrx_word' id='word_1_786' title='bbox 1423 2134 1548 2167; x_wconf 75' lang='lat' dir='ltr'>excessu</span> <span class='ocrx_word' id='word_1_787' title='bbox 1571 2133 1756 2176; x_wconf 86' lang='lat' dir='ltr'>Cyprianus</span> <span class='ocrx_word' id='word_1_788' title='bbox 1777 2135 1904 2177; x_wconf 88' lang='lat' dir='ltr'>culpat.</span> <span class='ocrx_word' id='word_1_789' title='bbox 1933 2137 2064 2174; x_wconf 86' lang='lat' dir='ltr'>Etenim</span> 
     </span>
     <span class='ocr_line' id='line_1_125' title="bbox 1191 2182 2065 2226; baseline 0.009 -11"><span class='ocrx_word' id='word_1_790' title='bbox 1191 2182 1352 2226; x_wconf 88' lang='lat' dir='ltr'>imperitia</span> <span class='ocrx_word' id='word_1_791' title='bbox 1372 2182 1417 2216; x_wconf 89' lang='lat' dir='ltr'>est</span> <span class='ocrx_word' id='word_1_792' title='bbox 1440 2194 1542 2217; x_wconf 82' lang='lat' dir='ltr'>mater</span> <span class='ocrx_word' id='word_1_793' title='bbox 1565 2183 1707 2218; x_wconf 80' lang='lat' dir='ltr'>audaciae</span> <span class='ocrx_word' id='word_1_794' title='bbox 1726 2210 1733 2216; x_wconf 94' lang='lat'>.</span> <span class='ocrx_word' id='word_1_795' title='bbox 1772 2182 1902 2219; x_wconf 86' lang='lat' dir='ltr'>Primus</span> <span class='ocrx_word' id='word_1_796' title='bbox 1921 2187 2065 2224; x_wconf 66' lang='lat' dir='ltr'>excessus</span> 
     </span>
     <span class='ocr_line' id='line_1_126' title="bbox 1191 2231 2063 2277; baseline 0.007 -11"><span class='ocrx_word' id='word_1_797' title='bbox 1191 2233 1276 2273; x_wconf 89' lang='lat' dir='ltr'>fuit,</span> <span class='ocrx_word' id='word_1_798' title='bbox 1303 2231 1390 2277; x_wconf 75' lang='lat' dir='ltr'>quod</span> <span class='ocrx_word' id='word_1_799' title='bbox 1415 2232 1562 2277; x_wconf 84' lang='lat' dir='ltr'>quotidie</span> <span class='ocrx_word' id='word_1_800' title='bbox 1582 2233 1661 2267; x_wconf 85' lang='lat' dir='ltr'>citra</span> <span class='ocrx_word' id='word_1_801' title='bbox 1681 2235 1886 2276; x_wconf 86' lang='lat' dir='ltr'>personarum</span> <span class='ocrx_word' id='word_1_802' title='bbox 1913 2237 2063 2273; x_wconf 67' lang='lat' dir='ltr'>&amp;causa-</span> 
     </span>
     <span class='ocr_line' id='line_1_127' title="bbox 1191 2282 2060 2334; baseline 0.006 -18"><span class='ocrx_word' id='word_1_803' title='bbox 1191 2293 1261 2316; x_wconf 90' lang='lat' dir='ltr'>rum</span> <span class='ocrx_word' id='word_1_804' title='bbox 1282 2293 1418 2317; x_wconf 83' lang='lat' dir='ltr'>examen</span> <span class='ocrx_word' id='word_1_805' title='bbox 1440 2283 1593 2317; x_wconf 86' lang='lat' dir='ltr'>darentur</span> <span class='ocrx_word' id='word_1_806' title='bbox 1613 2282 1909 2319; x_wconf 84' lang='lat' dir='ltr'>libellorummillia</span> <span class='ocrx_word' id='word_1_807' title='bbox 1923 2300 1934 2319; x_wconf 89' lang='lat'><em>:</em></span> <span class='ocrx_word' id='word_1_808' title='bbox 1959 2286 2060 2334; x_wconf 83' lang='lat' dir='ltr'>Qdd</span> 
     </span>
     <span class='ocr_line' id='line_1_128' title="bbox 1190 2333 2060 2378; baseline 0.008 -12"><span class='ocrx_word' id='word_1_809' title='bbox 1190 2333 1312 2367; x_wconf 62' lang='lat' dir='ltr'>cunctis</span> <span class='ocrx_word' id='word_1_810' title='bbox 1331 2333 1510 2378; x_wconf 79' lang='lat' dir='ltr'>generatim</span> <span class='ocrx_word' id='word_1_811' title='bbox 1533 2333 1623 2376; x_wconf 85' lang='lat' dir='ltr'>lapsis</span> <span class='ocrx_word' id='word_1_812' title='bbox 1642 2333 1833 2376; x_wconf 88' lang='lat' dir='ltr'>quotidiana</span> <span class='ocrx_word' id='word_1_813' title='bbox 1858 2335 2060 2373; x_wconf 86' lang='lat' dir='ltr'>&amp;universa-</span> 
     </span>
     <span class='ocr_line' id='line_1_129' title="bbox 1190 2382 2058 2428; baseline 0.01 -13"><span class='ocrx_word' id='word_1_814' title='bbox 1190 2382 1229 2416; x_wconf 85' lang='lat' dir='ltr'>lis</span> <span class='ocrx_word' id='word_1_815' title='bbox 1250 2382 1454 2428; x_wconf 87' lang='lat' dir='ltr'>indulgentia</span> <span class='ocrx_word' id='word_1_816' title='bbox 1479 2382 1605 2417; x_wconf 87' lang='lat' dir='ltr'>daretur</span> <span class='ocrx_word' id='word_1_817' title='bbox 1625 2408 1631 2415; x_wconf 93' lang='lat'>.</span> <span class='ocrx_word' id='word_1_818' title='bbox 1658 2384 1762 2426; x_wconf 84' lang='lat' dir='ltr'>Ipsam</span> <span class='ocrx_word' id='word_1_819' title='bbox 1792 2384 1875 2419; x_wconf 78' lang='lat' dir='ltr'>adeo</span> <span class='ocrx_word' id='word_1_820' title='bbox 1899 2390 2058 2424; x_wconf 85' lang='lat' dir='ltr'>aversatus</span> 
     </span>
     <span class='ocr_line' id='line_1_130' title="bbox 1188 2432 2058 2478; baseline 0.008 -13"><span class='ocrx_word' id='word_1_821' title='bbox 1188 2432 1250 2466; x_wconf 91' lang='lat' dir='ltr'>fuit</span> <span class='ocrx_word' id='word_1_822' title='bbox 1273 2434 1407 2467; x_wconf 69' lang='lat' dir='ltr'>Sanetus</span> <span class='ocrx_word' id='word_1_823' title='bbox 1420 2433 1627 2477; x_wconf 89' lang='lat' dir='ltr'>Cyprianus,</span> <span class='ocrx_word' id='word_1_824' title='bbox 1652 2442 1687 2466; x_wconf 90' lang='lat' dir='ltr'>ut</span> <span class='ocrx_word' id='word_1_825' title='bbox 1699 2433 1739 2468; x_wconf 87' lang='lat' dir='ltr'>ad</span> <span class='ocrx_word' id='word_1_826' title='bbox 1750 2434 2058 2478; x_wconf 86' lang='lat' dir='ltr'>Martyres&amp;Con-</span> 
     </span>
     <span class='ocr_line' id='line_1_131' title="bbox 1186 2482 2058 2529; baseline 0.009 -15"><span class='ocrx_word' id='word_1_827' title='bbox 1186 2482 1313 2516; x_wconf 71' lang='lat' dir='ltr'>sessores</span> <span class='ocrx_word' id='word_1_828' title='bbox 1335 2483 1474 2516; x_wconf 87' lang='lat' dir='ltr'>scribat:</span> <span class='ocrx_word' id='word_1_829' title='bbox 1502 2483 1562 2516; x_wconf 80' lang='lat' dir='ltr'>sed</span> <span class='ocrx_word' id='word_1_830' title='bbox 1580 2484 1614 2516; x_wconf 74' lang='grc'>6·</span> <span class='ocrx_word' id='word_1_831' title='bbox 1636 2483 1711 2515; x_wconf 88' lang='lat' dir='ltr'>illud</span> <span class='ocrx_word' id='word_1_832' title='bbox 1728 2485 1773 2516; x_wconf 86' lang='lat' dir='ltr'>ad</span> <span class='ocrx_word' id='word_1_833' title='bbox 1791 2486 1979 2529; x_wconf 85' lang='lat' dir='ltr'>diligentiam</span> <span class='ocrx_word' id='word_1_834' title='bbox 2003 2500 2058 2522; x_wconf 81' lang='lat' dir='ltr'>ve·</span> 
     </span>
     <span class='ocr_line' id='line_1_132' title="bbox 1177 2522 2191 2575; baseline 0.01 -12"><span class='ocrx_word' id='word_1_835' title='bbox 1177 2531 1271 2569; x_wconf 82' lang='lat' dir='ltr'>stram</span> <span class='ocrx_word' id='word_1_836' title='bbox 1291 2533 1417 2575; x_wconf 85' lang='lat' dir='ltr'>redigere</span> <span class='ocrx_word' id='word_1_837' title='bbox 1435 2535 1469 2566; x_wconf 72' lang='lat'>(9&#39;</span> <span class='ocrx_word' id='word_1_838' title='bbox 1491 2534 1649 2567; x_wconf 83' lang='lat' dir='ltr'>emendare</span> <span class='ocrx_word' id='word_1_839' title='bbox 1669 2533 1796 2575; x_wconf 83' lang='lat' dir='ltr'>debetis,</span> <span class='ocrx_word' id='word_1_840' title='bbox 1826 2545 1860 2568; x_wconf 86' lang='lat' dir='ltr'>ut</span> <span class='ocrx_word' id='word_1_841' title='bbox 1881 2543 2055 2573; x_wconf 80' lang='lat' dir='ltr'>nominatim</span> <span class='ocrx_word' id='word_1_842' title='bbox 2072 2522 2120 2558; x_wconf 71' lang='lat' dir='ltr'>Ep&#39;</span> <span class='ocrx_word' id='word_1_843' title='bbox 2146 2529 2191 2555; x_wconf 52' lang='lat'>¹¹⁴</span> 
     </span>
     <span class='ocr_line' id='line_1_133' title="bbox 1184 2580 2054 2625; baseline 0.011 -13"><span class='ocrx_word' id='word_1_844' title='bbox 1184 2580 1332 2624; x_wconf 78' lang='lat' dir='ltr'>defignetis</span> <span class='ocrx_word' id='word_1_845' title='bbox 1354 2594 1420 2622; x_wconf 81' lang='lat' dir='ltr'>eos,</span> <span class='ocrx_word' id='word_1_846' title='bbox 1445 2581 1548 2623; x_wconf 80' lang='lat' dir='ltr'>quibus</span> <span class='ocrx_word' id='word_1_847' title='bbox 1573 2590 1678 2622; x_wconf 85' lang='lat' dir='ltr'>pacem</span> <span class='ocrx_word' id='word_1_848' title='bbox 1696 2585 1766 2616; x_wconf 88' lang='lat' dir='ltr'>dari</span> <span class='ocrx_word' id='word_1_849' title='bbox 1777 2584 1967 2625; x_wconf 70' lang='lat' dir='ltr'>desideratis.</span> <span class='ocrx_word' id='word_1_850' title='bbox 1996 2593 2054 2623; x_wconf 81' lang='lat' dir='ltr'>Au-</span> 
     </span>
     <span class='ocr_line' id='line_1_134' title="bbox 1183 2631 2051 2674; baseline 0.012 -12"><span class='ocrx_word' id='word_1_851' title='bbox 1183 2632 1231 2662; x_wconf 86' lang='lat' dir='ltr'>dio</span> <span class='ocrx_word' id='word_1_852' title='bbox 1252 2637 1328 2663; x_wconf 86' lang='lat' dir='ltr'>enim</span> <span class='ocrx_word' id='word_1_853' title='bbox 1349 2631 1525 2674; x_wconf 81' lang='lat' dir='ltr'>quibusdam</span> <span class='ocrx_word' id='word_1_854' title='bbox 1540 2631 1580 2672; x_wconf 83' lang='lat' dir='ltr'>fic</span> <span class='ocrx_word' id='word_1_855' title='bbox 1600 2633 1712 2665; x_wconf 85' lang='lat' dir='ltr'>libellos</span> <span class='ocrx_word' id='word_1_856' title='bbox 1732 2633 1800 2674; x_wconf 78' lang='lat' dir='ltr'>fieri</span> <span class='ocrx_word' id='word_1_857' title='bbox 1815 2657 1826 2674; x_wconf 91' lang='lat'>,</span> <span class='ocrx_word' id='word_1_858' title='bbox 1856 2643 1889 2668; x_wconf 87' lang='lat' dir='ltr'>ut</span> <span class='ocrx_word' id='word_1_859' title='bbox 1914 2638 2051 2672; x_wconf 68' lang='lat' dir='ltr'>dicaturx</span> 
     </span>
     <span class='ocr_line' id='line_1_135' title="bbox 1184 2679 2050 2727; baseline 0.013 -16"><span class='ocrx_word' id='word_1_860' title='bbox 1184 2685 1378 2714; x_wconf 82' lang='lat' dir='ltr'>communicet</span> <span class='ocrx_word' id='word_1_861' title='bbox 1399 2682 1449 2714; x_wconf 83' lang='lat' dir='ltr'>ille</span> <span class='ocrx_word' id='word_1_862' title='bbox 1470 2692 1535 2713; x_wconf 88' lang='lat' dir='ltr'>cum</span> <span class='ocrx_word' id='word_1_863' title='bbox 1556 2679 1643 2724; x_wconf 90' lang='lat' dir='ltr'>suis.</span> <span class='ocrx_word' id='word_1_864' title='bbox 1671 2685 1766 2726; x_wconf 75' lang='lat' dir='ltr'>‚Quod</span> <span class='ocrx_word' id='word_1_865' title='bbox 1772 2695 1923 2727; x_wconf 86' lang='lat' dir='ltr'>nunquam</span> <span class='ocrx_word' id='word_1_866' title='bbox 1934 2692 2050 2722; x_wconf 73' lang='lat' dir='ltr'>omnim}</span> 
     </span>
     <span class='ocr_line' id='line_1_136' title="bbox 1182 2730 2050 2779; baseline 0.012 -18"><span class='ocrx_word' id='word_1_867' title='bbox 1182 2732 1201 2761; x_wconf 78' lang='grc' dir='ltr'><em>ἃ</em></span> <span class='ocrx_word' id='word_1_868' title='bbox 1227 2730 1404 2769; x_wconf 77' lang='lat' dir='ltr'>Martyribu&#39;s</span> <span class='ocrx_word' id='word_1_869' title='bbox 1419 2730 1540 2771; x_wconf 64' lang='lat' dir='ltr'>fabium</span> <span class='ocrx_word' id='word_1_870' title='bbox 1561 2731 1618 2771; x_wconf 83' lang='lat' dir='ltr'>est,</span> <span class='ocrx_word' id='word_1_871' title='bbox 1646 2740 1679 2764; x_wconf 89' lang='lat' dir='ltr'>ut</span> <span class='ocrx_word' id='word_1_872' title='bbox 1698 2737 1936 2769; x_wconf 73' lang='lat' dir='ltr'>incerta&amp;coeca</span> <span class='ocrx_word' id='word_1_873' title='bbox 1942 2744 2050 2779; x_wconf 84' lang='lat' dir='ltr'>petitio</span> 
     </span>
     <span class='ocr_line' id='line_1_137' title="bbox 1182 2780 2048 2830; baseline 0.012 -19"><span class='ocrx_word' id='word_1_874' title='bbox 1182 2781 1331 2813; x_wconf 84' lang='lat' dir='ltr'>invidiam</span> <span class='ocrx_word' id='word_1_875' title='bbox 1354 2780 1434 2813; x_wconf 85' lang='lat' dir='ltr'>nobis</span> <span class='ocrx_word' id='word_1_876' title='bbox 1454 2781 1631 2822; x_wconf 75' lang='lat' dir='ltr'>postmodum</span> <span class='ocrx_word' id='word_1_877' title='bbox 1651 2785 1793 2816; x_wconf 84' lang='lat' dir='ltr'>cumulet.</span> <span class='ocrx_word' id='word_1_878' title='bbox 1820 2787 1898 2819; x_wconf 72' lang='lat' dir='ltr'>Late</span> <span class='ocrx_word' id='word_1_879' title='bbox 1908 2793 1985 2819; x_wconf 83' lang='lat' dir='ltr'>enim</span> <span class='ocrx_word' id='word_1_880' title='bbox 1994 2797 2048 2830; x_wconf 79' lang='lat' dir='ltr'>pa-</span> 
     </span>
     <span class='ocr_line' id='line_1_138' title="bbox 1182 2831 2047 2878; baseline 0.01 -17"><span class='ocrx_word' id='word_1_881' title='bbox 1182 2838 1223 2862; x_wconf 84' lang='lat' dir='ltr'>tet</span> <span class='ocrx_word' id='word_1_882' title='bbox 1235 2854 1245 2870; x_wconf 90' lang='lat'>‚</span> <span class='ocrx_word' id='word_1_883' title='bbox 1273 2831 1391 2872; x_wconf 85' lang='lat' dir='ltr'>quando</span> <span class='ocrx_word' id='word_1_884' title='bbox 1403 2831 1528 2863; x_wconf 86' lang='lat' dir='ltr'>dicitur:</span> <span class='ocrx_word' id='word_1_885' title='bbox 1555 2831 1608 2864; x_wconf 86' lang='lat' dir='ltr'>Ille</span> <span class='ocrx_word' id='word_1_886' title='bbox 1616 2840 1679 2864; x_wconf 89' lang='lat' dir='ltr'>cum</span> <span class='ocrx_word' id='word_1_887' title='bbox 1683 2831 1767 2875; x_wconf 83' lang='lat' dir='ltr'>suis.</span> <span class='ocrx_word' id='word_1_888' title='bbox 1793 2836 1954 2878; x_wconf 79' lang='lat' dir='ltr'>Etpoffimt</span> <span class='ocrx_word' id='word_1_889' title='bbox 1967 2840 2047 2870; x_wconf 73' lang='lat' dir='ltr'>nobis</span> 
     </span>
     <span class='ocr_line' id='line_1_139' title="bbox 1181 2881 2045 2928; baseline 0.008 -16"><span class='ocrx_word' id='word_1_890' title='bbox 1181 2881 1333 2913; x_wconf 73' lang='lat' dir='ltr'>viceni&amp;</span> <span class='ocrx_word' id='word_1_891' title='bbox 1356 2885 1480 2921; x_wconf 82' lang='lat' dir='ltr'>triceni,</span> <span class='ocrx_word' id='word_1_892' title='bbox 1506 2881 1540 2913; x_wconf 73' lang='lat'><em>&amp;</em></span> <span class='ocrx_word' id='word_1_893' title='bbox 1561 2883 1690 2923; x_wconf 86' lang='lat' dir='ltr'>amplius</span> <span class='ocrx_word' id='word_1_894' title='bbox 1712 2882 1832 2924; x_wconf 72' lang='lat' dir='ltr'>offerri,</span> <span class='ocrx_word' id='word_1_895' title='bbox 1859 2892 1909 2927; x_wconf 83' lang='lat' dir='ltr'>qui</span> <span class='ocrx_word' id='word_1_896' title='bbox 1926 2894 2045 2928; x_wconf 80' lang='lat' dir='ltr'>propin·</span> 
     </span>
     <span class='ocr_line' id='line_1_140' title="bbox 1181 2931 2044 2978; baseline 0.012 -18"><span class='ocrx_word' id='word_1_897' title='bbox 1181 2934 1251 2970; x_wconf 82' lang='lat' dir='ltr'>qui,</span> <span class='ocrx_word' id='word_1_898' title='bbox 1279 2931 1312 2962; x_wconf 72' lang='lat'>(2&#39;</span> <span class='ocrx_word' id='word_1_899' title='bbox 1333 2931 1459 2971; x_wconf 84' lang='lat' dir='ltr'>affines,</span> <span class='ocrx_word' id='word_1_900' title='bbox 1486 2932 1519 2964; x_wconf 67' lang='lat'>(5</span> <span class='ocrx_word' id='word_1_901' title='bbox 1538 2931 1656 2970; x_wconf 85' lang='lat' dir='ltr'>liberti,</span> <span class='ocrx_word' id='word_1_902' title='bbox 1684 2933 1870 2974; x_wconf 74' lang='lat' dir='ltr'>&amp;domestici</span> <span class='ocrx_word' id='word_1_903' title='bbox 1880 2936 1929 2978; x_wconf 84' lang='lat' dir='ltr'>effe</span> <span class='ocrx_word' id='word_1_904' title='bbox 1940 2937 2044 2978; x_wconf 83' lang='lat' dir='ltr'>asseve-</span> 
     </span>
     <span class='ocr_line' id='line_1_141' title="bbox 1180 2980 2044 3025; baseline 0.009 -15"><span class='ocrx_word' id='word_1_905' title='bbox 1180 2987 1279 3011; x_wconf 83' lang='lat' dir='ltr'>rentur</span> <span class='ocrx_word' id='word_1_906' title='bbox 1299 2981 1362 3020; x_wconf 81' lang='lat' dir='ltr'>ejus</span> <span class='ocrx_word' id='word_1_907' title='bbox 1386 2986 1436 3020; x_wconf 81' lang='lat' dir='ltr'>qui</span> <span class='ocrx_word' id='word_1_908' title='bbox 1456 2986 1565 3021; x_wconf 85' lang='lat' dir='ltr'>accepit</span> <span class='ocrx_word' id='word_1_909' title='bbox 1583 2980 1733 3014; x_wconf 81' lang='lat' dir='ltr'>libellum.</span> <span class='ocrx_word' id='word_1_910' title='bbox 1760 2986 1804 3015; x_wconf 85' lang='lat' dir='ltr'>Et</span> <span class='ocrx_word' id='word_1_911' title='bbox 1826 2985 1888 3016; x_wconf 65' lang='lat' dir='ltr'>ideo</span> <span class='ocrx_word' id='word_1_912' title='bbox 1897 2993 1985 3025; x_wconf 86' lang='lat' dir='ltr'>peto,</span> <span class='ocrx_word' id='word_1_913' title='bbox 2011 2995 2044 3018; x_wconf 82' lang='lat' dir='ltr'>ur</span> 
     </span>
     <span class='ocr_line' id='line_1_142' title="bbox 1178 3028 2044 3075; baseline 0.009 -15"><span class='ocrx_word' id='word_1_914' title='bbox 1178 3038 1244 3068; x_wconf 89' lang='lat' dir='ltr'>eos,</span> <span class='ocrx_word' id='word_1_915' title='bbox 1270 3041 1340 3071; x_wconf 81' lang='lat' dir='ltr'>quos</span> <span class='ocrx_word' id='word_1_916' title='bbox 1362 3028 1419 3070; x_wconf 74' lang='lat' dir='ltr'>ipsi</span> <span class='ocrx_word' id='word_1_917' title='bbox 1454 3032 1587 3069; x_wconf 82' lang='lat' dir='ltr'>videtis,</span> <span class='ocrx_word' id='word_1_918' title='bbox 1613 3042 1682 3073; x_wconf 87' lang='lat' dir='ltr'>quos</span> <span class='ocrx_word' id='word_1_919' title='bbox 1693 3032 1800 3071; x_wconf 77' lang='lat' dir='ltr'>mstis,</span> <span class='ocrx_word' id='word_1_920' title='bbox 1826 3044 1944 3075; x_wconf 82' lang='lat' dir='ltr'>quorum</span> <span class='ocrx_word' id='word_1_921' title='bbox 1952 3042 2044 3075; x_wconf 80' lang='lat' dir='ltr'>poeni-</span> 
     </span>
     <span class='ocr_line' id='line_1_143' title="bbox 1179 3077 2043 3127; baseline 0.002 -17"><span class='ocrx_word' id='word_1_922' title='bbox 1179 3085 1301 3111; x_wconf 85' lang='lat' dir='ltr'>tentiam</span> <span class='ocrx_word' id='word_1_923' title='bbox 1319 3077 1520 3122; x_wconf 58' lang='lat' dir='ltr'>satisfaci&#39;ioni</span> <span class='ocrx_word' id='word_1_924' title='bbox 1536 3086 1703 3121; x_wconf 78' lang='lat' dir='ltr'>proximam</span> <span class='ocrx_word' id='word_1_925' title='bbox 1713 3081 1872 3124; x_wconf 69' lang='lat' dir='ltr'>conspicitis</span> <span class='ocrx_word' id='word_1_926' title='bbox 1884 3107 1894 3122; x_wconf 94' lang='lat'>,</span> <span class='ocrx_word' id='word_1_927' title='bbox 1922 3084 2043 3127; x_wconf 53' lang='lat' dir='ltr'>defigite.</span> 
     </span>
     <span class='ocr_line' id='line_1_144' title="bbox 1179 3130 2042 3177; baseline 0.01 -18"><span class='ocrx_word' id='word_1_928' title='bbox 1179 3135 1218 3160; x_wconf 77' lang='lat' dir='ltr'>tis</span> <span class='ocrx_word' id='word_1_929' title='bbox 1242 3134 1411 3161; x_wconf 79' lang='lat' dir='ltr'>nominatim</span> <span class='ocrx_word' id='word_1_930' title='bbox 1431 3130 1524 3163; x_wconf 76' lang='lat' dir='ltr'>libello</span> <span class='ocrx_word' id='word_1_931' title='bbox 1537 3154 1546 3168; x_wconf 90' lang='lat'>,</span> <span class='ocrx_word' id='word_1_932' title='bbox 1575 3132 1607 3163; x_wconf 57' lang='grc' dir='ltr'>(ς’</span> <span class='ocrx_word' id='word_1_933' title='bbox 1623 3130 1661 3170; x_wconf 65' lang='lat' dir='ltr'>fic</span> <span class='ocrx_word' id='word_1_934' title='bbox 1682 3132 1726 3163; x_wconf 75' lang='lat' dir='ltr'>cd</span> <span class='ocrx_word' id='word_1_935' title='bbox 1747 3142 1797 3163; x_wconf 84' lang='lat' dir='ltr'>nos</span> <span class='ocrx_word' id='word_1_936' title='bbox 1812 3130 1885 3172; x_wconf 81' lang='lat' dir='ltr'>fidei</span> <span class='ocrx_word' id='word_1_937' title='bbox 1906 3134 1940 3166; x_wconf 66' lang='lat'>(⁴5</span> <span class='ocrx_word' id='word_1_938' title='bbox 1958 3134 2042 3177; x_wconf 86' lang='lat' dir='ltr'>disci-</span> 
     </span>
    </p>
   </div>
   <div class='ocr_carea' id='block_1_16' title="bbox 1173 3179 1802 3222">
    <p class='ocr_par' dir='ltr' id='par_1_19' title="bbox 1173 3179 1802 3222">
     <span class='ocr_line' id='line_1_145' title="bbox 1173 3179 1802 3222; baseline 0.003 -12"><span class='ocrx_word' id='word_1_939' title='bbox 1173 3179 1267 3219; x_wconf 67' lang='lat' dir='ltr'>plinae</span> <span class='ocrx_word' id='word_1_940' title='bbox 1289 3187 1478 3222; x_wconf 68' lang='lat' dir='ltr'>congruentes</span> <span class='ocrx_word' id='word_1_941' title='bbox 1502 3181 1622 3212; x_wconf 65' lang='lat' dir='ltr'>litteras</span> <span class='ocrx_word' id='word_1_942' title='bbox 1645 3182 1802 3222; x_wconf 64' lang='lat' dir='ltr'>dirigetis.</span> 
     </span>
    </p>
   </div>
   <div class='ocr_carea' id='block_1_17' title="bbox 1178 3227 2042 3326">
    <p class='ocr_par' dir='ltr' id='par_1_20' title="bbox 1178 3227 2042 3326">
     <span class='ocr_line' id='line_1_146' title="bbox 1227 3227 2042 3271; baseline 0.009 -10"><span class='ocrx_word' id='word_1_943' title='bbox 1227 3227 1327 3262; x_wconf 71' lang='lat' dir='ltr'>Porro</span> <span class='ocrx_word' id='word_1_944' title='bbox 1350 3228 1518 3270; x_wconf 75' lang='lat' dir='ltr'>Epistola,</span> <span class='ocrx_word' id='word_1_945' title='bbox 1545 3240 1613 3271; x_wconf 80' lang='lat' dir='ltr'>quae</span> <span class='ocrx_word' id='word_1_946' title='bbox 1634 3240 1673 3262; x_wconf 77' lang='lat' dir='ltr'>ex</span> <span class='ocrx_word' id='word_1_947' title='bbox 1695 3230 1845 3264; x_wconf 82' lang='lat' dir='ltr'>omnium</span> <span class='ocrx_word' id='word_1_948' title='bbox 1872 3231 2042 3268; x_wconf 77' lang='lat' dir='ltr'>Confeffo-</span> 
     </span>
     <span class='ocr_line' id='line_1_147' title="bbox 1178 3278 2040 3326; baseline 0.007 -15"><span class='ocrx_word' id='word_1_949' title='bbox 1178 3289 1244 3312; x_wconf 80' lang='lat' dir='ltr'>rum</span> <span class='ocrx_word' id='word_1_950' title='bbox 1278 3279 1310 3310; x_wconf 66' lang='lat' dir='ltr'>C&lt;</span> <span class='ocrx_word' id='word_1_951' title='bbox 1337 3278 1522 3320; x_wconf 80' lang='lat' dir='ltr'>Martyrum</span> <span class='ocrx_word' id='word_1_952' title='bbox 1551 3278 1685 3311; x_wconf 77' lang='lat' dir='ltr'>nomine</span> <span class='ocrx_word' id='word_1_953' title='bbox 1720 3282 1846 3315; x_wconf 66' lang='lat' dir='ltr'>cunstis</span> <span class='ocrx_word' id='word_1_954' title='bbox 1864 3284 2040 3326; x_wconf 82' lang='lat' dir='ltr'>generatim</span> 
     </span>
    </p>
   </div>
   <div class='ocr_carea' id='block_1_18' title="bbox 1176 3327 2040 3375">
    <p class='ocr_par' dir='ltr' id='par_1_21' title="bbox 1176 3327 2040 3375">
     <span class='ocr_line' id='line_1_148' title="bbox 1176 3327 2040 3375; baseline 0.007 -14"><span class='ocrx_word' id='word_1_955' title='bbox 1176 3339 1229 3371; x_wconf 69' lang='lat' dir='ltr'>per</span> <span class='ocrx_word' id='word_1_956' title='bbox 1255 3329 1398 3362; x_wconf 85' lang='lat' dir='ltr'>Africam</span> <span class='ocrx_word' id='word_1_957' title='bbox 1420 3328 1508 3371; x_wconf 72' lang='lat' dir='ltr'>lapfis</span> <span class='ocrx_word' id='word_1_958' title='bbox 1529 3327 1627 3361; x_wconf 69' lang='lat' dir='ltr'>dabat</span> <span class='ocrx_word' id='word_1_959' title='bbox 1649 3340 1782 3371; x_wconf 77' lang='lat' dir='ltr'>pacem,</span> <span class='ocrx_word' id='word_1_960' title='bbox 1807 3332 1839 3365; x_wconf 71' lang='grc' dir='ltr'>δε</span> <span class='ocrx_word' id='word_1_961' title='bbox 1861 3332 1879 3365; x_wconf 72' lang='grc' dir='ltr'>ὲ</span> <span class='ocrx_word' id='word_1_962' title='bbox 1896 3344 1957 3375; x_wconf 83' lang='lat' dir='ltr'>qna</span> <span class='ocrx_word' id='word_1_963' title='bbox 1973 3345 2040 3367; x_wconf 83' lang='lat' dir='ltr'>non</span> 
     </span>
    </p>
   </div>
   <div class='ocr_carea' id='block_1_19' title="bbox 1601 3378 1994 3415">
    <p class='ocr_par' dir='ltr' id='par_1_22' title="bbox 1601 3378 1994 3415">
     <span class='ocr_line' id='line_1_149' title="bbox 1601 3378 1994 3415; baseline 0.01 -4"><span class='ocrx_word' id='word_1_964' title='bbox 1601 3378 1633 3411; x_wconf 89' lang='lat' dir='ltr'>A</span> <span class='ocrx_word' id='word_1_965' title='bbox 1662 3390 1679 3412; x_wconf 86' lang='lat' dir='ltr'>a</span> <span class='ocrx_word' id='word_1_966' title='bbox 1926 3392 1994 3415; x_wconf 84' lang='lat' dir='ltr'>tan·</span> 
     </span>
    </p>
   </div>
  </div>
 </body>
</html>
