2372 3756
395 139 463 187 ²6ss

323 227 413 271 ressm
423 228 590 262 nonsinavit
604 249 612 259 .
639 227 685 260 Et
694 224 756 261 illie
766 227 887 269 quidem
893 224 1063 269 specialiter
1075 225 1215 257 dicuntur

324 278 379 323 effe
390 275 515 320 baereses
527 301 539 318 ,
563 287 631 319 quae
648 281 683 310 tn
704 278 844 310 conciliis
860 277 1008 317 judicatae
1031 276 1065 309 Θ
1086 274 1214 306 damna·

323 338 372 364 tae
386 326 479 370 sunt.
545 326 655 362 uidam
678 326 880 361 investituras
902 323 1119 359 adfirmabant
1143 334 1212 356 non

325 378 468 421 [pestate
478 376 520 412 ad
556 387 677 422 ogma‚
699 376 753 411 sed
766 376 806 410 ad
816 374 1043 418 disciplinam,
1069 373 1131 407 effe
1145 383 1211 406 rem

326 425 561 471 adiaphoram,
588 427 728 469 ideoque
751 427 818 461 sine
842 424 981 468 perjurio
1003 435 1072 458 non
1096 417 1210 466 possea

267 476 269 482 '
326 475 479 517 Paschali
490 477 720 512 suum'facfflm
732 474 907 510 recautari.
937 473 1102 508 Paschalis
1121 473 1210 505 enim

145 1183 281 1218 inuu-

325 526 520 571 Imperatori
531 527 683 561 Hearico
696 538 766 561 non
779 525 908 560 tantum
919 523 1102 559 reddiderat
1123 521 1211 555 inve-

325 575 453 617 stituras
472 588 485 619 ·‚
507 576 564 614 sed
592 576 723 620 insuper
746 575 863 619 jurarat
884 575 968 619 ipsas
989 585 1059 609 non
1077 571 1209 605 —auferre

325 626 479 670 deinceps
491 650 503 666 ,
529 636 585 660 aut
599 625 756 662 damnare
769 651 776 658 .
804 625 903 659 Istam
922 623 1117 659 sententiam
1130 619 1208 654 Bru·

324 687 372 711 no
394 677 530 711 damnat
551 674 592 709 de
614 674 833 719 impudentia:
866 675 1030 708 Adfirmat
1043 671 1208 706 investitu-

323 737 374 764 tas
386 737 456 760 non
468 724 574 760 solum
587 724 629 760 ab
650 726 661 759 i
668 727 727 769 pso
750 723 898 760 Paschali
919 726 1103 766 frequenter
1114 744 1126 760 ,
1153 720 1205 754 sed

322 776 455 819 insuper
476 774 496 809 ὲ
515 775 721 821 generalibus
741 774 905 810 Conciliis
916 773 1008 807 fuisse
1018 772 1205 806 damnatas.

323 824 369 860 Et
389 836 490 862 omne
509 825 528 859 ὲ
550 826 695 871 generali
709 824 866 860 Concilio
876 824 1069 857 damnatum
1081 821 1205 855 censuit

321 876 386 916 effe
401 874 544 910 haeresim
561 899 568 907 .
594 876 690 909 Hine
710 874 858 908 addidit:
883 873 969 906 Unda?
991 873 1026 906 (5
1046 869 1203 904 Guibertus

322 936 382 959 non
392 928 541 959 immerito
554 923 757 966 Haerefiarcba
770 923 867 955 dic‘lus
889 922 927 963 est
939 946 951 963 ,
975 921 1119 964 simulque
1139 932 1204 954 cum

317 973 381 1018 suis
389 974 564 1018 sequacibus
576 975 739 1006 damnatus
755 974 789 1006 δ’
800 978 1067 1006 excommunicatus
1082 996 1089 1003 .
1106 971 1204 1005 Anti·

319 1023 444 1067 Papam
462 1022 659 1056 Guibertum
673 1048 683 1063 ,
709 1020 798 1067 quod
819 1023 838 1056 a
862 1023 1007 1068 synodis
1027 1022 1201 1056 damnatus

318 1074 396 1108 esset
408 1097 421 1114 ,
448 1072 520 1107 vult
533 1071 626 1107 suiffe
639 1073 795 1107 veraciter
806 1070 992 1107 haereticum
1003 1096 1012 1104 .
1038 1072 1148 1106 Hasce
1160 1069 1201 1104 E-

317 1123 449 1167 pistolas
459 1122 478 1156 ὲ
488 1122 679 1157 Caffinenfis
688 1123 884 1158 Monasterii
906 1121 1115 1159 Bibliotheca
1135 1120 1203 1156 vul-

316 1175 410 1220 gavit
421 1174 466 1207 D.
478 1172 666 1208 Cardinalis
675 1173 837 1208 Batonius
848 1199 855 1206 .

366 1222 516 1267 Ejusdem
528 1224 695 1259 sententiae
705 1223 769 1258 fuit
781 1223 896 1258 Guido
909 1222 1103 1258 Viennensis
1129 1222 1200 1256 Me·

315 1275 471 1318 tropolita
486 1299 498 1315 ,
523 1273 690 1318 Paschalis
701 1275 837 1308 secundi
850 1275 883 1308 in
902 1273 1012 1308 Gallia
1032 1275 1177 1318 Legatus
1191 1295 1201 1310 ,

314 1337 353 1359 ac
376 1323 550 1369 postmodo
571 1322 661 1370 Papa
685 1324 839 1359 Calixtus
862 1324 1020 1358 secundus
1029 1349 1036 1357 .
1065 1322 1199 1358 Etenim

314 1376 349 1409 in
366 1377 419 1409 sua
433 1375 613 1409 Viennensi
625 1400 636 1416 ,
662 1375 715 1410 cui
726 1374 860 1409 sanctus
881 1376 986 1419 Hugo
997 1385 1040 1408 ex
1062 1370 1200 1409 Carthu-

319 1427 410 1460 fienfi
431 1423 603 1460 Monacho
616 1425 944 1469 Gratianopolitanus
957 1424 1137 1468 Episcopus
1147 1421 1199 1455 ad-

312 1475 394 1510 sedit
405 1500 415 1516 ,
443 1474 581 1519 Synodo
605 1474 671 1510 baec
683 1475 794 1510 statuit
808 1488 815 1508 ε
842 1473 1066 1512 Investituram,
1079 1470 1187 1515 Episco

310 1527 439 1569 patuum
463 1528 497 1560 (5
508 1526 725 1568 abbatiarum,
750 1526 787 1559 θ
798 1530 927 1558 omnium
938 1522 1200 1565 Ecclefiastlcarum

314 1588 413 1610 rerum
435 1578 472 1610 de
486 1587 576 1610 manu
588 1578 667 1609 laica
675 1599 687 1615 ‚
714 1574 833 1608 saneiae
842 1577 989 1607 Romane
1001 1570 1135 1613 Ecclefiae
1147 1583 1199 1604 au-

310 1627 485 1660 thoritatem
490 1626 646 1667 sequentes
655 1648 669 1669 ,η
693 1621 823 1663 baerefim
835 1623 1067 1666 effeJ’udicamus
1085 1647 1091 1654 .
1119 1624 1197 1655 Scri-

308 1685 398 1719 ptum
422 1675 499 1708 illud
507 1699 518 1715 ,
540 1673 593 1716 siu
609 1674 806 1718 privilegium
815 1698 827 1715 ,
855 1674 934 1716 quod
955 1675 976 1706 a*
1000 1675 1127 1705 Domino
1138 1674 1199 1704 Pa-

308 1724 407 1768 sebalt
434 1727 522 1766 Papa
546 1725 690 1758 violenter
711 1730 858 1759 Henricus
879 1727 948 1757 Rex
960 1724 999 1757 de
1011 1721 1198 1763 investituris

307 1770 372 1809 'non
379 1774 488 1819 sponte
497 1773 614 1815 extorsit
624 1799 636 1815 ,
663 1778 696 1807 in
719 1780 833 1808 virtute
857 1773 959 1807 Sancti
969 1776 1103 1815 spiritus
1115 1772 1198 1805 dam-

312 1837 421 1860 namus
442 1850 455 1868 ,
481 1836 568 1868 atque
588 1830 709 1859 irritum
731 1825 784 1868 effe
795 1824 965 1865 judicamus
984 1847 992 1856 .
1038 1823 1074 1857 N
1077 1821 1197 1857 otanda

312 1878 390 1911 sunt
400 1875 516 1911 verba:
545 1875 662 1909 sanfflae
673 1877 817 1908 Romana
839 1873 973 1916 Ecclefiae
993 1873 1197 1907 auc‘loritatem

307 1925 483 1979 sequentes.
513 1925 659 1960 Edicunt
681 1922 769 1969 quod
792 1924 906 1959 Goido
929 1925 996 1958 haec
1020 1922 1195 1958 decreverit

311 1983 354 2010 ex
377 1977 535 2011 mandato
558 1977 652 2019 ipsius
670 1973 834 2010 paschalis
847 1999 854 2007 .
881 1974 976 2009 Hinc
995 1974 1085 2009 euim
1097 1970 1195 2007 habet

312 2026 490 2069 synodalis
510 2027 552 2061 ad
574 2023 765 2061 Paschalem
791 2025 922 2060 relatio:
954 2023 1074 2059 Sanun.
1090 2027 1194 2059 Pater·

313 2074 423 2110 nitatis
449 2076 554 2117 vestrae
579 2078 727 2110 mandata
743 2074 898 2119 sequentes
910 2099 921 2116 ,
947 2077 1031 2118 apud
1050 2078 1194 2109 Viennam

313 2131 504 2161 convenimus
514 2151 522 2158 .
548 2127 594 2160 Et
606 2126 688 2159 infra
703 2138 710 2157 :
736 2129 834 2168 Igitur
848 2123 983 2158 diuam
998 2127 1112 2166 Spiritu
1121 2126 1200 2158 San·

313 2176 357 2209 eto
367 2200 379 2216 ,
406 2175 610 2215 investituram
620 2186 733 2208 omnem
750 2181 794 2208 rei
815 2174 1021 2217 Ecclefiasticae
1044 2175 1081 2208 de
1103 2186 1195 2208 manu

314 2227 392 2259 laica
402 2227 453 2268 effi:
465 2224 777 2266 baerefimJudicamus
789 2248 797 2257 .
824 2228 970 2267 scriptum
993 2225 1090 2265 illud,
1117 2226 1197 2267 quod

313 2280 383 2309 Rex
398 2277 418 2307 ᾶ
429 2275 528 2321 vestra
541 2275 739 2316 simplicitate
749 2274 866 2316 extorfit
876 2299 887 2317 ,
914 2277 1093 2322 damnamus
1104 2299 1112 2307 .
1141 2274 1195 2308 In-

312 2324 503 2360 vestituram
514 2323 698 2369 judicarunt
712 2323 851 2359 haerefim
863 2350 873 2366 ‚
899 2326 934 2364 ὃ(
945 2336 1054 2360 tamen
1066 2324 1135 2368 ejus
1147 2324 1195 2358 in-

315 2374 481 2410 dultorem
492 2373 682 2412 Paschalem
695 2386 762 2409 non
784 2375 964 2419 judicarunt
987 2375 1193 2417 haereticum:

312 2423 419 2473 Qud
429 2425 622 2470 nempenon
636 2426 751 2466 sciens,
763 2436 800 2459 ac
813 2425 961 2469 pertinax
970 2449 981 2465 ‚
991 2425 1048 2459 sed
1059 2436 1114 2469 per
1126 2424 1196 2458 fim-

315 2476 501 2520 plicitatem
512 2475 776 2520 circumscriptus
786 2474 967 2520 deliquisset
980 2500 987 2508 .
1014 2475 1109 2514 Hinc
1129 2486 1195 2518 per-

313 2526 368 2571 git
378 2526 553 2570 Synodalis
567 2526 730 2570 Epistola:
761 2527 844 2559 Illud
850 2533 944 2559 etiam
953 2537 1018 2559 cum
1031 2524 1140 2558 ‘debita
1152 2536 1196 2558 re-

313 2581 454 2611 ver-entia
465 2576 569 2617 vestrae
577 2575 760 2621 suggerimus
772 2579 905 2617 Pietati,
934 2577 1016 2619 quod
1017 2574 1048 2618 fi
1053 2572 1196 2617 nobiscum

315 2631 349 2661 in
362 2625 409 2659 bis
417 2626 558 2667 steteritis
569 2650 580 2668 ‚
600 2626 684 2669 ffboc
695 2651 708 2668 ,
728 2625 800 2668 ficut
821 2638 959 2670 rogamus
970 2650 982 2667 ,
1005 2625 1195 2668 confirmave-

314 2682 385 2710 vitis
397 2701 407 2717 ,
428 2675 458 2718 fi
473 2678 611 2719 deinceps
631 2677 670 2710 ab
692 2676 778 2719 ipfius
800 2676 979 2717 crudeltffimi
997 2680 1137 2715 tyranni,
1163 2676 1197 2709 Θ·

315 2730 502 2759 Nautiorum
512 2729 578 2766 ejus
587 2727 699 2761 litteris
711 2752 721 2768 ,
748 2729 887 2760 locutione
902 2751 913 2766 ,
929 2725 1099 2760 muneribus
1110 2723 1196 2765 absti-

317 2779 445 2810 nueritis
458 2799 468 2814 ‚
494 2781 672 2809 unanimiter
684 2788 736 2809 nos
747 2802 757 2817 ,
778 2776 849 2818 ficut
859 2777 940 2810 decet
958 2800 970 2817 ,
995 2775 1145 2809 babebitis
1163 2774 1198 2817 fi-

318 2826 374 2860 lios
386 2823 527 2865 acfideles
536 2850 543 2856 .
558 2827 672 2858 sivero
680 2848 690 2864 ‚
702 2827 783 2868 quod
793 2828 912 2860 minime
923 2827 1071 2860 credimus
1084 2849 1094 2865 ,
1105 2825 1197 2857 aliam

315 2881 409 2909 *viam
419 2876 545 2918 adgredi
552 2880 699 2918 coeperitis
708 2899 720 2915 ,
731 2877 765 2909 (τ
773 2875 875 2916 nostrae
887 2879 1088 2910 Paternitatis
1099 2874 1198 2917 adser-

317 2924 582 2967 tionespraediaeas
595 2925 731 2958 roborare
740 2927 892 2959 nolueritis
905 2950 916 2965 ,
937 2931 1085 2968 propitius
1110 2924 1146 2969 fit
1154 2936 1200 2958 no-

318 2974 370 3008 bis
382 2977 466 3008 Deus
478 2998 491 3016 ,
513 2980 584 3018 quia
597 2986 648 3008 nos
660 2976 681 3007 ἃ
692 2974 791 3014 vestra
797 2974 974 3017 subjcc‘lione
986 2978 1020 3009 ὠ·
1033 2974 1200 3010 obedientia

318 3024 461 3066 repelletis
474 3049 482 3056 .
508 3024 675 3061 Adfirmat
696 3024 887 3060 paschalem
900 3026 1054 3070 deinceps
1067 3035 1135 3060 non
1158 3036 1198 3059 ex

318 3074 526 3118 simplicitate
536 3099 548 3115 ,
573 3074 628 3109 sed
641 3086 684 3108 ex
696 3074 790 3118 plena
801 3076 932 3110 scientia
944 3076 978 3110 &
990 3075 1198 3111 contumacia

321 3134 540 3167 peccaturum,
553 3124 695 3168 ideoque
707 3125 908 3160 trastandum
920 3126 969 3160 uti
980 3124 1171 3169 hereticum,
1183 3123 1201 3161 ὲ

322 3175 447 3207 cunctis
457 3173 668 3209 deserendum
678 3173 746 3209 fine
753 3176 991 3210 communione
1003 3186 1100 3220 atque
1123 3174 1202 3210 obe-

321 3221 449 3257 dientia
461 3247 472 3264 ,
481 3224 514 3258 δι
523 3224 655 3261 tandem
668 3224 915 3270 degradandum
927 3237 964 3260 ac
977 3224 1175 3270 ejiciendum
1190 3250 1198 3257 .

323 3270 386 3306 Per
393 3274 504 3307 omnia
514 3274 651 3309 sentit&
659 3274 804 3320 loquitur
812 3275 1202 3320 cumBrunoneSignien-

321 3321 349 3356 {i
361 3321 524 3365 Episcopo
537 3349 544 3355 .
557 3323 711 3368 Ejusdem
719 3325 886 3361 sententiae
897 3325 990 3360 fuisse
998 3326 1097 3360 etiam
1107 3325 1202 3368 Joan-

323 3381 401 3406 nem
413 3371 664 3423 Lugdunensem
677 3373 968 3420 Archiepiscopum
976 3401 986 3417 ‚
996 3376 1030 3410 dc
1041 3375 1123 3410 alios
1135 3374 1204 3420 plu-

326 3430 374 3463 tes
386 3419 562 3462 ¹Antiiiites
573 3433 610 3461 ac
621 3423 781 3467 Doctores
791 3449 805 3470 ,
829 3426 876 3463 est
888 3425 968 3463 alibi
977 3426 1142 3467 ostensum
1157 3450 1165 3460 .

694 140 736 184 S.
771 136 1097 184 Gneoonn
1134 150 1377 181 sevum
1415 137 1777 183 Ponri-rlcis

1327 221 1525 264 Respondeo
1538 232 1646 256 tamen
1659 221 1886 258 investituram
1898 234 1969 260 non
1979 225 2040 261 effe
2062 223 2158 262 haere·

1276 272 1333 305 sim
1348 297 1355 304 .
1384 271 1484 306 Etita
1497 273 1683 306 constanter
1705 273 1836 314 tenuit,
1863 273 1967 309 etiam
1983 276 2055 320 post
2078 278 2159 313 rela-

1276 331 1343 356 tam
1356 321 1581 357 Viennensem
1598 322 1771 365 synodum
1783 348 1794 364 ,
1807 321 1972 359 Paschalis
1982 326 2170 362 secundus-1

1275 369 1376 416 Apud
1390 372 1609 407 Castellanam
1620 371 1787 408 civitatem
1798 375 1946 418 captivus
1969 374 2038 410 duo
2057 377 2152 412 dede-

1273 432 1320 456 rat
1353 422 1545 466 Imperatori
1567 422 1719 457 Henrico
1739 445 1750 462 ‚
1775 424 1809 458 ἀ
1829 426 2029 460 sacramento
2051 426 2156 463 firma-

1272 482 1341 506 ratz
1369 473 1479 516 Ipsum
1490 472 1535 507 ob
1553 471 1639 508 hanc
1651 474 1876 516 captivitatem
1899 487 2079 519 numquam
2102 487 2155 511 ex·

1270 523 1537 563 communicare,
1561 523 1650 557 &ob
1672 523 1879 558 investituras
1901 532 2079 570 numquam
2103 527 2156 561 in*

1271 571 1415 615 quietare
1434 596 1443 605 .
1479 572 1524 607 Et
1544 571 1578 623 in
1605 572 1742 608 secunda
1767 575 1820 608 sua
1844 575 1998 611 Romana
2014 574 2153 621 Synodo

1271 623 1366 656 suurn
1388 623 1509 657 fastum
1529 622 1792 658 circumduxerat
1820 636 1857 659 ac
1879 625 2070 668 damnarat,
2096 627 2153 663 sed

1269 672 1445 715 adjunxit.-
1471 675 1537 716 Ego
1547 681 1649 707 tamen
1662 678 1821 708 Henricum
1843 686 2004 718 numquam
2026 676 2154 712 anathe-

1268 723 1418 756 matizabo
1429 747 1440 764 ‚
1453 733 1613 765 numquam
1623 725 1661 757 de
1673 724 1856 765 investituris
1870 727 2040 768 inquietabo
2052 751 2059 759 .
2084 726 2153 763 Ad-

1269 772 1408 812 fidentes
1420 773 1594 818 Episcopi,
1624 773 1699 808 licet
1711 775 1968 810 constantiffime
1991 778 2153 813 adsevera-

1268 833 1340 857 rent
1353 822 1438 858 istud
1448 823 1667 867 juramentum
1677 824 1768 859 fuisse
1780 825 1812 859 ἀ
1822 835 1985 860 extortum
1999 827 2033 861 &
2044 825 2152 862 Hero-

1267 872 1403 908 dianum
1414 897 1426 913 ,
1455 874 1545 908 aliud
1558 885 1628 908 non
1640 886 1818 918 potuerunt
1838 885 2046 919 extorquere.
2074 877 2150 912 Cer-

1267 922 1298 957 te
1309 923 1474 958 paschalis
1485 948 1497 965 ,
1523 924 1544 957 fi
1555 923 1779 959 investituram
1790 926 1973 960 credidisset
1984 925 2124 963 haerefirn
2138 952 2150 968 ,

1265 970 1419 1008 debuerat
1429 973 1613 1008 Henricum
1635 974 1680 1009 ob
1693 977 1791 1018 ipsam
1812 975 2013 1020 inquietare,
2040 976 2075 1011 &
2097 977 2151 1012 de.

1267 1023 1386 1058 clarare
1406 1024 1732 1060 excommunicatum
1753 1050 1761 1058 .
1789 1024 1914 1059 Eadem
1935 1026 2088 1070 repetivit
2109 1026 2149 1062 in

1266 1074 1360 1107 tertia
1387 1073 1539 1108 Romana
1551 1073 1711 1116 synodo:
1740 1069 1856 1108 F'eciut
1871 1075 1975 1116 homo,
2002 1078 2151 1120 quiapul·

1266 1129 1315 1156 vis
1337 1122 1406 1167 sum
1431 1125 1465 1158 ἐν
1484 1129 1561 1158 cinis
1573 1148 1580 1155 .
1607 1127 1721 1158 Fateor
1741 1136 1788 1158 me
1798 1125 1875 1159 male
1885 1127 1966 1170 egtffe
1978 1151 1985 1158 .
2011 1128 2071 1160 sed
2082 1139 2148 1172 rogo

1267 1184 1319 1207 vos
1337 1185 1437 1208 omnes
1452 1197 1463 1213 ,
1487 1178 1576 1207 Orate
1594 1182 1648 1216 pro
1666 1186 1713 1209 me
1733 1176 1778 1208 ad
1801 1178 1919 1214 Deum,
1945 1184 1977 1209 ut
1997 1178 2147 1221 indulgeat

1265 1223 1338 1256 mihi
1352 1249 1359 1257 .
1387 1224 1471 1258 Illud
1479 1233 1581 1258 autem
1593 1227 1704 1258 malum
1716 1226 1861 1267 Scriptum
1874 1250 1885 1266 ,
1903 1227 1981 1268 quod
2002 1230 2034 1258 in
2056 1235 2150 1260 tento-

1265 1278 1322 1306 τηε
1331 1273 1453 1314 faelium
1462 1273 1500 1313 est
1513 1298 1524 1313 ,
1549 1276 1630 1317 quod
1633 1282 1692 1316 pro
1696 1282 1859 1317 pravitate
1867 1275 1925 1318 sua
1938 1278 2149 1320 pravilegium

1264 1323 1373 1355 dicitur
1393 1347 1404 1363 ‚
1429 1324 1589 1356 condemno
1607 1322 1664 1365 sub
1680 1333 1821 1366 perpetuo
1843 1325 2032 1360 anathemate
2054 1350 2062 1358 .
2101 1326 2148 1360 Et

1265 1372 1378 1406 Bruno
1390 1373 1550 1416 Signinus
1561 1371 1742 1415 Episcopus
1750 1374 1890 1416 reposuit
1904 1387 1912 1405 :
1939 1379 2065 1408 Gratias
2077 1388 2148 1419 aga-

1264 1433 1328 1455 mus
1346 1426 1548 1463 Omnipotenti
1568 1425 1631 1455 Deo
1654 1447 1666 1464 ,
1691 1428 1743 1465 qui
1766 1426 1925 1457 Dominum
1947 1426 2066 1466 Papam
2086 1427 2148 1458 Pa-

1261 1469 1391 1514 sebalem
1402 1495 1413 1512 ,
1439 1477 1490 1514 qui
1499 1469 1645 1515 praesenti
1665 1474 1793 1505 Concilio
1811 1472 1950 1514 praefidet
1966 1497 1979 1514 ,
2005 1474 2146 1508 audimus

1259 1526 1382 1563 proprio
1393 1533 1440 1555 ore
1453 1521 1647 1555 damnantem
1657 1521 1736 1554 illud
1739 1524 1935 1567 privilegium
1947 1546 1958 1562 ‚
1984 1526 2067 1565 quod
2069 1532 2147 1566 pra·

1263 1578 1394 1608 vitatem
1407 1573 1441 1606 (5
1454 1567 1583 1616 herefim
1594 1570 1762 1605 continebat
1773 1597 1780 1604 .
1808 1574 1841 1605 Si
1849 1573 2055 1616 privilegium
2066 1574 2146 1607 illud

1262 1620 1383 1663 baerefin
1394 1620 1562 1656 continebat
1574 1644 1586 1662 ,
1612 1626 1663 1664 qui
1670 1622 1751 1656 illud
1753 1621 1830 1664 fecit
1841 1645 1852 1663 ‚
1878 1622 2034 1657 haereticus
2050 1622 2121 1665 filit
2136 1649 2145 1657 .

1264 1671 1377 1706 Bruno
1387 1671 1526 1715 perstitit
1549 1672 1583 1706 in
1605 1672 1714 1715 priori.
1732 1673 1787 1706 sua
1810 1674 1987 1708 sentent-ia.
2015 1673 2145 1709 Verum

1261 1722 1403 1765 Ioannes
1417 1722 1594 1766 Cajetanus
1605 1721 1783 1766 Episcopus
1809 1723 1872 1757 fuit
1893 1723 1935 1758 ab
1951 1722 2014 1762 isto
2036 1723 2148 1759 suffia-

1261 1772 1318 1815 gio
1338 1780 1447 1806 motus
1462 1771 1503 1807 ad
1516 1772 1616 1812 iram,
1641 1783 1680 1807 ac
1689 1773 1847 1817 reposuit:
1874 1775 1956 1808 Tune
1965 1772 2038 1814 bic,
2061 1774 2097 1807 Θ
2110 1778 2145 1808 in

1262 1823 1390 1857 Concilio
1404 1846 1415 1863 ,
1440 1822 1522 1855 nobis
1534 1822 1728 1856 audientibus
1741 1847 1752 1864 ,
1780 1826 1947 1857 Romanum
1971 1823 2145 1866 Pontificem

1261 1873 1392 1915 appellas
1403 1871 1599 1907 haereticum?
1623 1875 1791 1915 Scriptum,
1817 1876 1896 1916 quod
1899 1873 1974 1915 fecit
1997 1876 2143 1907 Dominus

1262 1925 1375 1966 Papa,
1399 1924 1510 1958 malum
1521 1924 1641 1966 quidem
1644 1922 1737 1964 fuit,
1755 1922 1815 1967 sed
1837 1922 1951 1965 baerefis
1975 1935 2034 1957 non
2054 1923 2141 1966 fuit.

1262 1973 1422 2009 Aculeata
1444 1973 1608 2008 Brunonis
1619 1972 1713 2008 verba
1722 1974 1908 2008 excitarunt
1918 1975 1952 2008 δε
1964 1974 2068 2018 ipsum
2079 1972 2144 2009 Pa-

1261 2022 1423 2067 schalem,
1450 2025 1591 2068 ideoque
1603 2031 1743 2070 pergunt
1767 2025 1850 2060 Δᾶι
1873 2024 2072 2067 synodalia:
2101 2027 2142 2057 A:

1255 2080 1407 2117 patientia
1433 2078 1551 2108 Domini
1579 2078 1698 2118 Papa,
1715 2074 1870 2110 ‘horrendo
1889 2073 2001 2116 haerefis
2027 2079 2144 2108 nomine

1256 2125 1381 2169 pulsata
1399 2150 1410 2166 ,
1435 2124 1645 2168 expergefaffa
1666 2125 1706 2165 est
1718 2148 1729 2164 ,
1754 2127 1788 2158 <vt
1815 2135 1906 2157 manu
1927 2122 2073 2164 filentium
2096 2128 2142 2156 in·

1260 2177 1380 2215 dicens,
1409 2176 1604 2215 diffidentium
1618 2174 1756 2214 clamores
1770 2175 1805 2208 ό·
1824 2184 1979 2207 murmura
1999 2175 2058 2208 tali
2078 2185 2144 2208 ora-

1259 2232 1336 2259 tione
1346 2223 1521 2266 composuit.
1550 2228 1679 2256 Fratres
1692 2225 1726 2256 &
1738 2225 2054 2256 Domininoeiaudite.
2080 2227 2142 2257 Ec-

1257 2274 1338 2315 clefia
1352 2273 1406 2314 ista
1421 2283 1580 2317 numquam
1603 2270 1707 2305 babuit
1730 2270 1873 2316 baerefin3
1899 2274 1990 2304 immo
2013 2271 2062 2305 hic
2078 2282 2140 2305 om-

1258 2335 1311 2357 nes
1324 2320 1452 2365 hareses
1464 2321 1538 2366 sunt
1549 2322 1746 2364 conquaffatae
1757 2346 1764 2353 .
1796 2322 1856 2359 Hic
1866 2324 1982 2355 Ariana
2005 2319 2135 2363 baerefis,

1259 2385 1327 2416 quae
1348 2381 1407 2415 per
1430 2381 1577 2406 trecentos
1595 2371 1665 2413 fer&
1690 2382 1785 2405 annos
1812 2376 1907 2414 viguit
1926 2396 1937 2412 ,
1979 2371 2139 2407 annullata

1258 2423 1316 2464 est.
1343 2423 1388 2456 Ab
1398 2421 1454 2455 hac
1467 2421 1538 2465 sede
1562 2420 1678 2464 baerefis
1700 2420 1887 2459 Eutychiana
1912 2421 2140 2456 &sabelliana

1258 2479 1406 2507 contrita:
1435 2472 1582 2505 Photinus
1602 2496 1614 2512 ‚
1651 2477 1806 2514 caeterique
1825 2471 1957 2504 haeretici
2004 2470 2140 2511 destruat

1254 2521 1327 2567 sunt
1338 2548 1346 2556 .
1376 2525 1435 2555 Pro
1447 2521 1502 2555 hac
1517 2520 1641 2564 Ecclefia
1653 2523 1751 2556 Filius
1762 2523 1819 2554 Dei
1829 2526 1860 2554 in
1866 2519 1927 2565 sua
1937 2522 2063 2561 Pafflone
2074 2532 2141 2555 ora-

1260 2579 1308 2607 vit
1321 2585 1328 2604 :
1356 2576 1423 2616 Ego
1431 2581 1487 2614 pro
1498 2581 1528 2605 te
1540 2577 1644 2616 rogavi
1656 2594 1667 2610 ,
1689 2573 1779 2605 Petre
1791 2594 1803 2611 ,
1821 2580 1854 2604 ut
1865 2583 1923 2604 non
1933 2571 2052 2613 deficiat
2061 2570 2138 2612 fides

1260 2633 1331 2656 tua.
1358 2622 1509 2656 Brunoni
1531 2620 1813 2664 adstipulabantur
1834 2621 1943 2664 plures
1962 2619 2136 2663 Episcopi:

1262 2674 1305 2708 Et
1319 2673 1403 2716 ipsos
1426 2684 1467 2707 ex
1491 2671 1619 2715 septimi
1641 2671 1796 2716 Gregorii
1814 2681 1874 2713 pro
1896 2670 2056 2703 Romanae
2075 2668 2142 2704 ΕΦ

1260 2724 1362 2758 clefiae
1372 2722 1456 2757 circa
1473 2721 1572 2757 fidem
1594 2720 1828 2755 infallibilitate
1849 2719 1986 2754 Distatu
2009 2728 2140 2764 compe-

1261 2774 1344 2808 scuit
1355 2771 1519 2807 Paschalis
1530 2797 1541 2813 ‚
1566 2780 1663 2816 atque
1677 2771 1723 2806 ita
1735 2769 1904 2804 Distaturn
1917 2769 2090 2813 innovavit
2100 2769 2139 2804 ac

1261 2823 1418 2857 stabilivit
1429 2847 1436 2854 .
1464 2822 1509 2856 Et
1519 2821 1603 2856 certe
1616 2820 1797 2856 sanctiffimi
1810 2819 1910 2854 etiam
1920 2816 2075 2863 Episcopi
2089 2828 2140 2854 at-

1261 2884 1324 2917 que
1337 2871 1482 2906 Abbates
1493 2883 1546 2915 per
1557 2871 1647 2915 plura
1669 2869 1780 2904 saecula
1804 2871 2014 2913 permiserunt
2034 2870 2066 2903 se
2090 2868 2140 2903 in-

1260 2922 1367 2956 vestiri
1378 2923 1396 2955 a
1409 2923 1474 2956 suis
1484 2922 1653 2967 Regibus:
1679 2919 1752 2954 Nec
1765 2919 1850 2953 ullus
1861 2919 1924 2954 fuit
1935 2919 2002 2953 illis
2013 2919 2138 2963 scrupu-

1261 2973 1311 3007 lus
1321 2972 1361 3007 de
1373 2971 1476 3006 haerefi
1492 2997 1499 3005 .
1527 2972 1571 3005 Et
1582 2970 1668 3014 apud
1683 2969 1964 3004 HenriciCanifii
1986 2969 2137 3012 antiquas

1263 3023 1418 3058 lestiones
1430 3022 1534 3057 exstat
1543 3020 1690 3064 Epistola
1706 3044 1717 3060 ,
1743 3030 1807 3063 qua
1817 3019 1986 3062 proximus
2006 3020 2141 3064 septimi

1261 3073 1412 3118 Gregorii
1426 3071 1618 3106 Antecefl'or
1630 3070 1816 3104 Alexander
1830 3068 1988 3104 secundus
2009 3069 2137 3112 permit-

1262 3123 1301 3158 tit
1317 3147 1327 3164 ,
1361 3132 1398 3157 ut
1421 3120 1623 3159 Geberardus
1643 3119 1893 3164 Salisburgenfis
1913 3118 2137 3164 Archiepisco-

1262 3184 1319 3216 pus
1334 3184 1456 3208 novum
1469 3172 1503 3205 in
1521 3172 1576 3205 sua
1595 3169 1735 3204 Dioecefi
1757 3169 1991 3213 Episcopatum
2011 3169 2137 3213 erigat,

1263 3224 1478 3267 supponitque
1489 3231 1612 3256 novum
1625 3220 1696 3255 istic
1708 3219 1906 3264 Episcopum
1912 3227 1970 3262 per
1981 3217 2138 3258 investit-u·

1261 3284 1347 3312 ram,
1381 3283 1414 3307 ut
1433 3273 1491 3307 dici
1514 3269 1625 3314 αεὶ-[οἰκ
1649 3294 1661 3311 ,
1697 3269 1976 3314 promovendum.
2001 3266 2138 3302 Etenim

1261 3324 1381 3367 primus
1400 3347 1411 3363 ,
1448 3321 1504 3363 qui
1531 3321 1666 3357 Laicam
1692 3320 1915 3356 investituram
1939 3316 2044 3353 subire
2078 3327 2139 3351 no-

1265 3373 1344 3412 luit,
1368 3374 1431 3407 fuit
1453 3372 1587 3406 sanstus
1610 3370 1808 3411 Anselmus,
1834 3368 2000 3412 proximus
2027 3366 2138 3401 lauda-

1261 3424 1288 3458 ti
1313 3421 1492 3458 Alexandri
1515 3422 1681 3459 Successor
1690 3421 1728 3457 in
1739 3418 1923 3456 Lucensem
1937 3416 2135 3500 Eccleiligm-

2073 3476 2087 3501 t
