2352 3756
967 113 1468 160 INDEX.

295 203 460 240 Monachi
476 203 627 238 transitus
643 199 683 235 acl
693 199 783 235 aliud
808 199 1049 233 Monasteriurn
1072 198 1197 232 utrius-¹

1961 140 2058 185 415

2017 220 2122 258 319-1

1303 198 1442 233 Henrici
1458 201 1707 245 Degradatione
1721 231 1728 238 .

347 268 412 298 que
425 253 767 289 Abbatisconsensum
780 251 914 293 requirit
927 275 933 282 .
946 251 1014 286 128-
1029 261 1060 287 ι.
1079 249 1187 282 Etiam
1255 250 1415 284 Nicolaus
1432 250 1471 283 ll.
1485 262 1525 282 an
1549 264 1660 286 contra.
1685 256 1839 290 Canones
1859 258 1964 302 egerit
1985 259 2125 294 Henrici

348 308 369 339 si
385 306 442 339 fiat
457 305 497 339 ad
510 304 647 337 striffius
661 302 901 336 Monaslerium
916 325 923 332 .
952 299 1031 333 ibid.
1057 298 1188 333 Utrum

348 358 450 390 etiam
463 356 501 388 fit
523 365 606 397 opus
632 352 789 395 suffragio
810 351 1033 385 Conventus?
1061 360 1141 395 129-
1156 360 1188 384 2·

348 407 432 441 Item
447 405 602 448 Episcopi
615 402 798 436 consensu?
974 399 1106 433 Ibid.&
1123 399 1186 441 seq.

297 455 551 491 Monachismus
564 478 574 494 ‚
601 454 635 486 &
653 451 844 494 Baptismus
855 450 872 483 a
885 449 1035 493 plurimis
1045 448 1128 483 olim
1153 448 1188 481 fi-

350 507 419 540 mul
437 506 599 547 susceptus
612 529 619 536 .
1066 500 1144 546 238.
1163 510 1184 534 2

297 554 550 590 Monachorum
563 554 650 587 bona
664 550 747 585 olim
759 550 930 594 Episcopis
946 548 1084 591 subjesta
1099 573 1106 580 .
1132 550 1184 595 96,

352 617 380 642 1.
410 605 558 652 Qando
582 628 594 644 ‚
633 603 668 636 &
693 613 751 635 cur
778 601 819 635 ab
846 600 1004 644 Episcopi
1026 599 1186 642 potestate

347 657 529 699 exempta?
884 649 936 697 96.
954 661 980 685 1.
997 661 1028 685 2.
1042 660 1096 695 97.
1117 660 1145 684 1.
1163 661 1187 685 2

297 705 549 740 Monachorum
561 701 724 738 Coenobia
737 700 950 735 Decimarum
961 700 1110 741 capacia.
1130 697 1184 742 89.

347 752 640 794 2.Monachorum
651 764 691 787 ex
704 751 855 786 Decimis
867 749 1046 784 liberalitas
1060 749 1092 781 in
1110 761 1185 792 pau·

371 817 436 840 eres
448 831 455 838 .
1122 812 1148 836 1·
1163 811 1183 835 2

297 818 547 890 Meinachorum
574 854 616 889 de
642 850 849 885 Monasterio
876 848 911 881 in
938 810 1181 885 Monasteiium

347 905 495 939 transitus
517 914 586 937 non
609 900 792 936 suadendas
807 924 814 930 .
1055 910 1130 945 127.
1159 908 1182 932 2

298 954 547 989 Monachorum
588 949 733 986 Ordines
756 959 904 992 tempore
925 948 1079 993 Gregorii
1104 949 1181 983 Vll.

345 1005 428 1040 nulli
448 1013 540 1037 erant
564 1000 678 1035 diversi
695 1025 704 1031 .
1071 1008 1145 1045 133.
1163 1011 1178 1035 1

293 1051 503 1088 Monachum
516 1053 534 1086 a
547 1050 752 1085 Monasterio
765 1047 948 1089 extrahere,
979 1049 1012 1082 &
1035 1049 1070 1082 in
1093 1050 1181 1084 suam

347 1103 506 1138 familiam
521 1103 638 1136 referre
650 1099 859 1143 privilegium
870 1099 916 1132 est
928 1123 940 1138 ‚
968 1109 1036 1132 non
1051 1098 1179 1134 tantum

343 1154 583 1197 Episcoporum
597 1175 608 1192 ‚
634 1150 686 1184 sed
699 1151 733 1184 ἀ
745 1149 974 1183 Cardinalium
985 1173 992 1180 .
1069 1152 1147 1196 238.
1161 1161 1183 1186 2

291 1202 503 1238 Monachum
513 1202 661 1236 alienum
673 1199 822 1235 ordinare
836 1207 961 1243 poterat
975 1198 1157 1243 Episcopus
1169 1224 1179 1240 ,

344 1265 413 1288 non
426 1253 596 1288 Clericum
612 1277 619 1284 .
1067 1259 1145 1297 131-
1157 1262 1179 1286 2

289 1302 480 1338 Monachus
489 1315 533 1337 an
546 1303 583 1336 lit
595 1301 714 1336 habilis
724 1300 764 1335 ad
778 1298 980 1335 Parochialis
995 1311 1076 1334 curae
1097 1300 1178 1344 regi·

337 1366 414 1389 men
426 1355 441 1386 ἒ
472 1364 526 1401 95.
541 1352 754 1399 2-..Qamvis
767 1351 886 1386 electus
899 1351 931 1384 in
947 1349 1078 1385 alterius
1101 1351 1178 1384 Mo·

340 1404 468 1438 nasserii
485 1403 671 1443 Abbatem‚
699 1402 764 1435 fine
790 1401 838 1435 sui
859 1399 1001 1435 Abbatis
1021 1401 1178 1434 consensu

337 1466 408 1490 non
422 1453 526 1498 potest
549 1454 709 1498 migrare:
739 1451 859 1495 Neque
882 1451 916 1485 in
941 1451 1060 1484 factam
1080 1450 1121 1484 de
1148 1452 1179 1484 se

338 1504 565 1548 Episcopalem
582 1503 774 1537 eleffionem
787 1501 988 1535 consentire.
1020 1509 1094 1542 129.
1114 1511 1140 1535 1.
1154 1513 1175 1537 2

286 1554 476 1589 Monastica
517 1553 652 1587 libertas
680 1552 722 1586 ab
744 1551 914 1595 Episcopis
939 1549 1022 1585 olim
1045 1551 1178 1596 viguit,

339 1605 440 1639 etiam
464 1605 500 1638 in
530 1602 697 1638 Orientali
718 1602 862 1635 Ecclesia
878 1627 887 1635 .
1064 1611 1140 1647 131.
1154 1613 1175 1637 2

286 1652 641 1687 MonasticaProfeffio
654 1651 817 1685 veteribus
830 1661 968 1686 vocatur
978 1651 1174 1694 propositum

340 1701 517 1738 sanstitatis
532 1726 539 1733 .
566 1698 644 1748 238.
658 1711 691 1736 2.
701 1700 796 1746 Qid
810 1701 846 1732 fit
860 1701 1068 1739 Monasterium
1076 1709 1175 1731 notum

340 1753 374 1785 in
388 1751 528 1785 Canone
541 1750 660 1792 quinto
671 1749 819 1782 Romani
836 1747 982 1782 Concilii
994 1747 1010 1777 ἓ
1064 1745 1140 1783 128.
1157 1759 1171 1783 1

292 1800 479 1836 Montanus
491 1799 614 1843 primus
626 1799 752 1842 Legem
769 1797 810 1831 de
832 1796 1006 1839 jejunanda
1028 1796 1175 1843 Qadra-

340 1853 459 1896 gelima
470 1850 568 1893 coepit
581 1849 718 1883 sancire.
734 1858 820 1895 342.
835 1846 912 1889 Ejus
924 1846 1000 1880 falsa
1010 1845 1173 1879 miracula.

336 1902 415 1935 ibid.
433 1898 710 1933 Montanistarum
727 1897 865 1931 crimina
878 1896 1000 1930 detesta
1011 1919 1019 1927 .
1096 1894 1173 1929 ibid.

283 1951 480 1984 Montenses
499 1947 641 1981 haeretici
656 1946 690 1979 in
705 1945 820 1979 Africa
834 1969 841 1976 .
1059 1955 1136 1989 274.
1156 1956 1170 1980 1

283 1999 498 2037 mozarabes,
525 1995 706 2029 Christiani
719 1995 794 2027 sunt
805 1993 903 2027 mixti
917 1992 1082 2026 Arabibus
1097 2018 1103 2024 .
1116 1994 1171 2029 26.

335 2062 367 2086 2·
381 2045 575 2082 Utebantur
584 2043 710 2078 Officio
722 2055 778 2087 per
790 2044 846 2077 SS.
862 2043 1051 2076 Leandrurn
1064 2043 1097 2076 ὅ(
1122 2043 1172 2077 lli-

331 2100 452 2134 dorum
465 2095 637 2130 instituto.
666 2089 717 2127 Idi
726 2094 755 2127 b.
769 2093 931 2127 Officium
957 2092 1041 2126 illud
1066 2104 1171 2136 quon-

332 2150 408 2183 dam
420 2144 632 2191 approbatum
647 2170 655 2177 .
683 2155 738 2191 27.
755 2152 782 2178 1.
795 2141 962 2187 Ejusloco
975 2142 1168 2178 Romanum

331 2198 494 2235 Officium
505 2194 733 2231 introdustum
746 2218 755 2226 .
1083 2189 1166 2230 ibid.

696 2295 744 2329 N.

389 2400 609 2444 Aufragorum
621 2397 708 2433 bona
719 2409 787 2432 non
803 2399 876 2432 sunt
889 2396 1077 2442 usurpanda.
1092 2409 1161 2446 55.ι

412 2452 658 2496 Naufragorum
671 2449 758 2483 bona
773 2460 840 2483 non
852 2450 925 2483 sunt
937 2449 1060 2484 deserta
1073 2475 1080 2482 .
1106 2461 1161 2497 55.

331 2515 360 2539 2·
375 2501 428 2549 56.
445 2512 471 2537 r.
490 2511 545 2547 57.
570 2509 596 2535 1.

280 2550 479 2596 Negotiatio
489 2576 500 2592 ,
530 2561 570 2584 an
584 2550 616 2583 ὃ(
628 2549 746 2593 quibus
759 2550 795 2583 fit
806 2548 895 2582 licita
910 2550 927 2580 ,ἲ
1067 2561 1120 2598 37.
1139 2563 1153 2587 1

280 2602 454 2637 Nestorius
465 2601 505 2634 de
514 2598 714 2634 Euchatistia
726 2599 803 2633 reete
815 2599 910 2632 sensit
921 2624 927 2629 .
946 2597 1019 2647 187.
1033 2612 1063 2636 2.
1077 2599 1153 2637 208.

332 2664 361 2689 1·
374 2650 503 2685 Docuit
515 2649 682 2684 Christum
695 2673 705 2688 ,
731 2650 806 2683 licet
820 2660 938 2692 purum
963 2649 1132 2685 hominem
1144 2679 1153 2693 ,

328 2714 389 2745 pro
401 2702 471 2735 aliis
485 2700 684 2734 satisfecisse.
713 2709 791 2745 299.
810 2710 839 2734 1.
861 2697 965 2745 Qod
988 2699 1005 2732 ὲ
1037 2701 1153 2736 saneto

328 2751 459 2795 Cyrillo
472 2751 612 2795 graviter
624 2749 841 2792 improbatur.
873 2748 956 2782 Ibid.
983 2750 1152 2786 Nestorius

330 2806 364 2836 in
378 2812 534 2835 arternum
543 2799 718 2836 damnatus
730 2824 737 2830 .
1043 2798 1117 2845 189.
1133 2815 1147 2838 1

275 2850 485 2895 Nicephorus
499 2850 692 2884 Botoniates
704 2849 873 2893 sacrilegas
885 2859 960 2882 cum
975 2850 1150 2886 Michaelis

325 2903 407 2944 Imp⁴
420 2913 522 2934 uxore
537 2901 664 2943 nuptias
675 2898 856 2933 contrahit.
878 2909 996 2947 133.1.
1013 2900 1148 2935 Poenam

324 2951 481 2985 Talionis
493 2951 626 2993 patitur,
638 2951 672 2984 ὅ(
684 2949 725 2983 ab
737 2948 860 2982 Alexio
873 2948 1054 2984 Comneno
1065 2953 1150 2995 ejici·

322 3013 376 3036 tur
385 3000 426 3035 de
436 3001 518 3034 male
527 3000 638 3034 invaso
650 3000 792 3043 Imperio
803 2999 836 3032 0&
847 2998 887 3032 ad
900 3001 1020 3034 vestem
1034 3002 1148 3037 Mona-

323 3052 438 3085 sticam
449 3050 582 3094 cogitur
593 3073 600 3081 .
1039 3063 1114 3099 135.
1132 3066 1143 3089 1

270 3101 405 3138 Nicolai
418 3100 458 3132 11.
472 3109 581 3133 textus
594 3110 648 3142 per
658 3099 857 3134 Guibertum
869 3111 1054 3143 corruptus.
1069 3113 1087 3150 3
1096 3115 1147 3150 17.

324 3163 353 3188 1·
372 3150 427 3183 An
449 3149 599 3183 Henrico
619 3148 808 3192 Imperatori
829 3150 1019 3184 facultatem
1044 3154 1145 3187 nomi—

319 3201 421 3235 nandi
445 3224 455 3239 ‚
492 3199 540 3232 vel
568 3199 712 3243 eligendi
735 3199 926 3232 Romanum
951 3199 1145 3237 Pontificem

319 3246 538 3285 concefferit?
561 3248 637 3295 316.
656 3249 726 3283 1.&
740 3250 798 3291 seq.
812 3249 1021 3294 conjugatos
1045 3253 1079 3287 ὃς
1100 3255 1146 3288 Si-

317 3299 490 3335 moniacos
503 3299 684 3342 Episcopos
696 3299 728 3333 δε
740 3298 887 3332 Clericos
899 3300 932 3333 in
955 3301 1146 3346 Longobar-

316 3352 369 3385 dia
383 3349 563 3392 compescit
573 3374 580 3380 .
1032 3363 1050 3399 3
1060 3363 1108 3399 ¹7·
1123 3367 1144 3391 2

264 3401 397 3436 Nicolai
413 3400 451 3432 11.
465 3401 640 3433 Decretum
649 3397 666 3431 ὲ
678 3398 840 3442 Gregorio
853 3398 929 3434 VH.
943 3402 1096 3438 cassatum
1110 3405 1142 3438 5„

359 3449 466 3490 Christ.
485 3453 565 3492 Lupi
579 3454 678 3491 Opera
689 3452 722 3481 T.
735 3453 785 3482 VI.

1302 299 1511 342 Imperatoris
1521 302 1712 336 consensum
1726 307 1920 348 requirendo
1931 320 1988 351 pro
2012 309 2129 343 Ponti·

1301 349 1371 383 ficis
1384 350 1542 384 elestione
1556 349 1573 380 ἓ
1970 356 2044 404 318,
2061 371 2087 394 1.
2102 371 2124 395 2

1251 400 1412 433 Nicolaus
1423 399 1463 434 de
1473 399 1558 433 Cusa
1569 398 1744 443 Presbyter
1755 404 1935 440 Cardinalis
1947 406 2123 452 Indulgen-

1299 451 1359 483 tias
1372 451 1436 483 fine
1448 450 1583 494 pecunia
1595 448 1790 484 obtinendas
1802 454 2001 490 laudabiliter
2023 457 2125 491 distri-

1299 499 1369 533 buit
1382 525 1388 531 .
2012 518 2087 554 307
2104 518 2120 543 1

1249 550 1411 585 Nicolaus
1421 550 1585 594 Rigaltius
1596 550 1721 585 fallitur
1733 550 1768 584 in
1789 553 1988 594 expolitione
2014 566 2123 590 textus

1297 600 1499 635 Tertulliani
1519 625 1526 633 .
2013 607 2123 643 2662

1246 652 1275 684 S.
1287 648 1469 684 Norbertus
1483 651 1661 684 Canonicae
1674 652 1745 685 vitae
1756 661 1934 695 reparator.
1952 652 2039 701 381.
2054 657 2124 689 An-

1295 710 1346 735 tea
1359 701 1462 734 fuerat
1477 699 1691 735 nobiliffirnus
1702 725 1714 741 ,
1741 713 1778 735 ac
1791 703 2048 746 opulentissimus
2059 706 2122 738 Ca-

1296 751 1437 785 nonicus
1453 751 1674 784 Colonienfis.
2040 753 2117 787 ibid.

1246 802 1447 836 Nortmanni
1460 800 1752 846 inQuadragesima
1766 813 1833 835 non
1848 800 2032 837 bellabant.
2045 814 2122 851 337.

1298 861 1325 886 1.
1340 851 1372 885 A
1383 851 1549 894 Gregorio
1562 850 1797 895 VII.rogantur
1807 852 1852 885 ob
1865 863 2038 887 extremam
2052 854 2121 888 Ro-

1292 912 1395 934 manae
1408 901 1556 934 Ecclefiae
1565 900 1780 934 neceffitatem
1794 902 2024 945 dispensatorie
2034 902 2118 937 hanc

1292 952 1447 993 pietatem
1460 951 1654 993 interpolare
1667 975 1674 982 .
1703 951 1787 985 Ibid.
1813 953 1891 999 Qa
1915 953 2042 986 ratione
2064 964 2119 988 vo-

1293 1001 1413 1037 luerint
1430 1012 1506 1035 cum
1523 1000 1674 1037 Henrico
1696 1001 1894 1046 Imperatore
1919 1002 2117 1037 convenire.

1341 1063 1371 1098 7.
1382 1064 1413 1089 2-

1245 1063 1455 1137 N03viuianus
1467 1103 1615 1137 interfuit
1628 1102 1809 1137 condendis
1821 1103 1969 1138 Decretis
1980 1104 1997 1138 ὲ
2011 1105 2121 1147 Syno-

1291 1153 1336 1186 do
1349 1154 1500 1187 Romana
1514 1164 1649 1187 vacante
1670 1154 1769 1187 Sede.
1794 1165 1873 1202 273.
1894 1167 1919 1189 1.
1942 1154 2120 1197 Proprium

1291 1203 1452 1246 judicium
1473 1203 1581 1246 postea
1604 1204 1795 1247 impugnat.
1822 1215 1898 1252 273.
1921 1215 1950 1238 2.
1978 1204 2119 1238 Idolola—

1292 1254 1358 1287 triae
1369 1253 1490 1287 crimen
1503 1253 1599 1286 docet
1613 1265 1667 1296 per
1682 1255 1919 1298 Evangelicam
1946 1254 2052 1298 legem
2073 1264 2119 1286 re-

1294 1304 1454 1337 servatum
1465 1303 1527 1337 effe
1539 1304 1668 1336 Divina>¹
1688 1304 1870 1346 Maiestati.
1899 1303 1980 1337 Ibid.
2002 1305 2038 1337 In
2067 1305 2119 1338 Se-

1291 1351 1365 1387 dern
1376 1352 1565 1387 Romanam
1578 1353 1595 1386 a
1606 1353 1739 1387 fastiofis
1749 1354 1891 1386 intrusus
1901 1378 1908 1385 .
1938 1352 2020 1386 Ibid.
2033 1353 2119 1388 Vult

1292 1402 1417 1438 Orbem
1428 1413 1616 1447 peragrare,
1644 1404 1677 1437 δε
1691 1403 1813 1447 ubique
1842 1403 2021 1446 Episcopos
2040 1414 2119 1437 con-

1290 1455 1409 1488 secrare
1421 1479 1429 1486 .
2003 1464 2081 1500 271-
2098 1467 2114 1492 1

1241 1501 1395 1538 Novatus
1407 1505 1490 1538 circa
1503 1503 1730 1548 Indulgentias
1742 1504 1913 1547 quomodo
1935 1504 2087 1537 erraverit
2101 1506 2118 1537 2

1288 1564 1366 1601 273.
1391 1566 1422 1591 2.
1450 1554 1509 1588 Ob
1540 1555 1680 1587 crimina
1701 1553 1895 1599 degradatus
1922 1554 2118 1597 Episcopus.

1289 1614 1369 1651 274.
1383 1614 1410 1638 1.
1425 1604 1591 1649 Degradat
1604 1604 1808 1647 Cyprianum
1821 1629 1829 1643 ‚
1840 1605 1919 1638 &in
1930 1603 1996 1647 ejus
2008 1604 2119 1638 locum

1288 1653 1430 1688 intrudit
1443 1653 1784 1688 Fortunatum.1bid.
1795 1654 1927 1688 Turbat
1938 1654 2036 1688 etiam
2050 1653 2122 1689 Ro-

1288 1714 1422 1738 manam
1434 1703 1610 1738 Ecclesiam
1624 1730 1632 1736 .
2040 1704 2118 1738 ibid.

1237 1749 1391 1784 Novatus
1414 1754 1448 1785 &
1471 1752 1682 1787 Novatianus
1698 1754 1829 1797 pessime
1847 1752 2097 1789 confunduntur
2109 1784 2118 1792 ,

1285 1799 1367 1832 lbid.
1383 1800 1465 1833 Non
1480 1812 1707 1835 convenerunt
1724 1803 1757 1835 in
1771 1804 1931 1846 dogmate
1944 1817 1954 1834 .·
2006 1815 2083 1852 274,
2096 1819 2118 1843 2

1235 1849 1387 1883 Novatus
1400 1850 1647 1893 poenitentiam,
1675 1852 1706 1884 δε
1719 1853 1970 1885 satisfaetionem
1983 1865 2117 1890 omnem

1284 1898 1407 1944 rejicit.
1440 1899 1522 1933 Ibid.
1536 1899 1649 1933 Tollit
1663 1900 1932 1946 Exomologesim
1945 1925 1955 1940 ‚
1980 1903 2115 1949 &lapsis

1282 1947 1361 1983 citra
1387 1959 1523 1983 omnem
1563 1951 1816 1984 satisfatiionem
1840 1977 1850 1991 ,
1888 1963 1955 1985 non
1983 1963 2114 1989 tantum

1281 1998 1565 2032 communionem
1578 2024 1588 2038 ,
1604 2000 1655 2032 sed
1669 2000 1769 2033 etiam
1784 2000 2023 2036 Eucharistiam
2036 2018 2114 2039 con-

1280 2046 1384 2081 cedit.
1409 2058 1491 2093 275.
1507 2060 1532 2083 1.
1547 2047 1712 2082 Omnibus
1729 2050 1817 2091 lapsis
1829 2050 1960 2092 plenam
1977 2053 2113 2098 largitur

1278 2096 1527 2140 indulgentiam
1537 2120 1544 2127 .
1576 2096 1657 2129 lbid.
1670 2097 1826 2139 Ejusdem
1847 2100 2013 2143 Discipuli
2030 2105 2112 2138 dire-

1276 2148 1339 2180 ἅτις
1362 2145 1403 2179 ad
1426 2146 1606 2188 Episcopos
1631 2146 1751 2179 litteras
1773 2147 1941 2190 rapiebant
1955 2175 1965 2190 ‚
1994 2155 2112 2189 resera.

1276 2195 1355 2231 bant
1368 2221 1378 2236 ,
1403 2194 1663 2238 exequebantur.
1691 2201 1771 2243 276.
1804 2207 1828 2230 1.
1856 2196 1982 2232 Novati
2010 2204 2109 2239 factio

1277 2247 1403 2282 videtur
1414 2246 1499 2281 intra
1509 2245 1610 2281 solam
1620 2244 1918 2291 Carthaginensem
1932 2249 2108 2291 Ecclesiam

1274 2297 1408 2342 grassata
1421 2321 1427 2330 .
1994 2308 2071 2349 276>
2083 2317 2105 2341 2

1226 2347 1366 2390 Nuptias
1377 2355 1506 2389 quartas
1517 2346 1555 2381 ad
1568 2346 1800 2383 fornicationes
1813 2349 1933 2393 semper
1970 2354 2104 2394 proscri«

1275 2398 1334 2443 psit
1348 2396 1524 2432 Orientalis
1538 2398 1692 2433 Ecclesia.
1991 2413 2069 2449 290.
2082 2416 2102 2442 2

1628 2503 1668 2537 O.

1314 2601 1478 2637 Blationis
1490 2601 1521 2635 in
1535 2602 1634 2637 Missa
1648 2602 1725 2638 ritus
1736 2603 1821 2647 apud
1837 2604 2004 2650 antiquos.
2022 2618 2092 2647 102·

1335 2667 1356 2687 1.
1371 2653 1578 2687 offerebatur
1591 2653 1682 2696 panis
1698 2678 1708 2693 ‚
1733 2654 1766 2687 &
1779 2655 1892 2689 vinum
1905 2658 2092 2693 consecran-

1267 2704 1345 2737 dum
1355 2729 1362 2735 .
1394 2703 1477 2737 Ibid.
1493 2702 1655 2737 Oblatum
1681 2715 1797 2748 panem
1821 2705 1960 2750 quisque
1984 2712 2096 2743 conse⁴

1266 2762 1389 2787 eratum
1401 2753 1572 2795 recipiebat
1585 2778 1592 2784 .
1990 2768 2059 2795 102.
2072 2772 2093 2796 2

1215 2804 1355 2838 Oblatio
1369 2804 1482 2846 populi
1505 2803 1545 2836 ad
1570 2802 1674 2837 Miffae
1695 2805 1886 2840 sacrificium
1905 2807 2086 2852 antiquissi-

1267 2866 1317 2887 ma
1330 2852 1397 2889 108.
1413 2855 1445 2887 ὃς
1458 2855 1518 2894 seq.
1533 2853 1588 2885 Est
1601 2854 1681 2887 ritus
1695 2854 1910 2899 Apostolicus
1924 2881 1931 2888 .
2010 2858 2085 2892 ibid.

1213 2903 1350 2938 Oblatio
1358 2904 1505 2938 fidelium
1514 2914 1582 2937 non
1595 2902 1691 2937 fiebat
1706 2906 1763 2938 nisi
1778 2905 1848 2949 post
1857 2905 1972 2948 ejestos
1994 2907 2089 2942 Cate-

1264 2953 1449 2988 chumenos
1463 2980 1470 2986 .
1993 2967 2060 3005 103.
2073 2971 2084 2993 1

1213 3004 1350 3040 Oblatio
1363 3004 1527 3038 Fidelium
1538 3003 1621 3038 olim
1630 3004 1729 3039 fiebat
1742 3004 1782 3039 ad
1795 3003 1911 3038 Altare
1922 3031 1932 3047 ‚
1959 3007 2056 3040 etiam
2066 3010 2086 3043 ὲ,

1265 3054 1426 3088 foeminis.
2005 3058 2083 3093 ibid.

1211 3103 1401 3139 Oblationis
1412 3104 1605 3145 ritus,etiam
1618 3104 1703 3148 apud
1717 3105 1863 3146 Latinos,
1877 3105 1990 3139 varius.
2001 3119 2084 3156 ¹05⁴

1211 3155 1428 3189 Oblationcm
1437 3179 1448 3195 ,
1473 3167 1544 3198 quae
1553 3155 1702 3189 mulieres
1713 3155 1795 3189 olim
1821 3160 2085 3199 praeparaverint?

1259 3203 1334 3239 ibid.

1210 3254 1428 3289 Oblationcm
1441 3254 1633 3298 quibusdam
1646 3254 1727 3289 locis
1737 3254 1873 3300 quisquc
1887 3257 1944 3293 fibi
1967 3271 2082 3304 praepa-

1261 3304 1351 3338 rabat
1361 3329 1368 3337 .
2002 3309 2081 3343 ibid.

1209 3354 1348 3389 Oblatio
1361 3355 1495 3397 quando
1507 3355 1592 3400 apud
1604 3356 1741 3389 Latinos
1751 3355 1770 3389 a
1781 3356 1856 3391 solis
1863 3356 1999 3393 Clericis
2010 3371 2081 3403 prae-

1259 3407 1390 3449 parata?
1972 3417 2042 3455 ¹05·
2057 3421 2079 3446 2

1560 3455 1600 3489 M
1627 3466 1661 3490 m
1709 3465 1733 3502 4
1932 3457 2031 3493 Obla-
