2372 3756
165 463 235 501 Car.
253 472 281 500 7.

144 2946 177 2975 L.

147 2993 190 3018 Σὲ·

199 2949 225 2975 8.
251 2953 276 2974 c.

417 151 433 181 Ι
446 152 474 182 0

339 215 377 253 in
401 149 512 252 versu4
516 213 558 251 de
581 212 685 251 Missa,
704 215 869 261 Mysterio
882 218 992 254 scribit
1002 219 1133 254 Sanetus
1145 216 1222 251 Hil-

757 134 800 179 S.
837 125 1149 181 Gateoitri
1191 142 1421 178 sepum
1457 134 1824 187 P0NT11=1ms

1280 228 1313 250 te
1334 224 1437 250 tuum.
1462 216 1508 250 Et
1528 215 1570 251 de
1591 217 1705 252 Sancta
1727 201 1935 262 imperatrice
1957 221 2163 271 Cunigunde

339 267 489 302 debertus
501 265 681 311 Episcopus
692 267 948 303 Cenomanensis
963 282 972 302 ι
998 274 1074 302 Hinc
1094 267 1131 309 est
1144 268 1223 310 quad
1281 265 1379 300 habet
1390 265 1475 310 apud
1491 266 1648 310 Jacobum
1660 268 1856 303 Gretz'erum
1878 274 1989 308 auctor
2011 275 2164 321 incogni-

335 317 399 360 post
410 316 472 351 baec
480 316 566 357 offirt
586 315 743 360 servanda
763 318 897 361 Minister
918 320 1020 360 dona,
1044 318 1148 353 debinc
1169 325 1220 359 po·
1278 324 1351 350 tus:
1378 316 1443 356 Post
1452 317 1608 350 temonem
1627 321 1792 363 Evangelii
1804 318 1858 363 suo
1873 319 1996 363 solemni
2013 336 2093 359 more
2111 325 2163 369 sa.

335 367 427 408 pulus
437 367 518 409 quod
519 364 574 407 fibi
582 368 645 411 lege
662 369 750 402 licet.
777 369 823 402 Et
847 368 883 401 in
910 367 1062 404 Ecclesiae
1087 367 1219 411 speculo
1278 367 1451 408 crificatura
1462 368 1620 400 accedebat
1632 370 1678 401 ad
1687 371 1804 402 Altare,
1828 369 1886 404 Ad
1910 382 2045 414 vocem,
2070 377 2166 408 sacri-

338 416 444 461 Hugo
467 415 507 450 de
526 418 644 452 Sancto
665 417 819 452 Victore:
846 419 987 452 sacerdos
1006 418 1121 464 statim*
1136 415 1219 457 offert

336 467 415 499 dona
433 465 632 508 consecranda
646 491 658 508 ,
683 468 718 501 <5
744 466 815 499 hinc
839 478 963 501 munera
984 467 1042 511 fita
1066 468 1214 510 populus.

336 517 419 565 Qae
432 517 568 551 varietas
580 527 647 550 non
669 517 705 550 in
727 517 831 551 varios
852 517 1065 552 Ecclefiarum
1088 526 1215 556 mores,

334 567 438 601 sedin
463 568 589 601 varium
609 565 788 609 disciplinae
814 577 942 610 tempus
962 568 1008 601 est
1027 565 1193 601 referenda
1206 591 1213 598 .

334 616 523 657 Hildeberti
536 616 625 649 enirn
637 625 784 659 tempore
795 627 864 651 non
878 617 1018 661 amplius
1032 627 1086 660 per
1108 615 1218 649 Sacer-

332 667 445 702 dotem
460 665 681 700 consecranda
692 666 785 710 panis
797 667 832 700 ὅ(
843 665 959 701 vinum
971 692 982 708 ‚
1008 665 1063 700 sed
1087 664 1212 698 denarii

331 726 496 760 coeperant
518 715 627 750 offerri
649 715 668 750 a
689 716 814 760 populo
835 739 846 756 ,
874 716 1013 760 ideoque
1032 714 1212 750 oblationis

329 767 481 801 ordinem
494 765 638 800 omuino
646 767 805 801 convenit
817 767 936 800 mutari
950 791 956 799 .

378 816 483 864 Quid
493 818 593 851 etiam
605 817 688 851 eirca
698 816 858 850 offerendi
874 816 984 850 locum
1011 826 1048 851 ac
1071 813 1209 854 modum

328 866 411 902 olim
433 867 530 901 fuerit
553 867 658 900 multa
682 867 817 900 varietas
840 889 852 906 ,
878 865 1208 900 ostendunt.laudata

327 917 492 952 Amalarii
514 915 630 951 verba:
657 914 774 956 Tranfit
784 917 925 949 sacerdos
947 918 993 949 ad
1003 914 1208 959 suscipiendas

327 967 489 1001 oblationes
514 990 522 997 .
561 963 672 999 Prima
695 965 869 1008 disciplina
902 966 1028 1001 videtur
1048 967 1206 1010 populum

326 1017 477 1058 usquead
489 1014 596 1058 ipsum
611 1013 727 1049 Altare
738 1015 896 1050 admisisse
907 1040 916 1048 .
945 1014 1077 1051 Etenim
1091 1019 1125 1050 in
1140 1018 1207 1051 sex-

325 1075 361 1099 ta
382 1074 496 1100 contra
521 1064 648 1110 Judaeos
673 1062 815 1100 homilia
843 1066 1005 1101 exclamat
1033 1066 1205 1100 adversum

324 1116 479 1160 profanos
501 1114 776 1159 phylacteriorum
803 1115 967 1151 usitatores
993 1118 1131 1152 Sanctus
1154 1118 1204 1160 Jo-

326 1176 428 1200 annes
448 1163 723 1208 Chrysostomus:
748 1168 823 1209 ,Qua
833 1166 1006 1210 conscientia
1025 1169 1203 1211 ingredieris

325 1214 483 1257 Ecclesiam
495 1217 510 1249 ἒ
534 1215 658 1259 ,Quibus
670 1216 756 1249 oculis
770 1217 888 1250 videbis
900 1218 1105 1251 Sacerdotem?
1131 1219 1204 1260 ,Qua

324 1277 414 1299 manu
435 1264 556 1308 sacram
573 1271 705 1310 attinges
727 1266 860 1310 mensam
881 1268 901 1299 ,ἲ
938 1267 1066 1301 Lucide
1092 1267 1200 1300 laudat

322 1316 526 1350 oblationem
554 1317 668 1359 populi
692 1340 703 1356 ‚
730 1326 829 1361 atque
858 1316 903 1351 ita
926 1319 1033 1351 asserit
1054 1317 1142 1350 hune
1164 1315 1202 1350 ad

323 1366 428 1409 ipsum
443 1365 556 1401 Altare
566 1365 721 1401 obtulisse
734 1391 742 1399 .
771 1367 849 1401 Alia
864 1368 942 1400 item
957 1367 1070 1410 populi
1084 1368 1123 1400 ad
1137 1367 1203 1400 Ga-

320 1413 577 1459 zophylacium‚
603 1417 668 1450 alia
679 1415 721 1450 ad
744 1414 859 1451 Altare
880 1416 974 1450 fuisse
998 1414 1129 1455 oblata,
1154 1418 1200 1450 su-

319 1466 376 1508 pra
387 1463 602 1500 audivimusa
622 1474 737 1509 quarta
759 1464 901 1508 synodo
924 1465 1176 1511 Carthaginensi
1194 1492 1200 1498 .

319 1514 365 1548 Et
377 1515 546 1559 vulgares,
572 1525 655 1557 quos
665 1513 820 1558 antiquos
846 1517 910 1550 esse
932 1516 1083 1557 constat,
1109 1516 1201 1560 Apo-

318 1564 478 1599 stolorum
491 1563 649 1599 Canones
659 1565 861 1601 frumenti&
874 1577 1009 1600 uvarum
1034 1566 1201 1601 primitias

318 1615 516 1658 permittunt
528 1615 636 1648 offerri
648 1615 681 1649 in
696 1616 766 1657 ipso
778 1614 905 1650 Altari:
936 1616 1075 1664 Qanto*
1100 1618 1200 1661 igitur

316 1665 423 1709 tnagis
432 1664 649 1699 consecranda
658 1676 776 1708 panem
789 1665 825 1699 ἃς
836 1667 980 1700 vinum?
1005 1667 1111 1714 Qod
1134 1668 1199 1701 Im-

317 1725 448 1758 perator
458 1712 670 1748 Theodosius
683 1739 694 1756 ,
722 1726 789 1749 non
804 1715 910 1750 solnm
919 1715 995 1751 Con
1001 1716 1066 1750 stan
1072 1716 1199 1760 tinopo·

317 1765 342 1798 li
353 1790 365 1806 ‚
390 1763 444 1805 sed
457 1765 557 1800 etiam
570 1764 775 1806 Mediolani,
802 1766 934 1801 intraret
946 1768 1128 1801 sacrarium
1146 1769 1198 1801 seu

316 1814 469 1850 chorum
491 1839 503 1855 ,
540 1816 574 1850 &
595 1814 650 1859 ipsi
670 1815 776 1851 Altari
805 1817 860 1850 sua
882 1817 970 1851 dona
993 1817 1200 1861 imponeret,

316 1865 474 1900 testantur
484 1863 764 1902 Theodoretus&
791 1865 946 1902 Hermias
971 1865 1198 1903 Zozomenus.

315 1916 560 1959 Hinc&ipsius
576 1915 718 1952 absentis
740 1918 895 1953 vicariam
921 1918 1102 1962 Epistolam
1123 1919 1198 1955 San*

315 1967 384 2000 ecus
396 1966 588 2001 Ambrosius
606 1968 711 2010 posuit
737 1969 769 2002 in
793 1969 862 2012 ipso
887 1968 1010 2004 Altari.
1043 1970 1087 2005 Et
1109 1970 1198 2005 illius

313 2028 357 2051 ex
370 2017 440 2051 filio
453 2028 554 2061 nepos
567 2015 779 2053 Theodosius
792 2019 905 2055 scribit
917 2020 951 2055 in
977 2020 1047 2066 lege
1071 2021 1114 2055 de
1136 2021 1198 2056 Ec-

313 2067 410 2102 clefiae
422 2068 516 2110 asylo
530 2081 540 2101 :
565 2069 616 2100 Ad
622 2071 711 2101 sacra
725 2072 842 2102 Altaria
852 2082 1004 2104 munerum
1016 2072 1133 2103 tantum
1155 2070 1197 2112 of-

306 2117 505 2161 ferendorum
518 2116 606 2159 causa
618 2120 783 2151 accedimus
797 2142 808 2157 ,
834 2122 869 2152 Θ
888 2131 954 2152 cum
975 2120 1197 2162 circumseptum

312 2170 467 2201 Sacrorum
479 2167 596 2204 adytum
611 2167 832 2211 ingreffisumus
845 2193 856 2208 ‚
876 2169 980 2209 statim
1004 2171 1173 2212 egredimur
1184 2196 1195 2212 ,

313 2229 366 2250 uec
379 2218 544 2259 quidquam
554 2229 592 2250 ex
610 2224 785 2260 propinqua
807 2222 978 2252 Divinitate
998 2220 1082 2252 nobis
1106 2232 1190 2254 arro-

310 2279 420 2312 gamus
430 2291 437 2298 .
467 2266 509 2298 Et
524 2265 565 2299 de
575 2266 678 2309 seipso
691 2268 863 2302 Monacho
877 2270 1009 2304 Sanctus
1021 2269 1192 2314 Hierony·

313 2328 404 2351 mus:
434 2319 547 2348 Munus
558 2317 602 2349 ad
613 2319 715 2349 Altare
728 2318 828 2358 defero
841 2343 848 2350 .
877 2319 920 2353 Et
932 2320 1019 2353 filios
1032 2320 1106 2354 suos
1125 2331 1196 2353 mo-

315 2377 396 2401 nens
407 2367 523 2400 Sancta
535 2366 675 2400 Monica
686 2367 731 2399 est
745 2368 906 2404 obtestata
920 2382 927 2401 :
957 2373 1018 2403 Mei
1028 2369 1073 2401 ad
1089 2373 1190 2402 Domi-

314 2419 349 2450 m'
361 2418 461 2450 Altare
481 2421 696 2449 memineritis.
727 2418 771 2451 Et
794 2420 887 2452 omni
915 2418 1038 2462 populo
1062 2420 1194 2453 mandat

313 2467 453 2502 secunda
466 2466 619 2509 Synodus
630 2465 899 2502 Matisconenfis:
927 2472 1024 2502 sacris
1038 2469 1193 2502 Altaribus

313 2519 497 2551 admoveam
507 2515 631 2556 hosticis.
659 2517 702 2550 Et
715 2517 749 2550 in
762 2518 820 2553 suo
846 2519 1034 2561 Capitulari
1059 2519 1194 2553 santius

314 2565 562 2610 Theodulphus
576 2566 756 2609 Episcopus
770 2568 1030 2603 Aurelianensis:
1048 2572 1194 2603 Foeminae

314 2628 502 2660 nequaquam
512 2618 654 2650 accedant
665 2619 711 2650 ad
721 2620 845 2658 Altare,
864 2617 995 2661 sedsuis
1004 2620 1075 2652 locis
1100 2619 1191 2661 stent,

315 2670 349 2702 δ’
366 2669 405 2702 ibi
417 2671 435 2700 5
437 2669 554 2701 acerdos
563 2678 667 2700 earum
678 2667 837 2703 oblationes
846 2674 975 2710 accipiat
987 2695 994 2702 .
1020 2670 1187 2717 roirca

316 2718 377 2750 viri
389 2718 502 2752 Altare
513 2715 724 2751 accedebant.
744 2719 787 2752 Et
810 2719 851 2753 de
864 2719 1074 2754 Walderamo
1086 2744 1097 2759 ,
1122 2719 1194 2753 Bre-

318 2768 435 2801 mensis
448 2767 595 2800 Ecclesiae
610 2767 719 2801 Εἰεᾶο
730 2792 741 2808 ,
767 2780 805 2802 ac
816 2780 871 2812 per
881 2770 1116 2804 Innocentium
1129 2780 1188 2804 ter-

317 2817 402 2851 tium
435 2817 727 2851 excommunicato
750 2842 761 2856 ,
797 2818 906 2853 scribit
936 2819 971 2852 in
1004 2820 1192 2854 sclavorum

319 2866 493 2901 Chronico
506 2864 674 2900 Arnoldus
686 2866 797 2901 Abbas
814 2868 1027 2904 Lnbecensis:
1053 2872 1192 2903 Bremen-

316 2915 367 2962 [επ
391 2916 441 2949 hoc
461 2918 506 2949 ad
515 2924 628 2957 tempus
638 2917 832 2959 ignorabant,
856 2926 928 2961 quia
948 2921 1068 2953 litteras
1081 2919 1192 2962 Aposto-

319 2970 369 3001 (ἑοὶ
382 2977 464 3001 nemo
473 2971 514 2999 eis
519 2973 671 3010 porrigere
676 2966 879 3009 praesumebat
890 2994 900 3009 ‚
920 2971 1010 3005 donec
1017 2976 1051 3004 in
1061 2971 1191 3013 quadam

320 3018 407 3066 Mssa
415 3017 536 3059 publica
548 3018 568 3048 a*
587 3018 715 3058 quodam
728 3041 740 3057 ‚
758 3018 841 3059 quafi
857 3029 921 3052 cum
938 3025 1053 3054 caeterls
1074 3020 1191 3061 offeren-

1275 416 1403 458 ficatura
1418 441 1429 457 ,
1453 417 1604 452 laudatus
1626 419 1801 453 Gretzerus
1823 419 1906 454 reste
1928 423 2079 466 apposuit
2096 423 2160 460 hoc

1277 467 1459 511 marginale
1469 468 1628 502 Scholion
1643 482 1653 501 .·
1677 470 1863 503 oblationem
1865 471 1993 512 sallum
2004 499 2011 507 .

1327 516 1375 551 At
1389 517 1488 562 longe
1498 518 1588 552 aliud
1600 520 1705 552 sancit
1720 519 1903 554 Trullanus
1917 522 2036 556 Canon
2052 537 2063 557 .-
2083 524 2161 559 San·

1276 565 1321 600 cit
1344 566 1472 601 nullum
1496 567 1631 602 Laicum
1653 569 1834 604 oblationis
1853 581 1935 614 ergo
1965 573 2091 606 admitti
2115 580 2160 608 in-

1274 625 1327 649 tra
1352 618 1468 664 Altaria·
1484 616 1571 660 septa
1595 643 1607 660 ,
1640 619 1699 653 nisi
1735 620 1840 653 solum
1864 620 2097 664 Imperatorem
2118 635 2158 657 ex

1274 667 1473 709 antiqutffima
1491 669 1656 702 traditione
1670 694 1677 701 .
1698 669 1736 702 In
1764 669 1860 712 hujus
1883 671 2034 706 Canonis
2055 672 2158 708 Scho-

1275 716 1320 749 lio
1343 727 1399 759 per
1420 718 1497 751 sacri
1519 718 1643 752 Altaris
1664 720 1749 762 septa
1779 719 1924 754 intellexi
1935 722 2071 756 Sacrarii
2083 734 2159 758 can-

1271 766 1371 800 cellos
1382 790 1394 807 ,
1415 768 1470 802 seu
1492 775 1600 803 totum
1624 769 1829 804 Clericomm
1841 768 1991 806 Chorum
2005 797 2016 814 ‚
2042 773 2096 807 sed
2111 774 2158 807 vi-

1271 816 1350 851 deor
1370 816 1493 860 lapsus.
1522 817 1665 853 Videtur
1688 819 1943 865 intelligendum
1968 823 2075 856 solum
2100 823 2159 858 ci-

1272 864 1400 901 borium
1415 891 1424 901 .
1441 867 1538 902 Alios
1549 868 1638 902 enim
1648 870 1812 904 cancellos
1823 872 2003 906 Sacrarium
2017 871 2133 907 habuit
2144 897 2155 913 ,

1270 914 1351 950 alios
1370 916 1504 952 Altare.
1532 918 1577 952 Et
1590 919 1779 953 Graecorum
1804 921 1948 956 Ecclesia
1977 921 2155 966 Imperato-

1270 975 1336 1000 rem
1358 965 1442 1001 intra
1462 967 1561 1008 istos,
1588 980 1656 1002 non
1685 969 1785 1004 solius
1798 969 1996 1010 oblationis,
2024 972 2079 1007 sed
2105 982 2156 1007 to·

1269 1016 1333 1050 tius
1347 1016 1574 1051 Diviniofficii
1589 1027 1734 1062 tempore
1756 1019 1884 1055 admisit
1906 1033 1950 1055 ex
1976 1021 2155 1066 antiquiffi-

1268 1075 1320 1100 ma
1331 1066 1508 1101 traditione
1519 1091 1526 1099 .
1546 1065 1650 1115 Qod
1662 1077 1773 1102 autem
1783 1068 1886 1111 ipsum
1898 1072 2090 1107 offerentem
2104 1073 2154 1107 in·

1267 1125 1315 1149 tra
1325 1115 1431 1159 ipsum
1455 1116 1630 1152 Ciborium
1641 1118 1813 1153 admittere
1822 1120 1862 1153 sit
1871 1122 1970 1155 etiam
1996 1123 2153 1167 antiquis-

1268 1165 1347 1200 sima
1358 1166 1493 1201 traditio
1508 1191 1519 1208 ,
1544 1164 1776 1202 demonstrata
1799 1169 2018 1205 Theodoreto
2041 1172 2152 1206 lauda·

1266 1226 1335 1249 tum
1359 1217 1466 1251 Sanfti
1480 1217 1589 1252 Basilii
1613 1213 1756 1253 fastumi
1783 1222 1950 1262 Imperator
1972 1221 2082 1254 Valens
2107 1222 2151 1254 ad

1268 1269 1415 1299 Divinum
1433 1269 1576 1308 templum
1589 1273 1675 1302 venit
1686 1293 1697 1309 ,
1724 1272 1830 1311 Magni
1855 1269 1961 1312 Bafilti
1981 1271 2150 1305 doHrinam

1261 1312 1411 1356 suscepit,
1437 1317 1471 1349 ἐν
1485 1318 1583 1349 altari
1603 1316 1739 1359 consueta
1766 1329 1888 1352 munera
1910 1320 2033 1355 obtulit.
2060 1323 2149 1365 ,Quin

1263 1368 1352 1397 etiam
1363 1370 1448 1397 intra
1455 1363 1545 1407 sacra
1555 1367 1625 1399 vela
1633 1390 1644 1406 ‚
1669 1366 1721 1399 ubi
1726 1365 1850 1408 sedebat
1863 1393 1875 1409 ,
1899 1372 2053 1403 advocans
2068 1370 2160 1413 Rufi--

1262 1416 1321 1447 lirls
1333 1416 1428 1447 multa
1444 1417 1480 1447 de
1495 1419 1622 1449 Divinis
1632 1415 1721 1450 rebus
1731 1416 1827 1450 verba
1844 1417 1925 1460 fecit
1936 1442 1947 1459 ,
1972 1418 2070 1462 ipsum
2090 1424 2148 1454 Va·

1261 1465 1325 1497 lem
1336 1463 1515 1507 auscultavit
1529 1490 1536 1497 .
1564 1465 1695 1499 Textus
1704 1468 1878 1510 originalis
1888 1466 1986 1504 habet
1997 1494 2009 1511 ‚
2035 1473 2072 1502 In
2086 1468 2148 1512 ipso

1264 1515 1451 1548 Altartdona
1462 1514 1567 1548 obtulit
1585 1539 1598 1556 ‚
1622 1515 1770 1559 adeoque
1781 1515 1815 1549 in
1832 1516 1904 1560 ipso
1918 1518 2059 1553 Ciborio
2075 1544 2083 1552 .
2103 1519 2147 1554 Et

1261 1565 1301 1597 fic
1315 1576 1395 1598 tunc
1420 1566 1654 1600 consueverant
1678 1565 1907 1609 Imperatores.
1935 1568 2040 1616 Qod
2061 1568 2145 1604 insu-

1262 1615 1411 1657 per-intra
1424 1616 1510 1649 sacra
1525 1616 1572 1649 sui
1585 1614 1698 1650 throni
1711 1616 1747 1650 ὃς
1770 1616 1893 1651 Altaris
1914 1619 1986 1653 vela
2007 1617 2146 1654 Basilius

1263 1666 1363 1706 ipsum
1387 1665 1552 1699 admiserit
1576 1690 1588 1707 ‚
1613 1666 1677 1699 fuit
1701 1666 1870 1710 singularis
1891 1669 2016 1711 gratia.
2043 1668 2145 1704 Istam

1259 1714 1532 1749 consuetudinem
1544 1716 1638 1750 fuisse
1651 1715 1710 1748 soli
1721 1714 1878 1761 Augusto
1889 1717 2037 1762 principi
2061 1728 2143 1753 tunc

1262 1765 1422 1808 propriam
1437 1788 1448 1807 ,
1475 1769 1509 1799 in
1522 1764 1651 1800 laudata
1663 1765 1736 1810 lege
1757 1767 1895 1801 affirmat
1918 1767 2026 1802 lucide
2041 1769 2143 1803 etiam

1258 1815 1370 1859 junior
1388 1813 1600 1850 Theodosius
1613 1840 1624 1856 ,
1650 1816 1744 1859 cujus
1754 1818 1898 1851 notanda
1909 1819 1984 1852 sunt
1996 1817 2063 1853 haec
2077 1824 2143 1853 ver-

1261 1866 1322 1900 ba:
1349 1869 1417 1900 Nec
1425 1867 1588 1909 quidquam
1611 1878 1649 1900 ex
1663 1874 1835 1909 propinqua
1860 1871 2035 1903 Divinitate
2056 1869 2143 1902 nobis

1259 1927 1429 1960 arrogamus
1444 1942 1450 1949 .
1479 1916 1632 1953 Affirmat
1644 1917 1822 1952 Ciborium
1833 1920 1896 1952 esse
1909 1917 2141 1953 sanetiffimum

1258 1969 1362 2002 totius
1388 1966 1537 2003 Ecclesiae
1564 1969 1675 2004 locum
1698 1992 1710 2010 ‚
1747 1967 1978 2013 propriumque
2004 1968 2138 2003 Divinae

1259 2017 1440 2062 Maiestatis
1462 2016 1620 2054 thronum
1643 2044 1655 2061 ,
1691 2018 1760 2062 ejus
1784 2018 1993 2064 ingrediendi
2013 2018 2143 2062 privile-

1257 2069 1349 2113 gium
1367 2069 1430 2103 esse
1456 2070 1541 2103 inter
1561 2069 1682 2104 Laicos
1704 2069 1765 2102 soli
1788 2069 1945 2114 Augusto
1969 2067 2142 2112 principi,

1257 2120 1414 2152 &tamen
1427 2119 1531 2161 ipsum
1547 2131 1616 2153 non
1638 2119 1725 2161 posse
1746 2130 1906 2153 armatum
1927 2129 2076 2163 apparere
2105 2118 2141 2152 in

1260 2169 1400 2202 Ecclesia
1422 2193 1433 2209 ‚
1459 2168 1599 2213 ideoque
1620 2167 1719 2213 longe
1741 2167 1850 2203 minus
1868 2167 2023 2212 cuiquam
2044 2168 2138 2203 alteri

1259 2219 1372 2252 licere.
1402 2218 1454 2251 Ex
1477 2228 1557 2251 tunc
1583 2219 1771 2252 Graecorum
1784 2219 1926 2261 populus
1938 2217 2140 2252 servabatof-

1257 2266 1380 2301 ferendi
1395 2266 1552 2304 modum,
1579 2277 1675 2307 quem
1702 2267 1736 2299 in
1762 2267 1816 2300 sua
1839 2267 1996 2311 Liturgiae
2014 2267 2139 2309 exposi-

1256 2310 1349 2351 tione
1362 2314 1471 2350 laudat
1484 2316 1644 2350 Nicolaus
1657 2314 1839 2351 Cabasilas:
1867 2319 1955 2349 Dona
1962 2314 2021 2359 sua
2028 2316 2138 2359 fideles

1256 2373 1287 2399 in
1301 2366 1440 2399 manibus
1453 2365 1801 2407 sacerdotumponebant
1812 2389 1824 2406 ,
1849 2365 1883 2398 bt
1893 2363 2139 2409 autemsuscipte·

1256 2418 1353 2456 bant,
1379 2415 1608 2456 &offerebanm
1636 2417 1689 2449 vel
1701 2414 1931 2458 sacrificabant.
1961 2414 2138 2450 Ponebant

1256 2466 1443 2501 Sacerdotes
1457 2466 1491 2498 in
1508 2467 1679 2500 Diaconio
1690 2489 1701 2505 ,
1725 2466 1759 2499 ἀ
1770 2465 1891 2499 exinde
1903 2465 1944 2500 ad
1957 2464 2073 2499 Altare
2094 2466 2139 2500 ai-

1257 2519 1320 2550 lata
1330 2514 1562 2550 consecrabant
1577 2541 1584 2548 .
1612 2515 1694 2550 Non
1717 2515 1817 2560 igitur
1842 2515 2017 2550 Ciborium
2041 2516 2138 2550 intra-

1258 2568 1310 2601 bat
1325 2567 1462 2609 populus
1475 2591 1485 2606 ‚
1512 2565 1566 2600 sed
1576 2566 1661 2600 circa
1673 2566 1738 2608 ejus
1749 2565 1913 2599 cancellos
1923 2565 1964 2599 ad
1985 2565 2138 2600 Sacerdo-

1256 2618 1296 2650 tis
1306 2626 1440 2650 manum
1451 2615 1627 2650 offerebat·
1655 2614 1758 2663 Qod
1783 2626 1894 2650 tamen
1918 2626 1987 2648 non
2014 2614 2136 2657 ubique

1255 2667 1295 2700 sic
1307 2667 1415 2706 fieret,
1443 2666 1567 2700 evincit
1582 2666 1671 2709 supra
1686 2664 1836 2699 laudatus
1847 2664 2059 2698 locusSansti
2085 2665 2137 2708 Jo-

1256 2718 1352 2751 annis
1376 2715 1607 2759 Chrysostomi
1627 2743 1635 2749 .
1672 2714 1881 2750 pedetentim
1904 2714 2044 2748 invaluit
2067 2713 2135 2749 haec

1254 2766 1395 2801 mutatio
1416 2790 1428 2806 ,
1453 2765 1542 2807 cujus
1568 2774 1749 2800 accuratam
1772 2763 1939 2809 originem
1961 2764 1995 2799 δε
2017 2765 2136 2799 succes·

1228 2848 1230 2850 ,
1254 2819 1324 2852 sum
1335 2817 1524 2861 ignoramus
1535 2841 1547 2861 x.

1301 2866 1469 2901 offerendi
1484 2866 1622 2900 modum
1632 2865 1729 2900 etiam
1740 2863 1805 2907 jam
1817 2863 1939 2908 pridem
1961 2862 2046 2907 apud
2072 2863 2133 2899 La-

1252 2915 1340 2951 tinos
1366 2917 1459 2950 fuisse
1483 2925 1644 2951 mutatum
1668 2916 1766 2949 docet
1798 2916 1832 2947 in
1854 2915 2022 2958 originum
2041 2913 2133 2948 libris

1250 2969 1385 3003 sanstus
1395 2967 1531 3001 Isidorus
1543 2965 1815 3009 Archiepiscopus
1828 2963 2027 3014 Hispalensis
2040 2977 2047 2996 ι
2058 2964 2131 2997 sub-

1251 3019 1366 3052 diaconi
1388 3017 1546 3050 oblationes
1568 3021 1600 3049 in
1622 3016 1733 3057 templo
1754 3017 1811 3047 Dei
1836 3016 1857 3046 ἃ
1875 3013 2015 3056 fidelibus
2039 3011 2131 3057 susci-

2168 1366 2198 1396 L.
2217 1377 2246 1403 4.
2265 1375 2295 1397 c.

2174 1408 2215 1435 16.

2156 2396 2227 2437 Cap.
2248 2406 2274 2433 ς.

1248 3075 1337 3110 piant
1361 3092 1371 3107 ,
1408 3069 1443 3101 (⁴5
1470 3071 1588 3100 Levitis
1605 3063 1846 3107 superponendas
1874 3064 2027 3096 altaribus
2049 3049 2226 3117 dere-1⁸2⁷
2245 3059 2272 3080 ε’

1250 3126 1322 3152 runt
1334 3142 1341 3149 .
1370 3116 1473 3164 Quod
1487 3115 1590 3158 ipsum
1603 3115 1747 3149 scribunt
1761 3113 1947 3148 Amalarius
1970 3113 2127 3148 Fortuna·
2143 3129 2176 3158 L,
2196 3139 2221 3157 2,
2240 3137 2268 3159 c,

1250 3179 1324 3206 tus,
1351 3166 1506 3200 Rabanus
1517 3165 1668 3205 Maurus,
1700 3164 1877 3199 necnon&
1900 3165 2001 3207 prima
2023 3164 2124 3206 Syno·
2148 3178 2190 3197 ιι.

1250 3220 1309 3252 dus
1322 3215 1605 3261 Aquisgranensis.
1636 3215 1802 3250 Mandant
1826 3225 1895 3248 non
1916 3213 2072 3257 populum
2085 3211 2126 3248 ad
2143 3208 2172 3236 L·
2199 3217 2221 3236 ¹·
2246 3215 2272 3238 ί·

1250 3269 1383 3307 Altare,
1412 3263 1700 3300 sedSubdiaconos
1710 3266 1749 3299 ad
1774 3262 1931 3308 populum
1956 3262 2126 3303 accedere,
2144 3256 2221 3315 [bl
2251 3295 2278 3316 c·

1248 3319 1280 3353 ὃς
1294 3315 1497 3362 quemquein
1510 3315 1654 3349 suoloco
1665 3316 1797 3349 offerre.
1826 3312 2067 3348 Aurelianensis
2079 3322 2128 3346 ta·
2147 3328 2173 3354 6.
2197 3334 2226 3358 7·

1248 3380 1323 3402 men
1351 3364 1499 3401 Ecclefiae
1533 3375 1659 3399 morem
1680 3366 1774 3399 fuisse
1797 3372 1972 3403 utcumque
1995 3361 2098 3395 alium
2114 3387 2126 3403 ‚

1250 3419 1334 3454 lucet
1358 3429 1400 3452 ex
1429 3415 1610 3459 Capitulari
1639 3416 1744 3452 Sancti
1773 3413 1929 3456 Episcopi
1953 3410 2129 3495 Thzodul-

1996 3472 2016 3507 P
2044 3473 2076 3498 1.·

320 3077 349 3101 te
363 3092 373 3108 ,
395 3073 427 3100 in
441 3065 742 3110 Altaripofitaesunt.
767 3067 857 3113 Ergo
869 3070 968 3112 usque
981 3071 1020 3104 ad
1035 3067 1092 3104 ista
1115 3081 1191 3105 tern-

319 3128 396 3161 pora
408 3117 547 3161 populus
557 3118 648 3150 suam
656 3116 860 3153 oblationem
884 3119 940 3163 ipsi
962 3119 1069 3155 Altari
1088 3120 1191 3164 impo-

318 3168 435 3201 nebat.
462 3168 505 3201 Et
516 3167 647 3210 quidem
658 3166 819 3208 secunda,
842 3179 911 3211 quae
933 3168 1073 3204 hostiam
1099 3170 1194 3205 Alta-

318 3215 404 3250 ribus
416 3216 584 3254 admoveri
595 3216 685 3261 jubet
697 3217 739 3251 ab
749 3218 843 3252 omni
868 3221 991 3262 populo
1005 3246 1015 3261 ‚
1037 3221 1190 3255 Matisco-

318 3267 422 3300 nenfis
432 3267 584 3308 Synodus
593 3265 709 3302 diserte
730 3267 877 3311 loquitur
899 3270 999 3304 etiarn
1018 3270 1061 3304 de
1082 3271 1188 3304 foemi-

318 3316 388 3349 nis.
418 3315 461 3348 Et
483 3315 523 3349 de
544 3318 656 3352 saneta
679 3318 733 3352 sua
742 3327 844 3352 matre
856 3318 995 3355 Monica
1005 3318 1188 3355 audivimus

318 3364 410 3408 supra
424 3365 609 3405 loquentem
620 3367 654 3400 in
670 3368 925 3404 confeffionibus
945 3371 1097 3406 SanCtum
1120 3370 1187 3404 Au-

316 3414 500 3463 gustinum:
516 3416 607 3450 Nullo
618 3418 666 3450 die
672 3418 863 3461 praettrmsfit
873 3420 1047 3457 oblationem
1055 3421 1100 3454 ad
1107 3422 1188 3455 Alta-
