2352 3756
606 49 693 100 ”AC
728 66 1271 99 SATISFACTIONUM
1305 52 1816 119 INDULGENTIIS..

277 150 327 184 ’Θ
342 154 416 189 τρια
425 142 511 189 Tuum
537 143 662 175 Domino
678 144 903 183 imputaverunt
915 162 926 178 ‚
945 135 1072 180 seientes
1085 137 1170 170 illum

284 198 411 240 drame,
442 197 477 230 θ
492 195 559 228 rum
579 191 643 225 baec
664 195 764 224 omnia
776 187 910 230 feceritis
930 210 941 227 ‚
967 188 1053 220 dicite
1077 211 1088 228 ,
1109 184 1171 228 ser-

283 255 326 283 vi
340 247 520 292 supervacui
539 240 677 288 sumus,
702 240 781 284 quod
802 237 959 271 debuimus
973 236 1078 279 fatere
1092 234 1171 277 feci—

282 307 356 334 mus
367 324 375 331 .
403 297 484 341 ‚Quae
494 295 542 328 im
552 297 713 337 cogitantes
723 314 735 331 ,
753 290 788 323 ts·
799 292 938 330 quamvis
948 287 1043 320 libello
1055 288 1076 319 ἃ
1088 289 1172 319 Mar-

285 349 401 388 vribus
425 353 563 387 accepto,
587 349 623 377 ut
642 349 745 375 tamen
764 340 785 372 ἃ
802 339 927 370 Domino
934 334 1108 379 satisfacito
1111 333 1172 378 sua

284 400 415 433 admitti
428 395 542 439 peffet,
566 400 685 425 orantes
701 387 886 434 scripserunt
910 385 987 419 mibi
1008 408 1020 426 ,
1037 384 1074 430 fh
1095 386 1172 420 deli-

283 448 369 483 Bum
383 445 475 490 Fiam
494 441 657 488 cognoscere
668 464 680 481 ,
704 441 740 473 6·
752 442 964 482 paenitentiam
987 447 1094 469 veram
1104 446 1171 480 age-

284 510 344 537 re,
370 505 424 530 nec
441 495 487 527 ad
500 503 606 536 pacem
626 490 734 526 temere
744 495 799 522 aut
809 487 977 528 importum?
984 493 1146 528 properare
1157 509 1168 525 ,

281 545 344 591 fid
364 544 522 588 expeHare
536 539 731 586 praesentiam
748 536 876 581 nostram
887 559 900 577 ,
926 537 1056 570 dicentes
1064 543 1169 578 pacem

284 606 402 640 quoque
412 593 529 638 ipsam,
547 591 579 635 fi
583 602 649 626 eam
670 589 755 623 mbr-s
773 584 973 630 praesentibus
984 590 1167 640 acceperint,

248 667 250 671 «
285 647 449 680 'dulciorem
466 642 521 686 fibi
535 642 695 685 flaturam.
722 638 774 671 Hi
796 635 937 671 humiles
958 635 1033 679 lapsi
1050 632 1169 688 intelli-

285 695 412 742 gebant
433 695 569 739 Dogma
581 688 817 734 Evangelicum
827 697 866 721 ac
881 684 1110 728 Apostolicam
1120 683 1169 717 dr-

283 745 484 789 sciplinarn:
511 739 645 776 Norant
666 748 779 782 pacem
800 735 858 769 fibi
880 735 898 769 ὲ
924 733 1075 769 Luciano
1097 744 1166 790 non

285 793 430 838 potuiss'e
439 791 509 825 dari
526 813 538 830 ,
555 790 694 829 ideoque
706 787 807 830 ipsam
829 781 1051 827 supplicabant
1062 781 1168 839 hunn-

284 844 363 878 'iiter
378 837 409 876 ³⁴
419 839 611 885 Cypriane,
634 836 735 881 parati
762 834 884 868 differri
910 833 1010 877 usque
1035 832 1076 868 ad
1100 844 1167 877 ejus

286 893 331 928 ab
355 890 460 928 eiilio
486 887 629 925 reditum
650 909 661 925 ‚
685 883 819 920 obedire
854 883 1014 917 Romanae
1039 883 1166 925 Synodi

288 942 427 978 decretis
446 966 458 983 ‚
483 950 522 974 ac
542 937 674 972 interim
704 944 835 980 pergere·
858 932 893 967 in
920 934 1113 978 poenitentia
1134 934 1166 968 &

286 988 560 1027 satisfactionibus
572 1012 580 1020 .
608 985 767 1020 Notanda
786 985 860 1017 sunt
881 983 981 1018 etiam
1003 981 1072 1018 haec
1087 984 1166 1028 ejus·

281 1042 364 1077 ‘dem
375 1038 519 1086 epistola
530 1037 623 1073 verba
636 1049 648 1070 .·
673 1038 747 1069 Peto
758 1032 934 1077 discernatis
956 1032 1096 1075 desideria
1115 1046 1165 1067 ve-

273 1091 346 1133 stra
359 1115 371 1132 ,
396 1093 431 1126 ζ’]
456 1095 629 1134 quicumque
647 1085 713 1126 estis
734 1090 786 1127 qui
797 1084 852 1117 bas
859 1085 980 1117 litteras
1003 1095 1082 1117 nunc
1093 1083 1163 1125 mist*-

281 1140 341 1182 flis
355 1166 367 1183 ‚
393 1146 514 1174 nomina
537 1136 635 1179 vestra
656 1135 755 1170 libello
765 1131 950 1177 subjiciatis,
975 1134 1009 1167 (5
1033 1133 1163 1167 libellum

280 1189 536 1236 cumfingulorum
547 1183 710 1221 nomini-bas
722 1185 767 1217 ad
775 1195 822 1217 me
828 1181 1058 1231 transmittatis.
1087 1188 1162 1218 Ante

277 1240 322 1282 ,ιβ
347 1246 426 1275 enim
432 1238 529 1282 scire,
554 1236 660 1281 quibus
682 1232 836 1277 rescribere
856 1232 996 1267 babeam:
1027 1237 1109 1268 Tune
1121 1236 1163 1267 ad

271 1292 395 1335 jugula
416 1301 484 1333 quae
503 1286 651 1330 scripfiflis
664 1309 675 1325 ‚
701 1293 757 1326 pro
779 1285 831 1317 loci
852 1285 886 1317 (τ
908 1283 991 1317 ac‘ius
1011 1284 1162 1324 nostrime-

282 1340 438 1374 diocritate
459 1337 616 1382 rescribam
642 1360 649 1367 .
687 1333 779 1378 Lapfi
791 1357 803 1374 ,
829 1334 876 1368 uti
899 1336 918 1367 a
943 1334 1090 1368 Luciano
1110 1347 1159 1378 pa·

283 1401 358 1424 tem
382 1387 561 1435 generatim
586 1395 771 1428 acceperant
795 1407 807 1423 ,
832 1384 877 1417 ita
903 1383 970 1428 ejus
997 1388 1160 1419 executio-

282 1450 362 1473 nem
382 1441 400 1473 a
423 1439 540 1473 Sancto
562 1436 733 1479 Cypriano
754 1434 936 1478 generatim
947 1433 1158 1477 flagitabant.

275 1489 478 1532 'Utrumque
499 1485 556 1521 hic
578 1482 761 1529 improbat:
787 1482 882 1518 Nulli
905 1483 993 1526 lapso
1017 1484 1085 1518 vult
1109 1484 1159 1518 vel

279 1537 461 1581 {Martyre
473 1535 650 1580 postulari,
676 1533 728 1567 vel
738 1532 780 1567 ab
803 1533 966 1576 Episcopo
976 1533 1092 1568 donari
1107 1532 1158 1578 pi-

277 1598 374 1630 cem,
401 1588 459 1622 nili
479 1586 521 1621 ad
543 1594 705 1629 maturam
725 1583 899 1626 cujuslibet
923 1583 1023 1618 causae
1041 1585 1157 1629 cogni·

276 1647 470 1723 ‘milliarii-iat
490 1684 557 1720 haec
581 1685 616 1720 in
637 1682 754 1718 litteris
775 1682 815 1717 ad
837 1680 970 1716 elerum
995 1681 1156 1716 Romanae

140 1738 194 1774 Ep.
210 1745 256 1774 ιφ
275 1737 450 1774 Ecclefiae:
479 1736 668 1778 Posteaquam
690 1734 734 1766 ad
753 1744 806 1766 vos
827 1733 943 1765 litteras
954 1731 1032 1774 fecit
1044 1734 1079 1766 de
1090 1743 1155 1775 quo·

274 1789 412 1824 ¹tundam
420 1785 578 1830 prospec‘la
587 1788 755 1818 temeritate
765 1806 776 1822 ‚
796 1787 847 1825 qui
855 1787 1062 1824 poenitentiam
1071 1793 1156 1825 agere

279 1840 317 1873 ό
331 1841 393 1871 Deo
397 1835 575 1880 satisfacere
588 1833 766 1869 detrectant,
776 1834 894 1865 litteras
905 1832 948 1865 ad
957 1843 1001 1864 me
1003 1831 1154 1873 fecerunt,

269 1888 383 1931 'pacem
408 1897 466 1920 non
486 1885 623 1918 dandam
635 1882 692 1925 fibi
707 1880 888 1923 postulantes
904 1905 915 1921 ,
933 1879 991 1924 sed
1000 1880 1084 1923 quafi
1084 1883 1153 1922 jam

277 1939 387 1971 datam
393 1935 450 1979 fibi
464 1935 652 1968 vindicantes
663 1955 672 1971 ,
685 1932 761 1975 quod
771 1933 869 1964 dicant
882 1932 1010 1964 Paulum
1020 1931 1152 1965 omnibus

267 1994 379 2030 'pacem
400 1985 521 2028 dedisse.
555 1983 670 2017 Prodit
690 1981 832 2015 radicem
846 2005 856 2020 ‚
882 1992 924 2014 ex
946 1993 1008 2025 qua
1036 1981 1150 2015 Lucia-

276 2049 341 2072 11us
363 2046 475 2080 pacem
494 2033 585 2076 lapfis
609 2042 677 2065 non
699 2030 889 2074 supplicavit
910 2030 951 2064 ab
964 2030 1149 2073 Episcopis,

275 2086 331 2120 scd
354 2086 420 2130 ipse
440 2083 530 2117 dedit
551 2083 586 2116 in
616 2080 710 2115 Pauli
723 2078 875 2113 nornine.
903 2079 1067 2113 Lucianus
1082 2090 1147 2113 non

274 2138 309 2172 se
321 2134 470 2170 fundavit
491 2133 524 2167 in
544 2133 624 2169 suo,
650 2139 749 2174 quem
761 2128 887 2163 nullum
897 2126 1032 2169 habuit,
1060 2131 1148 2163 sacro

270 2185 425 2223 Ordine,
449 2181 502 2216 sed
525 2182 561 2215 in
583 2180 689 2215 nescio
710 2191 777 2223 quo
797 2178 946 2223 singulari
967 2191 1004 2213 ac
1030 2177 1147 2213 divino

267 2233 369 2269 Pauli
396 2231 552 2273 Martyris
574 2230 768 2273 privilegio,
794 2239 861 2271 quo
881 2230 1004 2263 cunctis
1026 2228 1145 2274 ubique

1189 2162 1194 2211 l

1939 62 2029 108 281

1230 143 1387 177 conentur,
1404 145 1441 169 ut.
1453 142 1500 169 ita
1508 140 1622 172 demam
1624 140 1748 181 firmiter
1756 143 1880 178 valeant
1890 167 1900 185 ,
1905 143 1980 185 fiab
1991 148 2100 179 Evan-

1227 186 1317 229 gelica
1330 189 1405 229 Lege
1419 196 1476 219 non
1488 186 1634 229 diffonant
1643 214 1650 220 .
1670 195 1817 226 caeten'cm
1827 206 1884 237 quo
1891 193 1979 236 pacto
1989 197 2103 228 Evan-

1228 236 1353 280 gelicam
1369 239 1480 279 poterit
1514 236 1656 278 praestare
1680 249 1965 278 communicationem
1985 267 1997 284 ,
2020 246 2101 287 quod

1232 293 1330 320 contra
1350 286 1567 329 Evangeltcam
1596 287 1743 320 decretum
1767 293 1884 326 videtur
1916 295 2100 328 veritatem?

1231 335 1320 371 Istud
1339 336 1545 381 singulare&
1564 335 1693 371 coeleste
1705 337 1801 371 Pauli
1810 342 2013 388 privilegium
2023 355 2101 379 con·

1231 386 1349 420 stanter
1374 387 1511 421 affirmat
1535 385 1693 421 adversari
1719 386 1903 432 Evangelio
1920 415 1932 431 ,
1957 393 2100 436 ideoque

1231 438 1293 470 effe
1313 446 1425 481 nugax
1436 446 1663 482 commentum
1674 461 1682 469 .
1709 437 1829 471 Multis
1841 437 2037 475 demonstrat
2048 454 2101 485 pa-

1230 486 1277 520 cis
1297 487 1512 521 donationem
1535 497 1577 521 ex
1599 486 1799 531 Evangelica
1811 488 1901 531 Lege
1911 489 2047 532 spectare
2058 491 2099 526 ad

1231 536 1316 570 solos
1340 536 1547 577 Sacerdotes,
1576 535 1716 585 ideoque
1738 548 1830 572 veros
1849 534 2015 581 Martyres
2025 537 2102 575 huic

1232 598 1299 620 non
1311 587 1402 629 poffe
1410 587 1563 632 refragari
1576 611 1584 619 .
1876 617 1878 620 ,

1277 635 1343 670 Isto
1364 636 1479 670 fieculo
1497 635 1648 671 divinum
1670 636 1849 672 coelestium
1867 637 2103 674 revelationum

1230 684 1398 722 Charisma
1417 696 1484 721 erat
1505 687 1669 731 frequen&
1700 687 1833 722 Eximia
1858 687 1930 730 eius
1952 688 2101 732 exempla

1228 732 1385 771 habemus
1396 736 1430 770 δε
1441 736 1475 770 in
1486 736 1606 771 Sancto
1615 736 1788 786 Cypriane
1797 759 1808 776 ,
1826 738 1860 772 &
1869 738 1903 772 in
1914 738 1982 782 ejus
1995 738 2102 783 Magi-

1228 785 1293 821 stro
1305 786 1516 821 Tertulliano
1528 812 1540 828 ‚
1565 786 1599 822 δε
1609 787 1644 821 in
1655 786 1726 822 aliis
1744 787 1961 832 Scriptoribus
1975 814 1981 820 .
2009 789 2101 823 Grass

1229 834 1354 870 sabatur
1373 837 1453 871 item
1476 837 1511 871 &
1533 837 1638 871 varius
1658 837 1845 872 aemularum
1870 839 2100 882 praestigiarum

1228 885 1342 919 fucus.
1370 886 1534 921 Adversus
1561 885 1760 931 Prophetam
1787 887 1903 932 paffim-
1925 888 2101 923 interceffit

1228 934 1532 980 Pseudo-Propheta
1554 963 1562 970 .
1592 937 1635 970 Et
1661 938 1718 972 iste
1744 938 1837 973 fucus
1864 950 1932 974 non
1958 948 2100 974 tantum-

1227 986 1329 1020 modo
1350 986 1553 1022 Montanum
1574 988 1803 1032 praecipitavit,
1829 988 1882 1023 sed
1905 989 2002 1023 etiam
2018 989 2099 1023 Ter-

1228 1036 1402 1071 tullianum
1414 1061 1421 1068 .
1441 1037 1564 1073 Eadem
1578 1039 1677 1084 igitur
1689 1038 1795 1073 illusio
1806 1039 1900 1082 poffit
1912 1038 1944 1072 ἃ.
1956 1038 2098 1074 Paulum

1230 1087 1409 1130 Martyrum
1431 1088 1720 1132 circumscripsisse.
1750 1090 1907 1124 Attamen
1926 1089 2101 1126 Romanus

1229 1136 1341 1172 Clerus
1362 1140 1395 1173 δε
1421 1139 1524 1182 ipsum
1551 1140 1584 1173 δε
1610 1139 1797 1174 Lucianum
1822 1150 1959 1175 conatur
1984 1151 2101 1185 purga-

1227 1198 1277 1224 re,
1304 1189 1441 1223 affirmat
1463 1188 1603 1223 Luciani
1627 1189 2100 1235 libellosfuiffeperperamin·

1227 1236 1388 1279 telledlos,
1416 1250 1454 1273 ac
1474 1250 1610 1273 omnem
1631 1240 1795 1276 excessum
1815 1239 2000 1276 transcribit
2010 1243 2046 1275 in
2059 1241 2101 1275 la-

1226 1287 1315 1329 psos:
1344 1293 1430 1322 Nam
1445 1287 1475 1330 fi
1493 1290 1629 1322 dandam
1650 1288 1736 1331 Iapfis
1745 1297 1849 1332 pacem
1863 1293 2004 1329 Martyres
2010 1299 2101 1333 puta-

1224 1345 1355 1377 verunt,
1380 1350 1431 1372 cur
1452 1338 1507 1380 ipſs
1522 1351 1579 1372 non
1595 1340 1763 1374 dederunt?
1787 1344 1851 1373 Cur
1870 1340 1937 1374 illos
1959 1342 2005 1374 ad
2023 1344 2102 1384 Epi-

1221 1385 1338 1428 scopum
1345 1401 1356 1429 ,-
1382 1387 1481 1429 utipfi
1493 1390 1619 1429 dicunt,
1645 1391 1835 1425 remittendos
1845 1388 2042 1433 censuerunt?
2068 1394 2101 1423 Is

1222 1443 1300 1469 enim
1313 1462 1323 1478 ,
1351 1444 1400 1480 qut
1414 1437 1503 1479 jubet
1523 1438 1593 1480 fieri
1606 1462 1617 1478 ,
1639 1439 1731 1481 potest
1753 1445 1855 1483 utique
1870 1439 1993 1481 facere,
2023 1443 2102 1483 quod

1219 1486 1285 1528 fieri
1298 1486 1408 1527 jubet.
1435 1488 1498 1521 Sed
1517 1490 1789 1532 utintelligimus‚
1813 1491 1873 1523 imb
1882 1498 1917 1523 ut
1926 1502 1974 1524 res
1986 1489 2052 1533 ipsa
2062 1491 2102 1524 lo·

1221 1543 1323 1578 quitur
1349 1539 1385 1572 cb·
1407 1537 1519 1571 clamat
1543 1561 1554 1578 ‚
1573 1536 1749 1581 sancqiffimi
1772 1542 1919 1579 Martyres
1945 1541 2100 1584 utrobique

1218 1587 1426 1621 adhibendum
1445 1596 1638 1631 putaverunt
1664 1596 1930 1631 temperamentum
1956 1591 1990 1624 (5·
2007 1593 2102 1633 pua'o-

1219 1643 1262 1680 ris
1285 1638 1319 1671 ό·
1340 1642 1483 1671 veritatis
1496 1663 1502 1670 .
1530 1642 1616 1671 Nam
1627 1641 1662 1673 Θ
1673 1644 1745 1681 quia
1756 1641 1776 1672 ἃ
1786 1642 1890 1673 multIs
1898 1640 2078 1683 urgebantur
2088 1667 2100 1682 ‚

1218 1687 1292 1718 dum
1303 1687 1351 1718 ad
1358 1685 1539 1728 Episcopum
1549 1689 1615 1720 illos
1626 1694 1784 1724 remittunt
1795 1713 1806 1729 ‚
1830 1692 2020 1724 verecundiae
2028 1700 2100 1732 pr·-

1214 1741 1294 1778 priae
1307 1759 1317 1776 ,
1343 1747 1381 1770 ne
1392 1736 1514 1769 ulterius
1535 1741 1775 1779 inquietarentur
1788 1764 1799 1780 ‚
1824 1738 2029 1782 consulendum
2040 1748 2098 1782 pa-

1218 1794 1362 1819 taverunt
1374 1799 1385 1819 .·
1399 1789 1444 1819 Et
1456 1787 1527 1820 dum
1538 1786 1597 1820 illis
1609 1798 1668 1820 non
1679 1785 1735 1830 iin‘
1743 1794 1957 1823 communicant
1965 1813 1976 1830 ‚
1987 1793 2099 1823 Evan-

1209 1836 1315 1880 gelicae
1339 1839 1428 1879 Legis
1442 1837 1591 1870 illibatam
1603 1835 1804 1883 finceri'tatem
1824 1837 2096 1881 custodiendamju·

1215 1888 1392 1919 dicaverunt
1403 1911 1410 1918 .
1435 1886 1540 1934 Qod
1552 1884 1820 1932 Lucianuslapsss
1832 1898 1945 1932 pacem
1958 1899 2026 1924 non
2040 1891 2095 1925 de-

1213 1934 1295 1970 derit
1308 1955 1319 1975 ,
1344 1934 1398 1970 sed
1410 1936 1512 1979 ipsam
1523 1936 1694 1971 dumtaxat
1708 1938 1749 1973 ab
1762 1939 1933 1983 Episcopis
1946 1939 2090 1975 dandam

1214 1986 1399 2029 supplicarit
1411 2010 1421 2025 ,
1448 1986 1562 2030 probat
1573 1987 1690 2022 clerus
1699 2001 1741 2024 ex
1751 1988 1881 2024 duobus
1901 1989 2089 2026 libellorum

1212 2035 1355 2069 articulis
1366 2060 1373 2067 .
1401 2035 1514 2070 Primo
1525 2061 1536 2077 ,
1554 2037 1657 2086 Qod
1670 2040 1806 2074 cunstos
1818 2039 1924 2083 lapsos
1935 2052 2011 2074 cum
2025 2042 2090 2075 suis

1212 2084 1328 2118 libellis
1350 2085 1471 2118 miserit
1494 2088 1533 2119 ad
1556 2088 1750 2132 Epilcopos.
1780 2087 1954 2131 Secundo,
1980 2092 2086 2138 Qod

1213 2134 1282 2178 ipsis
1302 2134 1545 2169 communicare
1570 2136 1713 2170 noluerit
1733 2161 1741 2170 .
1768 2137 1902 2181 Utique
1923 2148 2002 2174 ante
2027 2142 2087 2174 irn-

1212 2184 1361 2227 partiram
1385 2195 1494 2228 pacem
1516 2184 1556 2219 ab
1581 2186 1766 2229 Episcopis.
1794 2188 1838 2221 Et
1863 2199 1943 2223 nota
1958 2213 1969 2229 ‚
1994 2190 2084 2233 quod

1211 2234 1374 2276 Martyres
1384 2245 1497 2278 pacem
1512 2246 1576 2268 non
1591 2235 1719 2270 tanturn
1730 2237 1806 2272 dare
1817 2261 1828 2277 ‚
1854 2238 1908 2272 sed
1919 2240 2018 2273 etiam
2040 2241 2083 2275 ab

269 2281 518 2329 Iapfispotuerit
529 2280 657 2314 tantum
670 2279 795 2312 dunum
808 2279 971 2321 impartiri.
985 2279 1027 2313 Et
1038 2279 1144 2313 Evan-
1192 2273 1378 2328 Ἔρῑῑςορῑς
1399 2285 1539 2318 dandam
1561 2284 1669 2327 jubere
1696 2297 1763 2319 non
1791 2289 1986 2330 pmuerjnt·
2014 2291 2080 2325 De·

272 2333 363 2379 gelio
373 2332 405 2366 δε
417 2330 595 2374 disciplinae
607 2328 804 2373 repugnabat
817 2327 899 2362 istud
916 2328 1123 2373 privilegium
1134 2353 1141 2361 .

1210 2334 1348 2367 buerunt
1360 2333 1506 2368 Ecclefiae
1517 2335 1674 2369 Clavibus
1695 2335 1863 2371 humiliter
1883 2339 2078 2382 supplicare.
2112 2376 2119 2385 ¹

266 2381 410 2418 Etenim
420 2381 454 2415 &
466 2379 682 2424 Evangelium
693 2380 727 2412 ὃς
738 2377 908 2422 disciplina
922 2389 1142 2423 pacem,quam
1206 2384 1299 2417 Hinc
1319 2384 1352 2416 in
1375 2384 1439 2418 alio
1452 2385 1491 2418 ad
1511 2385 1663 2419 sanctum
1689 2386 1895 2430 cyprianum
1907 2389 2078 2435 Rescripto

270 2432 466 2479 permittunt
485 2429 669 2473 suppliciter
689 2428 795 2473 rogari
814 2426 868 2471 per
879 2429 1061 2472 Martyres,
1086 2429 1142 2463 do·

272 2483 344 2518 nari
365 2481 514 2516 sanciunt
534 2491 589 2523 per
609 2479 694 2513 solos
707 2479 901 2522 Episcopos.
931 2479 1012 2513 Non
1028 2478 1141 2513 solum-

1205 2434 1310 2478 pergit
1335 2433 1421 2468 idem
1446 2435 1580 2469 Clerus:
1609 2435 1713 2476 Lapst‘s
1734 2440 1867 2471 maxime
1883 2447 2015 2485 congruit
2027 2455 2078 2476 ve-

1205 2485 1344 2517 recundia
1355 2509 1366 2525 ‚
1393 2496 1514 2526 quorum
1535 2493 1570 2517 in
1590 2486 1702 2518 delic‘Hs
1715 2488 1877 2522 damnatur
1887 2503 1971 2524 mens
1990 2499 2077 2526 inve·
2104 2479 2143 2510 ΣΡ·
2160 2482 2176 2510 3
2185 2484 2208 2504 ¹¹

272 2532 376 2571 modo
387 2539 500 2574 pacem
512 2528 633 2572 culpae,
660 2528 821 2562 sedetiam
833 2527 1024 2562 dimiffivam
1044 2527 1162 2581 soliusl
1204 2534 1351 2567 recunda.
1380 2533 1502 2577 Pulsent
1517 2535 1598 2577 sane
1607 2535 1712 2577 fores,
1733 2536 1794 2579 sed
1817 2550 1874 2571 non
1894 2547 1994 2583 utique
2011 2555 2074 2575 con-

269 2580 497 2617 satisfactionis
523 2579 557 2613 &
579 2588 679 2621 poenae
701 2601 708 2609 .
735 2577 828 2610 Hinc
854 2578 1037 2621 Cyprianus
1062 2589 1140 2612 con-

267 2634 389 2667 stanter
399 2629 501 2665 edixit
515 2627 652 2662 Luciani
667 2638 768 2671 nugas
781 2627 908 2661 fundari
921 2628 956 2661 in
969 2628 1033 2661 sola
1046 2629 1138 2671 ipfius

269 2682 418 2726 imperita
438 2678 618 2713 temeritate
631 2702 638 2709 .
665 2677 767 2723 Qod
793 2675 959 2711 Lucianus
975 2677 1009 2712 in
1022 2678 1136 2712 divino

265 2732 363 2767 Pauli
377 2729 546 2774 privilegio
558 2728 588 2761 se
599 2727 748 2761 fundaret
763 2751 772 2767 ‚
785 2727 900 2761 diserte
911 2727 1010 2761 edicit
1021 2728 1055 2761 in
1078 2729 1136 2762 suo

267 2782 309 2817 ad
320 2779 479 2824 Cypriani
491 2777 683 2812 relationem
697 2776 867 2819 Rescripto
880 2777 1050 2811 Romanus
1063 2778 1133 2812 Cle·

264 2844 339 2871 rus,
364 2830 592 2863 Immoderatam
618 2827 751 2860 istorum
772 2826 928 2869 lapsorum
936 2829 1134 2869 petulantlam

265 2884 303 2915 (9
319 2878 512 2923 periculosam
533 2882 728 2911 temeritatem
740 2875 818 2913 dure
832 2887 921 2910 notat
934 2901 943 2916 ,
970 2889 1065 2921 atque
1083 2879 1134 2912 ad·

262 2930 393 2977 jungit:
420 2931 502 2972 ,Quos
521 2926 598 2970 satis
614 2932 717 2960 mirati
736 2924 837 2969 fiemus
859 2926 962 2960 adhoc
974 2925 1061 2969 usque
1067 2937 1133 2969 pro-

260 2979 340 3021 filire
351 2978 465 3021 voluisse
473 3002 482 3018 ,
510 2985 544 3011 ut
551 2986 653 3019 pacem
656 2976 712 3019 fibi
723 2987 781 3008 non
792 2984 854 3008 tam
862 2985 995 3017 peterent
1006 3000 1016 3015 ,
1042 2981 1132 3020 quam

263 3029 484 3063 vendicarents
503 3029 596 3059 Immb
610 3029 682 3069 jam
703 3029 736 3060 <5
758 3034 792 3058 in
815 3028 890 3059 caelis
898 3025 1046 3070 sehabere
1057 3030 1130 3062 dice·

264 3088 348 3115 rent.
376 3075 473 3120 ,Quifi
481 3076 605 3117 babent,
631 3078 707 3119 quid
723 3084 832 3117 petunt
854 3078 932 3119 quod
945 3087 1044 3111 tenent
1057 3078 1073 3110 ἓ
1098 3081 1130 3112 51

263 3137 362 3163 autem
383 3138 440 3159 non
457 3124 566 3160 babere
586 3126 650 3158 illos
667 3126 827 3167 probatur,
854 3126 904 3158 boc
924 3125 984 3168 ipso
996 3129 1074 3168 quod
1076 3137 1129 3169 pe-

260 3189 333 3215 tunt
344 3202 354 3217 ‚
364 3188 413 3210 cur
424 3187 480 3208 non
486 3176 634 3217 Judicium
645 3186 739 3208 eorum
747 3174 905 3217 fiistinent‚
932 3178 951 3207 ἂ
963 3177 1066 3218 quibus
1076 3188 1127 3220 pe-

259 3230 385 3265 tendam
401 3235 523 3268 pacem,
552 3236 642 3267 quam
664 3232 761 3267 utique
779 3225 955 3258 nonhabent
966 3251 976 3266 ,
1000 3235 1124 3268 putave.

259 3281 350 3315 punt?
377 3276 468 3320 ,Quod
470 3273 499 3315 fi
506 3275 626 3308 alnmde'
631 3280 867 3318 praerogativam
887 3282 1121 3311 communicatio-

1197 2583 1340 2626 fringant
1353 2608 1360 2615 .
1388 2586 1504 2617 Adeant
1516 2587 1559 2617 ad
1566 2587 1656 2618 limen
1667 2586 1798 2628 Ecclefiae
1810 2612 1821 2628 ‚
1838 2588 1898 2631 sed
1906 2602 1963 2625 non
1974 2599 2073 2636 utique

1204 2632 1372 2674 transiliant
1394 2658 1400 2664 .
1429 2632 1596 2673 castrorum
1615 2635 1765 2674 eoelestium
1790 2640 1928 2672 excubent
1950 2649 2070 2685 portis,

1199 2682 1256 2726 sed
1276 2689 1389 2716 armati
1407 2684 1562 2725 modestia,
1593 2695 1651 2727 qua
1674 2686 1845 2731 intelligant
1861 2689 1894 2731 se
1909 2691 2068 2734 desertores

1196 2733 1300 2775 suiffe.
1328 2731 1489 2775 Resumant
1508 2743 1628 2776 precum
1647 2734 1773 2778 suarum
1786 2738 1909 2781 tubam,
1931 2740 1991 2783 sed
2008 2753 2068 2785 qua

1203 2795 1258 2815 non
1272 2784 1405 2815 bellicum
1416 2784 1556 2827 clangant
1567 2809 1574 2817 .
1603 2791 1723 2818 Armeni
1742 2786 1775 2829 se
1796 2790 1911 2830 quidem
1921 2793 2066 2832 modestia.-

1201 2834 1269 2866 telis
1282 2857 1291 2871 ,
1320 2834 1354 2866 (Ὗ
1365 2844 1451 2876 quem
1464 2835 1595 2877 negando
1604 2841 1708 2869 mortis
1721 2845 1798 2870 metu
1806 2837 1878 2878 fidei
1888 2841 2064 2884 dimiftrant

1200 2885 1322 2924 clypeum
1334 2906 1344 2922 ‚
1370 2882 1535 2926 resumant:
1563 2886 1623 2918 Sed
1629 2894 1662 2918 ut
1678 2895 1781 2919 contra
1793 2886 1895 2926 bosiem
1916 2892 2064 2924 diabolum

1200 2934 1251 2967 ‘vel
1271 2944 1347 2966 nunc
1370 2930 1506 2975 armati,
1532 2947 1588 2967 non
1607 2944 1711 2968 contra
1724 2938 1898 2978 Eccleffim,
1925 2952 1991 2982 quae
2003 2942 2063 2974 illo-

1198 2995 1263 3016 rum
1274 2983 1349 3016 dolet
1368 2981 1474 3026 casus,
1500 2994 1630 3017 armatos
1643 2986 1694 3027 esse
1711 2985 1745 3028 se
1766 2989 1903 3021 credant.
1933 2992 2062 3023 Multum

1198 3034 1253 3066 illis
1265 3034 1395 3076 proficiet
1402 3039 1506 3074 petitio
1527 3035 1653 3075 modesta
1665 3059 1674 3074 ,
1695 3034 1851 3077 postulatio
1872 3042 2037 3073 verecunda
2046 3066 2058 3081 ,

1196 3083 1347 3115 humilitas
1359 3083 1512 3126 necessaria
1525 3108 1536 3123 ‚
1558 3090 1708 3126 patientia
1727 3097 1783 3118 non
1794 3085 1901 3129 otiosa.
1930 3093 2057 3124 Mittunt

1197 3137 1321 3176 Legatos
1339 3142 1396 3174 pro
1409 3131 1474 3176 suis
1499 3135 1645 3167 doloribus
1656 3134 1838 3174 lachrymas,
1864 3138 2057 3175 advocatione

1186 3183 1263 3226 sung
1269 3190 1356 3215 antur
1367 3195 1403 3216 ex
1416 3188 1518 3216 intimo
1524 3185 1638 3226 pediore
1642 3186 1754 3225 prolati
1760 3191 1887 3228 gemitus
1901 3212 1913 3229 ,
1934 3190 2055 3224 dolorem

1189 3233 1346 3274 probantes
1365 3234 1496 3273 commff
1514 3239 1645 3267 criminis
1672 3236 1706 3267 <5
1727 3237 1867 3275 pudorem
1887 3263 1894 3270 .
1922 3243 2014 3274 Imma
2029 3242 2060 3283 fi

1191 3284 1334 3315 dedecoris
1361 3284 1473 3323 admissi
1496 3285 1727 3327 magnitudinem
1753 3284 1976 3330 perhorrescunt
1998 3316 2008 3330 ‚
2031 3290 2059 3331 fi

259 3335 305 3363 ’¹¹⁶1
318 3324 461 3368 haberes-⁶
472 3325 594 3359 ‘redum
604 3349 613 3363 2
643 3336 706 3358 cum
717 3327 884 3368 Ev‘mg‘lm
898 3326 982 3359 illam
992 3327 1122 3369 “erffe
1136 3361 1144 3406 ι
1185 3333 1311 3374 pelleris
1322 3334 1356 3366 (τ’
1368 3331 1616 3376 conscientiaesuae
1633 3333 1770 3368 lethalem
1775 3337 1901 3381 plagam
1921 3339 2059 3381 &sinuosi

357 3374 461 3416 Christ.
476 3378 554 3417 Lupi·
565 3378 663 3417 Opera
676 3378 759 3408 T.VI.

1583 3382 1660 3416 Aa
1711 3395 1730 3431 3
1942 3391 2006 3422 val.
