2352 3756
943 132 1445 177 rNDEX.
1936 156 2032 200 403

324 224 493 260 Norberto
506 247 516 263 ,
543 222 604 257 &a
777 227 856 265 244.
868 229 899 253 2.
913 226 953 262 25
966 227 990 252 1.
1006 228 1038 252 2.
1052 217 1085 250 &
1098 215 1161 260 seq.
1225 215 1418 251 Benedic‘tio
1430 217 1583 261 Episcopi
1604 221 1685 255 olim
1710 220 1847 264 petenda
1871 222 2054 265 priusquam
2068 226 2102 260 fi-

274 276 465 312 Benedifflo
477 270 630 308 solemnis
642 268 726 304 olim
737 267 755 302 a
767 270 846 303 solis
858 267 1027 311 Episcopis
1037 267 1160 309 impen-
1275 266 1356 301 delis
1367 267 1406 300 de
1417 264 1575 300 Parochia
1587 268 1626 300 ad
1641 270 1832 305 parochiam
1844 273 1990 307 transiret
2003 296 2010 304 .
2021 273 2101 309 ibid.

326 326 360 361 di
375 325 481 370 potuit
490 349 498 356 ,
1050 317 1129 362 24'5.
1139 328 1160 353 2
1226 315 1418 351 Benedistio
1428 316 1646 352 sacerdotalis
1655 329 1694 352 ex
1706 332 1794 355 more
1806 322 2030 367 antiquissimo
2042 323 2104 357 Ec.

274 375 464 412 Benedictio
473 372 628 409 solemnis
641 367 775 415 quando
785 366 917 412 coeperit
927 367 945 400 a
957 365 1162 409 Presbyteris
1276 368 1377 402 clefiae
1387 393 1394 400 .
1987 385 2009 409 2
2014 383 2066 420 39¹
2082 385 2100 410 1

325 422 487 471 impendi,
1083 414 1160 450 ibid.
1227 417 1415 452 Benedidio
1427 418 1470 451 est
1482 428 1585 451 unum
1607 428 1647 452 ex
1658 417 1774 451 animae
1796 421 1989 455 testimoniis
2000 446 2010 461 ,
2034 434 2104 466 quae

273 476 547 512 Benediffionem
558 473 576 507 a
588 469 794 514 presbyteris
805 467 871 502 ruri
895 466 1042 510 impendi
1054 466 1163 510 postu·
1275 468 1366 511 juxta
1378 468 1628 503 Tertullianum
1649 468 1742 502 omui
1754 466 1882 504 homini
1903 471 2111 507 demostrant-

326 528 370 559 lat
384 525 568 560 Galliarum
583 522 724 567 populus
737 545 744 551 -
1084 516 1161 550 ibid·
1277 520 1388 552 Deum
1400 543 1407 550 .
1726 544 1728 546 -
2027 520 2105 556 ibid.

272 575 464 611 Benedictio
487 576 562 610 data
587 585 642 618 per
654 572 807 607 Sanstam
823 567 967 603 Mariam
981 566 1162 611 AEgyptia-
1226 568 1415 602 Benedictio
1429 579 1484 612 per
1503 570 1594 603 Deos
1606 567 1792 602 Nationum
1804 593 1817 611 ,
1845 569 1900 603 seu
1919 570 2107 605 Gentilium

322 637 393 660 cam
408 651 415 658 ,
1046 615 1124 661 246.
1141 627 1163 650 2
1276 630 1345 653 non
1358 619 1402 652 est
1422 619 1534 652 licita.
1993 620 2070 655 ibid.
2083 632 2107 658 2

274 675 469 712 Benedictio
501 674 658 710 solemnis
677 671 759 706 olim
785 677 862 705 ante
882 667 1161 703 communionem
1226 669 1418 705 Benediffio
1429 669 1574 713 quaedam
1587 680 1643 712 per
1653 668 1798 713 quemvis
1822 666 1995 704 hominem
2011 669 2104 705 data.

1274 719 1353 753 ibid.

1226 769 1418 804 Benedictio
1440 768 1655 804 Sacerdotalis
1677 767 1840 804 &Christo
1859 769 1893 803 in
1907 769 2110 805 Ecclefiainss

1276 819 1370 854 dudia
1384 846 1390 852 .
2029 818 2110 854 ibid.

1226 869 1419 904 Benediffio
1430 868 1646 905 Sacerdotalis
1659 880 1727 903 non
1739 868 1784 902 est
1797 868 1886 903 aliud
1897 893 1907 910 ,
1936 880 2032 912 quam
2048 869 2111 907 Di-

1268 920 1361 953 -vinae
1372 923 1482 965 gratiae
1494 920 1705 964 imprecativa
1717 919 1840 954 oratio.
1856 929 1969 966 2401.
1982 920 2035 952 Ex
2045 919 2110 953 hac

1278 972 1483 1015 Augustinus
1498 972 1585 1004 suam
1596 970 1637 1004 de
1648 969 1776 1003 vistrice
1787 969 1891 1015 gratia
1915 969 2110 1003 sententiam

1277 1021 1375 1054 docet
1388 1022 1450 1055 effe
1463 1020 1692 1065 Apostolicam
1704 1020 1737 1054 &
1749 1019 1982 1064 Evangelicam
1995 1044 2002 1051 .
2032 1018 2114 1052 ibid.

323 727 450 771 populo
476 725 620 768 impensa
634 749 641 755 .
1053 726 1131 763 247-
1147 727 1163 751 1

272 775 463 812 Benedistio
477 776 624 809 instituta
635 785 693 817 pro
706 769 938 805 comunicante
952 765 1165 810 populoibid.

270 826 544 861 Beneditstionem
557 823 699 867 Hispani
712 820 834 855 dabant
848 818 971 861 populo
995 817 1064 859 post
1078 828 1166 850 com-

323 876 520 910 munionem
534 873 614 907 :Sed
624 882 695 904 mos
706 870 761 902 ille
774 867 923 902 aboletur
939 876 1032 912 .247.
1042 866 1166 904 2.C0n-

322 926 433 961 statex
447 924 583 968 antiqua
597 918 814 955 Mozarabum
827 918 925 951 Missa
939 939 948 948 .
1050 918 1130 963 248.
1147 928 1162 953 1

272 976 547 1010 Benedictionem
569 972 602 1006 in
616 969 716 1004 Missa
738 966 831 1002 fuisse
846 966 1016 1010 Episcopis
1029 966 1112 1000 olim
1122 978 1165 1001 re-

323 1027 482 1059 servatam
494 1023 591 1057 docet
604 1019 718 1054 Guido
732 1016 844 1052 Abbas
852 1018 1165 1063 Micrologus.247.1

322 1074 386 1109 Sed
398 1075 533 1117 turpiter
547 1070 669 1105 labitur
687 1094 695 1102 .
1049 1068 1116 1112 248
1128 1092 1134 1099 -
1145 1079 1160 1103 1
1228 1070 1419 1104 Beneditstio
1433 1071 1648 1105 Sacerdotalis
1669 1069 1710 1104 ab
1721 1069 1972 1114 Imperatoribus
1985 1093 1995 1108 ,
2022 1068 2118 1102 Con-v

271 1122 464 1159 Benedictio
477 1121 591 1168 populi
612 1119 698 1164 apud
722 1117 861 1154 Latinos
883 1117 1054 1161 Episcopis
1073 1116 1165 1151 reser—
1278 1121 1424 1155 stantino
1437 1145 1449 1161 ‚
1474 1121 1673 1155 Constantio
1687 1144 1698 1161 ‚
1723 1120 1907 1163 Iustiniano
1921 1144 1931 1160 ‚
1957 1119 2016 1152 &c.
2033 1119 2114 1152 sem-

322 1186 395 1210 vata
407 1198 416 1206 .
1082 1166 1162 1201 ibid·
1281 1182 1334 1214 per
1345 1171 1488 1214 expetita
1500 1196 1507 1203 .
2033 1167 2114 1202 ibid.

1230 1221 1420 1254 Benedit‘iio
1433 1220 1450 1253 ὲ
1462 1220 1660 1263 simplicibus
1670 1218 1848 1255 Monachis
1859 1220 1958 1254 etiam
1969 1219 2116 1260 expetita.

1278 1270 1318 1304 ab
1329 1269 1581 1314 imperatoribus
1591 1269 1786 1305 Theodosio
1798 1296 1808 1311 ‚
1819 1269 1964 1305 Arcadio
1975 1294 1986 1310 ‚
1997 1267 2117 1303 Theo·

1277 1320 1369 1355 dofio
1381 1321 1508 1364 juniore
1520 1346 1531 1361 ‚
1558 1321 1673 1355 Leone
1695 1320 1850 1365 Augusto
1861 1345 1869 1354 .
1995 1329 2075 1365 241·
2094 1331 2117 1356 1:

1230 1368 1415 1405 Be⁸nedi6kio
1440 1370 1660 1405 Ecclefiastica
1683 1370 1846 1405 Romanis
1866 1368 2057 1404 Proceribus
2080 1369 2117 1403 δε

270 1224 464 1260 Benedictio
496 1220 679 1267 Presbyteri
707 1219 742 1254 in
785 1219 851 1253 fine
877 1217 985 1251 Miffae
1021 1216 1165 1261 antiquis

320 1271 541 1321 ignota.248.
552 1285 583 1311 2.
598 1273 667 1306 Cur
679 1271 778 1305 fuerit
800 1268 987 1303 introducta
1012 1277 1153 1310 quorum

319 1325 396 1360 dam
409 1324 594 1369 opinione?
1083 1317 1151 1351 ibid

270 1376 461 1411 Benedictio
482 1371 668 1416 Presbyteri
696 1369 766 1415 post
791 1373 837 1403 Ite
857 1367 944 1412 Mtffa
966 1366 1005 1409 est
1030 1368 1162 1411 quando

322 1426 492 1469 incoeperit
506 1427 519 1459 ?
1083 1417 1150 1452 ibid
1278 1422 1408 1464 populis
1421 1431 1512 1467 grata
1525 1446 1532 1453 .
2036 1419 2119 1453 ibid-

268 1475 462 1511 Benedifflo
476 1471 678 1519 Episcopalis
696 1470 766 1516 post
779 1469 915 1503 Missam
925 1468 971 1503 est
987 1467 1158 1512 antiquiffi-
1228 1471 1420 1505 Benedicstio
1434 1472 1509 1507 data
1521 1471 1539 1505 ὲ.
1550 1470 1705 1506 cadavere
1727 1473 1757 1506 S.
1771 1470 1907 1515 Ioannis
1921 1468 2117 1513 Chrysosto·

319 1538 372 1560 ma
386 1551 394 1558 ,
1047 1527 1127 1565 249·
1143 1529 1157 1553 1
1278 1523 1346 1562 mi,
1372 1521 1577 1565 aliorumque
1590 1521 1659 1564 post
1674 1532 1832 1556 mortem.
2000 1519 2078 1559 ibid.
2091 1530 2115 1555 2

269 1576 462 1611 Benedictio
469 1576 517 1610 nis
525 1571 757 1616 presbyteralis
770 1571 804 1604 in
818 1569 918 1603 Miffa
930 1569 1027 1613 origo
1039 1593 1047 1599 .
1057 1567 1162 1603 ibid-2
1226 1569 1416 1606 Benediaio
1429 1572 1545 1607 Claffis
1555 1572 1572 1605 ὲ
1584 1573 1614 1606 S.
1626 1570 1813 1616 Epiphanio
1825 1568 2012 1606 patriarcha
2024 1569 2116 1603 Con-

270 1625 464 1659 Benediftio
479 1622 681 1666 Episcopalis
693 1621 736 1655 est
751 1620 872 1664 species
884 1616 1160 1662 jurisdictionis&
1268 1621 1575 1666 fstantinopolitano
1587 1647 1594 1654 .
2036 1619 2117 1653 ibid.

320 1674 395 1709 ideo
403 1672 546 1708 exerceri
557 1683 624 1705 non
635 1670 738 1713 potest
754 1679 843 1701 extra
853 1668 1158 1711 territorium.250.i
1226 1669 1415 1704 Benedictio
1438 1672 1645 1706 moribundis
1670 1672 1841 1707 necessaria
1853 1695 1864 1711 ‚
1890 1669 1981 1715 quod
2002 1671 2117 1713 passim

270 1723 461 1758 Benediflio
473 1731 561 1756 extra
573 1719 754 1754 Dioecefim
780 1716 982 1761 permittitur
995 1716 1160 1758 Episcopo
1276 1718 1409 1752 videant
1431 1731 1628 1754 tentatorem
1641 1746 1650 1756 .
1990 1730 2069 1764 242-
2092 1734 2115 1758 2

325 1785 435 1808 recens
458 1772 612 1807 ordinato
624 1794 632 1802 .
1082 1763 1160 1796 ibid·
1225 1765 1418 1801 Benedictio
1429 1769 1643 1803 sacerdotalis
1653 1771 1798 1804 vistorias
1808 1771 1853 1804 est
1863 1771 2116 1815 largita.243-¹-2

271 1822 517 1859 Benediftionis
540 1817 756 1855 sacerdotalis
781 1815 906 1848 effestus
933 1812 967 1847 in
995 1812 1159 1857 primitiva
1224 1813 1417 1851 Benedictio
1428 1821 1545 1852 secreta
1559 1831 1596 1852 ac
1609 1820 1730 1862 privata
1744 1820 1847 1862 potest
1858 1819 2019 1854 cuilibet&
2032 1830 2114 1862 quo-

327 1874 469 1907 Ecclesia
494 1872 556 1905 fuit
569 1869 735 1903 Divinum
749 1863 938 1898 Charisma.
1040 1872 1159 1907 2502.
1273 1866 1354 1900 libet
1378 1867 1544 1912 impendi.
2000 1879 2074 1913 244.
2091 1880 2111 1905 1

268 1923 462 1958 Benedistio
474 1921 550 1955 data
566 1919 635 1962 post
649 1925 790 1950 mortem
804 1915 821 1946 ὲ
834 1913 863 1945 8.
878 1913 1005 1954 Joaune
1017 1910 1159 1954 Chryso·
1223 1913 1414 1950 Benedistio
1441 1929 1575 1961 paterna
1602 1930 1698 1952 mane
1722 1919 1756 1952 ὅ(
1780 1921 1907 1962 vespere
1948 1918 2084 1963 petenda
2103 1944 2114 1951 .

317 1974 428 2007 stomo
440 1996 447 2003 .
511 1976 518 1983 ⁶
1037 1970 1116 2014 25‘1.
1137 1969 1161 1995 2
1271 1974 1352 2011 244-
1378 1979 1409 2002 2.
1435 1968 1623 2011 Anglorum
1645 1968 1706 2002 hac
1728 1970 1761 2000 in
1775 1980 1862 2010 parte
1874 1972 2080 2005 consuetudo
2099 1994 2108 2001 .

266 2022 463 2058 Benedistio
487 2013 703 2062 impertienda
724 2022 800 2046 cum
813 2009 932 2045 Divini
956 2009 1159 2043 nominisin-
1272 2012 1355 2049 Item
1374 2015 1517 2050 Thomae
1540 2017 1653 2057 Mori,
1678 2016 1861 2052 etiamnum
1882 2019 2081 2055 camene-rii
2098 2044 2110 2058 ‚

321 2073 516 2107 vocatione.
1043 2070 1122 2106 252-
1142 2072 1155 2096 1
1269 2074 1344 2107 erga
1368 2075 1491 2107 patrem
1506 2066 1623 2107 pietas.
2028 2072 2108 2105 ibid,

268 2122 460 2158 Benediffio
483 2119 565 2153 olim
578 2113 773 2150 fundebatur
792 2111 883 2155 super
905 2110 1065 2154 populum
1076 2110 1159 2143 stan·
1219 2110 1464 2149 Benedisiionis
1479 2114 1709 2150 Ecclefiasticae
1729 2126 1876 2151 amantes
1888 2117 2108 2157 Barbarorum

321 2184 388 2208 tem
403 2197 414 2212 ,
440 2172 474 2205 ἀ
490 2170 545 2204 sua
556 2166 661 2209 capim
675 2164 894 2198 inclinantem
912 2185 919 2192 .
1080 2159 1158 2194 ibid.
1269 2163 1378 2208 Reges
1405 2164 1610 2208 Chilpericus
1641 2190 1653 2207 ,
1678 2167 1918 2203 Grumtamnus
1942 2193 1953 2209 ‚
1980 2170 2108 2206 (Hodo-

269 2222 461 2259 Benedictio
493 2219 578 2254 olim
602 2226 672 2250 non
688 2210 934 2257 impendebatur
954 2210 1076 2251 Clero,
1104 2209 1157 2244 sed
1269 2224 1374 2253 vaeus,
1401 2216 1463 2248 &c.
1747 2217 1751 2222 '
1991 2232 2069 2267 242-
2086 2234 2105 2259 1

321 2272 445 2318 populo
457 2297 464 2303 ,
1042 2271 1121 2307 252·
1137 2272 1157 2296 2
1220 2262 1463 2299 Benedistionis
1486 2265 1712 2300 Ecclefiasticae
1723 2278 1835 2302 amans
1859 2270 1971 2305 Caroli
1984 2271 2106 2317 Magni

269 2323 463 2358 Benediffio
483 2329 595 2355 tamen
619 2315 702 2359 apud
717 2314 848 2348 Graecos
872 2309 972 2346 etiam
988 2310 1157 2346 Cleroim-

319 2372 471 2417 penditur
483 2395 493 2410 ,
519 2371 554 2403 ὅ(
565 2367 745 2402 etiamnum
768 2363 853 2407 apud
868 2373 929 2396 nos
940 2386 948 2394 .
1080 2359 1159 2394 ibid.

269 2421 512 2457 Benedistionis
535 2416 736 2462 Episcopalis
752 2440 762 2455 ,
787 2425 825 2448 ac
854 2410 1064 2446 Monachalis
1076 2411 1155 2445 varii

318 2474 448 2508 effeetus
469 2495 476 2501 .
505 2468 619 2503 Primo
642 2478 677 2501 ca
686 2464 780 2499 nitiei
801 2462 948 2506 expulsio
967 2485 973 2491 -
1007 2460 1159 2496 Secundo
1201 2463 1204 2488 ἱ
1221 2462 1465 2499 Βεηεάῐέὶίοῃίς
1487 2465 1716 2501 Ecclefiasticae
1735 2478 1847 2503 amans
1863 2470 1954 2506 Gens
1974 2472 2106 2517 Angla-

318 2522 486 2558 revocatio
498 2520 537 2553 ad
554 2519 653 2552 vitam
667 2541 674 2548 .
685 2515 806 2549 Tertio
819 2512 999 2556 Paralytici
1011 2512 1136 2546 curatio
1150 2537 1156 2544 .
1201 2491 1207 2538 i
1270 2527 1340 2549 rum
1357 2542 1363 2548 .
2022 2524 2101 2559 ibid·

358 2572 454 2606 uarro
477 2569 517 2604 ab
528 2567 668 2602 avaritiae
689 2565 772 2599 vitio
790 2564 939 2603 sanatio,
965 2563 1026 2596 &a
1079 2560 1155 2596 ibid.
1220 2563 1465 2600 Benedicstionis
1489 2566 1717 2601 Ecclesiasticae
1740 2578 1886 2604 amantes
1924 2573 2103 2615 Britones,

270 2623 463 2658 Benedistio
476 2620 611 2654 Divinae
621 2616 732 2662 gratiae
746 2615 854 2648 lumen
869 2614 1021 2656 impetrat
1034 2638 1041 2645 .
1056 2623 1123 2660 253
1141 2625 1152 2648 1
1268 2616 1439 2661 Burgundi
1451 2639 1461 2655 ,
1487 2616 1610 2652 Poloni
1623 2641 1635 2658 ,
1646 2617 1777 2654 Moravi
1790 2644 1800 2660 ,
1810 2620 1949 2656 Bohemi
1960 2647 1971 2664 ,
1985 2623 2102 2668 Bulga-

270 2673 463 2708 Benedictio
475 2670 556 2705 olim
568 2667 690 2711 duplex
705 2665 882 2700 solemnior
896 2689 906 2704 ,
933 2664 965 2697 &
977 2664 1156 2697 efficacior.
1268 2666 1294 2700 ri
1312 2691 1323 2707 ,
1350 2668 1413 2701 ἃς,
1989 2685 2066 2722 ²43·
2079 2686 2102 2712 2

321 2725 432 2759 Prima
446 2723 479 2755 in
494 2718 658 2764 praecipuis
668 2716 747 2751 anni
760 2713 1036 2749 solemnitatibus:
1066 2714 1159 2748 Alte·
1220 2715 1411 2751 Benedietus
1425 2716 1505 2750 V.in
1519 2717 1697 2753 Germania
1711 2720 1751 2754 ab
1763 2721 1892 2754 ottone
1904 2723 2098 2766 asportatus,

319 2786 353 2808 ra
365 2784 462 2818 quam
476 2771 508 2805 in
522 2772 574 2804 sua
585 2766 832 2803 consecratione
842 2764 942 2798 dabat
954 2788 965 2804 ,
990 2775 1028 2798 ac
1039 2775 1138 2798 eam
1267 2769 1414 2810 quamvis
1423 2779 1536 2812 graves
1550 2769 1718 2813 scriptores
1730 2770 1942 2806 Benedictum
1957 2774 2048 2807 l'uiffe
2061 2776 2102 2808 le-

1268 2325 1372 2358 genus
1383 2315 1564 2358 ‚Pippinus
1581 2340 1591 2355 ‚
1606 2316 1796 2369 Ludovicqs
1810 2318 1975 2360 Pius‚&c.
1988 2333 2069 2368 242.
2081 2335 2103 2359 2

1200 2363 1461 2462 ¹Begtteiigisrlionis
1473 2365 1676 2409 Episcopalis
1689 2367 1850 2410 suspensio
1865 2370 1972 2415 gravis
1993 2383 2080 2415 paena
2095 2398 2103 2406 .
2121 2390 2125 2394 ·

321 2835 399 2857 num
413 2822 512 2856 hodie
524 2820 580 2854 dat
594 2817 742 2852 novellus
764 2815 944 2859 Episcopus
955 2839 962 2846 .
1074 2813 1152 2849 ibid.
1269 2818 1425 2861 gitimum
1438 2818 1633 2852 Pontificem
1645 2820 1806 2855 affirment
1818 2846 1825 2852 .
1987 2835 2068 2871 ²37·
2079 2836 2100 2861 2

270 2873 464 2908 Benedictio
473 2868 690 2915 Apostolicaa
703 2867 860 2900 Romano
876 2864 1036 2898 Pontifice
1044 2863 1152 2900 absen-
1220 2866 1413 2902 Benedictus
1425 2869 1480 2901 1X.
1504 2867 1726 2904 schismaticus
1738 2871 1868 2905 decimo
1889 2874 1990 2906 aetatis
2010 2885 2100 2907 anno

321 2923 407 2957 tibus
418 2922 576 2960 mittitur,
598 2918 708 2961 estque
721 2927 792 2949 mos
804 2915 858 2949 ille
869 2915 1030 2957 antiquus.
1050 2926 1154 2962 2532

269 2972 461 3007 Benedistio
486 2971 590 3014 prima
615 2967 768 3012 Episcopi
791 2964 876 3009 apud
894 2975 954 2998 nos
976 2976 1097 3010 magno
1117 2965 1151 2999 in

318 3022 446 3067 pretio,
471 3021 506 3055 &
518 3021 611 3054 dives
622 3016 750 3063 magnis
763 3015 998 3059 Indulgentiis.
1076 3015 1156 3050 ibid.

270 3072 459 3107 Benedictio
472 3067 675 3114 Episcopalis
687 3066 806 3112 quibus
818 3066 898 3101 locis
908 3066 941 3099 &
953 3065 1154 3108 temporibus

322 3123 391 3157 dari
403 3119 630 3156 consueverit.
1029 3127 1106 3162 254.
1125 3128 1152 3152 1.

269 3172 460 3208 Benedic'iio
469 3171 569 3205 etiam
579 3169 620 3203 ab
627 3168 737 3202 alieno
746 3168 912 3211 Episcopo
921 3166 1149 3209 petenda.ibid.

270 3223 464 3258 Benedistio
475 3232 543 3255 non
555 3218 683 3254 tantum
694 3218 734 3252 ab
747 3218 916 3261 Episcopis
927 3240 938 3256 ‚
963 3215 1016 3250 sed
1028 3216 1125 3252 etiam
1136 3219 1152 3252 ‘a

321 3271 521 3314 Presbyteris
530 3282 567 3304 ac
576 3267 754 3303 Monachis
764 3266 1150 3310 petita&impensa.ibid.2

269 3323 463 3359 Benedit'iio
490 3321 683 3355 abeuntium
710 3319 728 3353 a
750 3326 940 3352 remanente
967 3316 1130 3361 Episcopo
1143 3344 1153 3359 ‚

317 3375 367 3408 vel
383 3370 622 3408 remanentium
639 3370 657 3405 a
668 3367 835 3405 recedente
858 3367 958 3416 petita
970 3390 982 3409 ‚
1010 3369 1153 3403 maxime

319 3423 354 3458 iu
367 3421 578 3459 Monasteriis
593 3446 600 3453 .
1072 3418 1150 3454 ibid.

1271 2918 1412 2952 intrusus
1430 2918 1463 2951 in
1478 2919 1592 2953 Sedem
1603 2918 1848 2964 Apostolicam.
1987 2923 2063 2970 236.
2079 2934 2099 2960 r.

1219 2967 1492 3002 Beneficiatorum
1516 2969 1550 3002 in
1563 2971 1664 3004 Curia
1686 2972 1897 3005 morientium
1919 2972 2029 3016 regula
2041 2971 2102 3007 ho-

1267 3018 1380 3053 dierna
1392 3018 1551 3053 Romanae
1564 3020 1708 3054 Ecclefiae
1725 3021 1867 3064 antiquis
1877 3020 2100 3058 fundamentis

1267 3068 1384 3103 nititur
1398 3095 1405 3102 .
1981 3071 2061 3119 368-
2078 3084 2098 3110 1

1219 3116 1421 3153 Beneficium
1446 3120 1706 3156 Ecclefiasticum
1724 3120 1766 3155 ab
1787 3120 1911 3156 Officio
1935 3132 2004 3157 non
2017 3124 2103 3167 sepa-i

1267 3170 1420 3204 randum.
1453 3182 1507 3217 71.
1520 3182 1550 3206 2.
1580 3171 1668 3206 Vide
1690 3174 1821 3205 simonia
1832 3196 1839 3203 .

1217 3218 1335 3254 Benno
1345 3220 1528 3255 Cardinalis
1541 3223 1670 3265 perpeti
1693 3222 1803 3255 irridet
1816 3221 1979 3256 institutas
1990 3222 2008 3257 ὲ
2021 3223 2099 3258 Gre-

1267 3271 1502 3314 gorioV11.pro
1514 3272 1661 3314 quorfidfi
1675 3270 1864 3315 hesitatione
1876 3283 1990 3315 preces.
2002 3284 2064 3318 ¹47·
2073 3285 2095 3309 2

1220 3321 1388 3354 Bennonis
1401 3321 1591 3356 mendacia.
1620 3332 1672 3368 50.
1689 3333 1717 3358 1.
1734 3321 1897 3356 Adversus
1919 3324 2096 3357 Decretum

1269 3370 1421 3415 Gregorii
1434 3371 1744 3407 VILaccusationes.
1758 3370 1965 3407 60.1.Toties
1977 3374 2096 3405 menti-

1269 3431 1320 3455 tur
1332 3421 1519 3466 splendide,
1547 3432 1583 3457 ut
1594 3423 1692 3457 etiam
1717 3432 1789 3458 vera
1802 3419 1924 3457 dicenti
1945 3431 2013 3456 non
2028 3425 2098 3464 pos-

2010 3471 2048 3505 lit
