2352 3756
103 1721 165 1751 Lib.
192 1731 217 1750 ι.

421 156 490 184 DE
527 139 789 183 ROMANA
828 135 1266 179 Eprscovouum
1302 145 2004 203 cousecizAT10N5.-387

243 224 409 259 Thracica
421 249 432 264 ,
461 224 605 258 Asiatica
619 247 630 262 ‚
656 220 799 254 Pontica
813 243 823 259 ,
837 219 870 253 &
885 218 1040 252 Africana
1055 243 1062 249 .
1088 218 1130 261 Et

240 276 339 309 trium
365 276 507 320 priorum
533 271 678 306 Exarchi
704 280 796 305 erant
819 267 961 302 omnino
985 269 1130 301 Autoce-

240 325 350 368 phali.
379 326 472 358 Hinc
486 325 526 357 ad
540 320 625 357 idem
639 321 805 365 fastigium
826 318 1006 362 adspirabat
1031 319 1130 351 Exar-

240 377 321 409 clius
335 373 628 418 Carthaginensis.
656 372 700 404 Et
724 383 765 404 ex
787 381 854 413 quo
879 379 1027 412 tempore
1053 368 1129 401 San-

240 429 308 460 C‘tus
319 426 532 469 Cyprianus,
561 424 742 457 &Sanetus
766 419 1001 459 Firmilianus‚
1029 418 1131 451 Caesa-

239 477 350 510 riensis
363 477 397 509 in
411 473 620 517 Cappadocia
634 471 816 514 Episcopus
827 494 837 509 ‚
859 468 1028 502 Exarchus
1044 468 1129 501 Pon·

239 526 312 560 ticae
326 526 513 560 Dioeceseos
524 549 534 564 ,
561 532 674 557 contra
687 522 840 555 Sanctum
853 518 1049 553 Pontificem
1062 519 1130 552 Ste-

240 574 388 619 phanum
402 599 414 615 ,
440 575 474 609 ὃ(
487 575 602 608 datum
622 581 678 605 aut
690 580 861 613 acceptum
877 570 912 602 in
938 567 1042 602 haeresi
1069 568 1129 601 Ba-

239 626 397 669 ptismum
421 648 431 663 ,
456 625 700 666 conjunxerunt
728 622 762 656 &
786 629 960 653 erexerunt
984 629 1128 656 cornua,

238 674 384 709 ambitus
406 674 574 718 insigniter
597 671 739 708 excrevit
755 695 762 701 .
789 670 894 713 Igitur
918 668 1069 702 adversus
1091 668 1129 700 il-

239 726 310 759 lum
322 724 429 760 edixit
440 723 584 767 Syricius
596 737 606 756 .·
633 721 796 763 Apostolicae
807 721 895 753 sedis
908 744 917 759 ‚
932 719 967 749 id
978 718 1016 760 ι’(ίι
1027 741 1038 756 ,
1063 719 1128 749 Pri-

239 781 333 808 matis
351 800 358 807 .
399 774 516 808 Edixit
545 773 708 807 Africanae
734 770 884 804 Ecclesiae
910 767 1039 801 nullum
1066 769 1127 800 este

238 824 431 858 Exarchum
447 849 457 864 ‚
485 825 539 857 seu
552 820 819 863 Autocephalum
841 819 1018 851 primatem
1032 841 1043 857 ‚
1070 817 1127 849 nisi

239 875 348 908 solum
361 874 562 916 Episcopum
583 873 835 904 Romanorum.
868 867 1013 900 Proinde
1039 867 1127 901 Afri-

238 924 316 957 cani
330 923 484 967 Episcopi
496 918 638 955 omnino
652 920 795 961 speetant
817 915 858 950 ad
880 916 1124 951 ordinationem

239 975 429 1008 Romanam
445 998 455 1013 ,
483 971 624 1014 ideoque
638 969 724 1012 ipsos
741 967 898 1000 Pontifex
912 978 980 1000 non
995 966 1126 1000 tantum

239 1024 354 1067 praevie
363 1024 558 1056 confirmare
573 1019 677 1064 potest
690 1043 701 1058 ‚
730 1018 784 1051 sed
797 1018 830 1050 ὃς
842 1018 1029 1052 consecrare
1040 1043 1048 1051 .
1074 1018 1127 1051 In-

238 1074 335 1107 terim
363 1072 414 1106 illi
441 1072 613 1113 antiquum
642 1079 769 1102 morem
795 1078 863 1101 non
890 1077 1126 1101 correxerunt.

236 1123 454 1156 Perrexerunt
479 1121 561 1155 citra
594 1120 743 1162 praeviam
770 1116 917 1150 Romani
954 1117 1127 1152 Pontificis

238 1173 527 1206 confirmationem
539 1170 725 1204 consecrare
739 1193 746 1199 .
773 1167 878 1201 Lucet
899 1178 941 1200 ex
965 1167 1061 1201 variis
1082 1167 1127 1200 lo-

238 1224 285 1255 cis
295 1223 402 1257 Sand'ti
415 1220 595 1265 Augustini
609 1243 620 1259 ‚
641 1231 680 1253 ac
692 1218 798 1251 Sanffi
812 1216 1019 1257 Poffidonii,
1047 1218 1125 1251 item

236 1284 279 1306 ex
292 1273 387 1306 variis
399 1271 563 1306 Africanis
574 1268 717 1312 Synodis
728 1293 735 1299 .
762 1266 893 1310 Nempe
904 1268 1033 1315 suarum
1048 1279 1127 1302 con-

239 1322 452 1356 suetudinum
479 1321 554 1355 Afri
577 1327 670 1354 erant
692 1318 901 1361 pertinaciter
916 1327 1065 1358 tenaces,
1093 1318 1126 1352 &

239 1373 361 1415 Syricii
372 1367 777 1407 Succefforesdiffimulare
790 1367 973 1402 maluerunt
984 1391 996 1409 ,
1022 1367 1121 1410 quam

239 1423 370 1469 litigare
384 1449 392 1455 .

291 1474 492 1518 Apostolicae
512 1472 603 1507 Sedis
619 1471 669 1513 jus
683 1470 853 1515 insigniter
868 1469 1038 1513 profitetur
1049 1468 1124 1502 Ma-

237 1535 328 1568 gnus
357 1523 516 1558 Afrorum
544 1523 672 1557 Doctor
698 1522 831 1555 Sanetus
857 1521 1002 1563 Optatus
1027 1519 1126 1552 Mile-

238 1574 368 1608 vitanus
390 1574 572 1617 Episcopus
587 1600 595 1609 ,
621 1572 654 1605 A
679 1572 832 1605 Romana
846 1566 1125 1604 SanstiMelchia-

238 1624 292 1656 dis
315 1624 490 1658 Pontificis
503 1622 643 1666 Synodo
669 1622 786 1654 factam
814 1620 944 1654 Donati
973 1620 1010 1653 in
1035 1619 1126 1653 Casis

235 1673 340 1718 nigris
360 1672 517 1715 Episcopi
541 1670 791 1704 damnationem
818 1670 956 1712 exponit
979 1694 991 1710 ,
1028 1679 1125 1712 atque

235 1723 461 1765 prosequitur:
487 1721 602 1754 Eodem
623 1726 752 1761 tempore
774 1719 853 1750 idem
867 1722 1126 1757 Donaturpetiit,

234 1782 272 1805 ut
292 1780 320 1805 et
342 1777 454 1805 reverti
475 1772 520 1802 ad
539 1769 754 1811 Carthaginem
766 1773 948 1810 contingeret
966 1792 972 1798 .
998 1769 1080 1798 Tunc
1104 1767 1124 1797 ἃ

236 1822 406 1862 Filumnio,
429 1822 491 1862 ejus
513 1818 737 1862 Suffragatore,
762 1821 939 1859 Imperatori
959 1813 1125 1858 suggestum

236 1871 299 1912 est,
325 1881 358 1904 ut
373 1871 446 1904 bono
464 1875 552 1911 pacis
574 1869 756 1902 Caecilianus
779 1869 901 1900 Brixiae
926 1870 1121 1899 retineretur.

235 1925 284 1954 Et
297 1921 418 1962 fac‘lum
439 1919 476 1959 est
487 1944 494 1951 .
523 1922 605 1952 Tunc
624 1920 680 1950 duo
694 1916 837 1959 Episcopi
851 1917 896 1948 ad
906 1915 1040 1955 Africam
1054 1913 1126 1953 miffi

231 1969 324 2015 sunt,
352 1973 521 2003 Eunomius
542 1970 577 2001 (⁸5
599 1967 749 2008 olimpius
772 1989 783 2004 ,
808 1972 842 1998 ut
865 1970 984 1998 remotis
1009 1963 1123 1997 duobus

236 2032 329 2055 unum
338 2021 530 2052 ordinarent.
560 2021 713 2049 Venerunt
726 2014 944 2056 Carthaginem
957 2027 968 2046 :
987 2019 1123 2047 Fuerunt

233 2079 290 2113 per
311 2069 513 2112 quadraginta
537 2067 602 2098 dies
623 2089 636 2104 ‚
673 2072 706 2098 ut
724 2069 954 2105 pronuntiarent
980 2064 1031 2096 ubi
1057 2064 1123 2107 effet

237 2119 396 2153 Catholica
418 2144 425 2150 .
451 2120 507 2150 Hoc
521 2112 662 2159 fiditiosa
681 2122 762 2156 pars
783 2117 895 2146 Donati
915 2113 983 2155 fieri
1004 2124 1062 2145 non
1087 2113 1124 2153 cst

231 2170 336 2213 paffa.
365 2170 450 2216 Qae
470 2166 568 2200 verba
585 2162 670 2199 reste
694 2173 941 2198 commentatur
973 2162 1121 2208 Magnus

237 2219 418 2254 Gallicanae
443 2216 592 2251 Ecclefiae
611 2214 740 2249 Dostot
751 2212 885 2248 Gabriel
899 2210 1124 2256 Alba'spinaeus

235 2268 483 2304 Aurelianensis
503 2266 684 2309 Episcopus
707 2277 715 2296 :
749 2264 868 2306 Necesse
889 2263 926 2302 est
942 2262 1044 2305 fateri
1070 2263 1122 2296 hos

236 2321 310 2353 duos
323 2316 481 2360 Episcopos-
495 2341 507 2357 ,
534 2319 715 2348 Eunomrum
728 2324 762 2346 ac
774 2315 936 2355 Olimpium
947 2338 958 2354 ,
983 2315 1004 2346 ai
1007 2312 1124 2356 summo

236 2368 378 2409 Pontifice
391 2367 479 2409 fuisse
500 2366 610 2409 missos.
639 2366 776 2407 Alioquin
793 2363 967 2405 potestatem
987 2375 1045 2397 non
1068 2363 1123 2396 ha-

235 2418 358 2462 buissent
376 2419 467 2450 alium
494 2421 527 2448 in
541 2414 643 2457 Africa
653 2415 816 2448 ordinandi
827 2438 834 2444 .
860 2414 922 2447 sed
932 2422 1004 2447 nota
1018 2438 1029 2454 ,
1057 2425 1125 2456 que·

236 2469 428 2502 madmodum
453 2467 600 2500 ordinatio
624 2470 657 2498 in
683 2465 755 2496 aliis
785 2466 956 2496 Provinciis
977 2465 1012 2497 (9⁶
1037 2464 1122 2507 longe

236 2520 339 2560 diffisis
361 2516 452 2560 potest
479 2516 618 2550 celebrari
639 2515 659 2547 ἃ
677 2513 793 2556 summo
820 2513 962 2555 Pontifice
981 2537 991 2545 .
1027 2515 1119 2560 Qia

234 2580 357 2612 nempe
379 2580 421 2601 ex
443 2565 640 2609 Apostolico
663 2565 804 2598 Canone
829 2565 949 2605 spediat
970 2563 1010 2596 ad
1033 2563 1119 2598 Pon-

236 2620 376 2653 tificem.
403 2617 473 2651 Hic
494 2624 567 2650 eam
589 2613 634 2649 ob
656 2612 781 2647 itineris
802 2612 1120 2657 molestiasgratiose

237 2669 390 2713 indulget
411 2665 661 2700 Provinciarum
687 2662 883 2706 Episcopis,
910 2661 1051 2706 ideoque
1077 2674 1118 2698 ex

235 2719 337 2753 causis
356 2717 462 2762 potest
486 2716 589 2759 ipsam
612 2724 762 2748 revocare
774 2713 815 2746 ad
828 2714 881 2752 se,
908 2712 959 2746 vel
982 2713 1055 2746 aliis
1067 2714 1119 2748 de-

235 2770 362 2812 legare.
394 2768 437 2801 Et
456 2765 590 2810 quidem
605 2765 740 2798 Sanstus
752 2764 894 2807 Optatus
905 2763 1053 2804 loquitur
1076 2762 1117 2798 de

237 2820 304 2862 ipsa
329 2817 513 2853 Primatiali
534 2812 786 2859 Carthaginensi
814 2812 979 2847 Ecclesia.
1008 2812 1116 2848 Etiam

236 2879 314 2902 nota
326 2892 336 2908 ,
356 2866 448 2912 quod
460 2865 597 2900 laudatae
610 2890 621 2905 ,
648 2874 748 2908 quam
762 2863 886 2897 clarum
896 2863 940 2897 est
956 2863 1050 2897 fuisse
1058 2863 1117 2898 Pa-

234 2917 439 2951 triarchalem
453 2941 464 2956 ‚
489 2914 689 2950 Melchiadis
700 2914 839 2957 Synodo
860 2913 1024 2947 adfuerint
1047 2912 1116 2948 Me-

235 2970 338 3001 rocles
358 2965 631 3004 Mediolanensis‚
656 2965 830 2998 Maternus
844 2962 1114 3007 Agrippinensis,

234 3014 411 3051 Rheticius
423 3014 727 3059 Augustodunenfis
739 3037 750 3053 ,
769 3025 807 3048 ac
820 3012 974 3047 Marinus
983 3014 1115 3057 Episco-

232 3078 294 3110 pus
318 3066 536 3101 Arelatensis.
564 3066 618 3099 Ex
642 3075 708 3109 quo
732 3063 871 3100 vides&
886 3063 1057 3105 Italicam,
1082 3066 1114 3100 δε

229 3127 367 3152 omnem
386 3115 594 3150 Gallicanam
618 3114 792 3148 Dioecefim
812 3123 892 3147 tunc
915 3114 1062 3156 spestasse
1073 3116 1113 3150 ad

232 3166 431 3211 Synodum,
458 3164 600 3207 ideoque
621 3164 656 3198 &
675 3164 716 3198 ad
739 3165 1021 3199 consecrationem
1043 3164 1109 3199 Ro·

228 3218 321 3252 mani
344 3215 538 3251 Pontificis.

281 3267 371 3301 Istud
384 3266 545 3299 Romanae
558 3263 762 3306 Ecclesiaejus
784 3264 895 3299 laudat
920 3263 1019 3300 etiam
1040 3266 1109 3302 Ma-

231 3329 316 3361 gnus
340 3315 538 3361 Gregorius.
566 3313 788 3348 Dominicum
812 3313 1105 3359 Carthaginensem

231 3368 409 3402 Primatem
430 3364 472 3400 de
492 3364 584 3398 fastis
603 3363 798 3408 quibusdam
822 3364 1034 3400 relationibus
1044 3366 1108 3401 lau-

228 3418 309 3460 dat,
335 3427 431 3458 atque
443 3414 612 3458 adjungit:
638 3415 765 3447 §cientes
772 3423 946 3457 praterea,
972 3417 1050 3451 unde
1076 3422 1108 3449 in

329 3466 434 3508 christ.
450 3470 528 3508 Lupi
540 3469 639 3507 Opera
651 3467 685 3496 T.
699 3466 747 3497 VI.

1195 215 1345 257 Africanis
1354 217 1497 259 partibus
1517 218 1672 264 sumpserit
1693 226 1850 258 Ordinatio
1872 227 2064 259 sacerdotalis

1193 269 1345 300 exordium
1357 293 1367 308 ‚
1397 267 1586 300 laudabiliter
1596 279 1686 313 agitis
1698 298 1708 312 ‚
1734 278 1816 316 quod
1835 277 1939 309 ‚sedem
1953 278 2062 318 Aposto-

1192 320 1278 350 licam
1292 319 1439 361 diligendo
1449 342 1459 356 ‚
1472 319 1517 349 ad
1525 317 1605 358 officii
1620 322 1708 358 vestri
1719 331 1857 367 originem
1865 328 2012 366 prudenti
2022 338 2066 358 re-

1191 370 1356 401 cordatione
1379 372 1546 400 recurritis.
1577 367 1679 414 Qiod
1703 370 1856 407 Africana
1873 375 2010 410 Ecclesia
2022 378 2064 412 ab

1193 419 1263 462 ipsis
1285 418 1456 461 Apostolis
1473 428 1540 451 non
1565 418 1725 461 acceperit
1747 421 1983 466 Evangelium‚
2009 427 2064 461 sed

1191 469 1287 501 serius
1309 468 1483 501 crediderit
1503 492 1514 508 ,
1543 468 1715 509 aliquoties
1738 472 1907 512 profitetur
1929 476 2063 510 Sanctus

1192 518 1414 563 Augustinus.
1443 518 1546 565 Qod
1570 518 1588 551 a
1613 518 1764 554 Romana
1787 519 1925 556 Ecclesia
1937 535 2064 569 accepe-

1191 569 1232 601 rit
1256 569 1376 609 primos
1396 568 1558 602 Doctores
1574 578 1672 610 atque
1685 568 1882 614 Episcopos,
1908 573 2064 616 gloriatur

1190 618 1223 650 in
1252 618 1535 660 Praescriptionum
1563 618 1648 651 libro
1676 618 1926 654 Tertullianus:
1965 625 2063 658 Habes
2078 609 2148 645 cap·
2172 613 2218 644 3⁶·

1190 672 1314 700 Romam
1329 693 1338 708 ,
1364 669 1441 701 unde
1464 668 1547 700 nolus
1570 679 1680 710 quoque
1702 670 1864 703 auHoritas
1881 671 1987 712 praesto
2005 674 2042 712 est
2056 701 2063 707 .

1188 718 1250 752 Per
1282 718 1506 752 au&01·itatem
1533 718 1675 751 omnino
1702 720 1859 764 intelligit
1879 721 2063 766 originem.

1188 768 1335 801 Proinde
1358 768 1514 802 Africana
1539 768 1681 802 Ecclesia
1705 768 1751 802 est
1777 769 1936 805 Romanae
1947 773 2064 808 tradux

1187 819 1222 852 &
1245 819 1378 852 colonia
1400 843 1410 859 ,
1449 830 1486 852 ac
1507 818 1557 851 illi
1584 818 1660 852 fecit
1686 819 1798 854 nescio
1819 819 1892 862 quis
1911 824 2064 867 antiquus

1189 867 1344 902 Pontifex
1368 869 1456 911 quod
1481 868 1694 912 Bulgarorum
1718 870 1863 904 Ecclesiae
1874 871 2064 907 fecitNico-

1188 918 1257 952 laus
1282 918 1426 961 primus.-
1453 923 1511 951 Vos
1528 918 1592 959 five
1616 919 1847 960 Patriarcham,
1867 919 1932 962 five
1947 923 2063 957 Archio—
2090 952 2099 957 .

1186 966 1333 1011 ρι’[σοριινη
1345 993 1356 1009 ,
1374 967 1440 1009 five
1460 967 1640 1011 Episcopum
1653 969 1737 1003 vobis
1748 972 1883 1004 ordinari
1890 971 2040 1014 postuletis
2052 997 2063 1013 ‚
2079 952 2196 1026 {p'73w'

1187 1020 1207 1050 ἁ
1228 1025 1346 1052 nemine
1371 1018 1448 1051 bunc
1469 1020 1545 1052 velle
1569 1021 1796 1062 congruentius,
1822 1022 1911 1063 quam
1932 1024 2066 1056 ciPon'ti-
2161 1011 2170 1018 ”

1184 1066 1235 1109 fiee
1252 1071 1338 1102 Sedis
1360 1070 1455 1103 Beati
1478 1071 1584 1110 Petri,
1613 1073 1633 1102 ἅ
1657 1082 1713 1113 quo
1750 1073 1784 1105 (5
1805 1070 2004 1114 Episcopatus
2028 1075 2061 1106 o·

1192 1119 1372 1161 apostolatus
1394 1118 1514 1161 sumpsit
1536 1125 1655 1152 initium
1672 1145 1683 1161 ,
1710 1123 1844 1154 ordinari
1865 1123 1977 1155 valetis
1991 1148 1998 1155 .
2027 1128 2064 1156 In

1189 1180 1241 1211 quo
1259 1169 1306 1202 hic
1329 1168 1367 1208 est
1387 1171 1456 1201 ordo
1476 1168 1649 1211 servandus
1672 1192 1683 1208 ‚
1724 1180 1755 1202 ut
1777 1172 1916 1205 videlicet
1937 1175 1957 1204 ἂ
1978 1173 2065 1206 Sedis

1193 1219 1354 1261 Apostoli-at
1381 1217 1510 1260 Praesulc
1528 1218 1566 1259 fit
1587 1231 1664 1252 nunc
1685 1221 1770 1253 vobis
1796 1220 1958 1264 Episcopus
1970 1221 2065 1265 conse-

1189 1270 1338 1308 crandus,
1364 1273 1439 1310 qui,
1460 1267 1489 1307 fi
1509 1268 1619 1309 Christi
1644 1268 1731 1303 Plebs
1754 1270 1816 1313 ipso
1836 1272 1999 1314 praestante
2009 1283 2066 1306 cre-

1189 1318 1241 1360 scit
1256 1343 1267 1358 ,
1294 1317 1566 1361 Archiepiscopatus
1582 1321 1746 1363 privilegia
1762 1330 1819 1362 per
1841 1333 1893 1355 nos
1918 1327 2063 1364 accipiat,

1192 1371 1224 1403 ό·
1245 1375 1290 1402 ita
1314 1369 1433 1401 demum
1454 1367 1613 1411 Episcopes
1627 1368 1684 1411 sibi
1705 1371 1882 1410 constituat,
1905 1378 1955 1413 qui
1973 1377 2004 1404 ei
2019 1375 2069 1406 de-

1189 1421 1303 1453 cedenti
1326 1418 1505 1462 Successorem
1514 1419 1648 1463 eligant,
1677 1422 1842 1462 &propter
1854 1422 2068 1465 longitudinem

1189 1474 1306 1502 itineris
1334 1481 1392 1502 uon
1398 1471 1468 1510 jam
1491 1468 1546 1502 huc
1567 1468 1772 1511 consecrandus
1786 1494 1795 1510 ,
1821 1477 1873 1513 qui
1898 1471 2005 1506 electus
2030 1471 2068 1511 est

1189 1525 1310 1560 veniat,
1332 1518 1392 1562 sed
1407 1518 1483 1555 hunc
1503 1518 1665 1561 Episcopi,
1691 1526 1741 1563 qui
1756 1520 1794 1552 ab
1804 1521 1927 1555 obeunte
1950 1521 2068 1555 Archit-

1184 1568 1300 1612 piscopo
1322 1567 1477 1612 consecrati
1485 1567 1579 1611 sunt,
1600 1569 1688 1611 fimul
1699 1577 1862 1614 congregati
1873 1571 2067 1610 constituant.

1189 1620 1322 1654 Cunctis
1334 1643 1345 1659 ‚
1371 1619 1450 1653 dum
1472 1619 1650 1653 admittunt
1662 1620 1883 1665 Evangelium
1896 1646 1908 1662 ,
1933 1622 2069 1656 remotis

1189 1669 1346 1712 gentibus
1370 1670 1512 1712 primum
1524 1669 1724 1713 Episcopum
1738 1673 1926 1706 consecrare
1937 1673 2070 1706 consue-

1186 1718 1235 1750 vit
1258 1718 1431 1751 Romanus
1453 1717 1612 1752 Pontifex
1635 1744 1647 1759 ,
1680 1721 1713 1753 &
1733 1718 1839 1761 quivis
1859 1720 2070 1760 Patriarcha,

1188 1779 1225 1800 ac
1252 1767 1478 1800 Succeflorum
1499 1768 1778 1802 consecrationem
1805 1769 2071 1804 provincialibus

1185 1815 1230 1849 ob
1240 1816 1369 1848 itineris
1381 1815 1543 1850 molestias
1554 1816 1724 1862 indulgere
1735 1843 1742 1851 .
1765 1818 1992 1854 Demonstrati
2004 1819 2071 1855 hoc

1187 1863 1291 1910 potest
1315 1865 1463 1907 plurimis
1484 1867 1662 1909 exemplis.

1236 1914 1388 1948 Eandem
1401 1915 1563 1949 Romanae
1573 1917 1725 1952 Ecclesiae
1748 1920 1940 1962 potestatem
1966 1921 2068 1956 nostri

1185 1965 1316 2008 septimi
1329 1965 1483 2009 Gregorii
1497 1976 1645 2010 tempore
1655 1969 1824 2012 insigniter
1837 1971 1969 2014 profem
1991 1973 2068 2006 sunt

1184 2015 1344 2058 Cyriacus
1367 2014 1678 2060 Carthaginensium
1706 2018 1831 2053 Primas
1855 2045 1866 2060 ,
1904 2033 1941 2054 ac
1963 2020 2071 2054 Anzit

1184 2065 1419 2099 Saracenorum
1430 2065 1506 2099 Rex
1519 2066 1554 2099 in
1566 2065 1707 2100 Sitifensi
1720 2067 1921 2104 Mauritania
1935 2095 1942 2102 .
1972 2070 2071 2104 Adeo

1182 2115 1326 2149 desolata
1338 2124 1418 2148 tunc
1427 2123 1493 2148 erat
1509 2114 1665 2149 Africana
1681 2117 1824 2151 Ecclesia
1839 2142 1849 2157 ,
1876 2129 1912 2152 ut
1932 2130 2001 2153 non
2016 2119 2071 2155 ha-

1182 2163 1273 2199 beret
1296 2164 1354 2198 nisi
1377 2164 1461 2199 duos
1482 2164 1684 2208 Episcopos:
1718 2166 1847 2210 Nempe
1871 2169 1977 2210 ipnim
2002 2170 2068 2213 Cy—

1183 2216 1306 2249 riacum
1328 2238 1339 2254 ‚
1365 2215 1399 2248 &
1426 2214 1534 2248 nescio
1551 2225 1649 2257 quem
1672 2215 1773 2249 alium
1793 2218 2023 2253 consecratum
2046 2221 2066 2254 a

1183 2264 1366 2309 Gregorio.
1394 2265 1499 2299 Hunc
1527 2263 1687 2307 Cyriacus
1709 2289 1720 2305 ,
1745 2267 1822 2309 quia
1842 2268 1930 2302 solus
1954 2271 2066 2304 conse-

1184 2326 1270 2349 crare
1292 2325 1360 2347 non
1381 2323 1532 2358 poterat,
1557 2315 1704 2350 Romam
1726 2317 1858 2351 miserat
1878 2320 2066 2354 consecran-

1183 2366 1280 2399 dum.
1307 2365 1436 2398 Interea
1446 2364 1552 2398 Anzit
1563 2365 1662 2399 etiam
1675 2364 1735 2400 sibi
1747 2365 1883 2401 subditis
1907 2366 2063 2404 Christia-

1183 2415 1234 2449 nis
1246 2415 1386 2459 permisit
1399 2415 1479 2459 eligi
1492 2414 1691 2458 Episcopum
1702 2441 1714 2457 ‚
1740 2427 1838 2459 atque
1861 2418 1980 2453 electus
1997 2421 2062 2454 fuit

1185 2465 1369 2500 Servandus
1381 2465 1554 2507 Presbyter
1564 2490 1571 2497 .
1600 2467 1643 2499 Et
1651 2467 1727 2507 quia
1737 2468 1836 2501 etiam
1849 2468 1916 2504 duo
1928 2470 2060 2512 Episco-

1184 2517 1216 2559 pi
1230 2516 1416 2549 consecrare
1430 2527 1498 2549 non
1512 2516 1643 2558 posi'unt
1653 2539 1666 2556 ,
1691 2516 1839 2551 similiter
1851 2517 1939 2553 hunc
1949 2521 1982 2553 &
1994 2520 2061 2564 Cy-

1184 2566 1287 2599 riacus
1314 2564 1589 2608 Archiepiscopus
1610 2566 1644 2599 &
1665 2565 1771 2600 Anzit
1802 2567 1879 2603 Rex
1902 2570 2059 2605 miserunt

1183 2615 1326 2649 Romam
1341 2640 1351 2656 ,
1376 2615 1410 2648 &
1434 2615 1638 2658 postularunt
1649 2618 2056 2664 consecrariaGregorio.

1183 2666 1341 2699 Sitifensis
1353 2664 1554 2699 Mauritania
1566 2665 1612 2699 est
1625 2665 1732 2700 vicina
1741 2667 1910 2711 Hispaniae
1919 2692 1930 2708 ‚
1955 2681 2057 2705 remo-

1180 2724 1212 2750 ta
1224 2716 1265 2749 ab
1283 2715 1391 2748 Italis:
1420 2715 1463 2748 Et
1478 2715 1540 2749 isto
1552 2714 1660 2750 adhuc
1672 2724 1818 2761 tempore
1827 2718 1978 2753 Saraceni
1999 2721 2057 2755 do-

1182 2765 1389 2799 minabantur
1400 2765 1588 2807 Hispaniis.
1616 2767 1685 2800 Cur
1694 2768 1771 2811 ergo
1786 2767 1893 2802 Anzir
1902 2769 1978 2804 Rex
1990 2771 2057 2805 ser-

1181 2815 1324 2850 vandum
1334 2827 1401 2849 non
1415 2816 1500 2849 misit
1522 2815 1562 2850 ad
1586 2815 1825 2859 Hispaniarum
1847 2818 2025 2863 Episcopos
2040 2821 2056 2851 ?

1182 2866 1270 2912 Quia
1291 2866 1412 2909 peritus
1422 2874 1489 2899 erat
1502 2864 1763 2901 Christianorum
1775 2869 1951 2903 Canonum
1962 2893 1973 2908 ,
1998 2871 2055 2913 qui

1178 2917 1307 2950 cunstas
1321 2917 1480 2949 Afrorum
1504 2914 1702 2951 Antistiturn
1724 2919 1981 2954 consecrationes
2002 2920 2056 2954 de-

1178 2966 1283 3001 ferunt
1300 2965 1467 3009 Episcopo
1490 2964 1720 3001 Romanorum
1735 2991 1743 2999 .
1771 2968 1815 3001 Et
1840 2967 1919 3002 hinc
1940 2969 1981 3002 de
1998 2969 2056 3003 ob·
2073 2978 2133 3008 Lib.
2157 2988 2184 3015 3.

1178 3016 1305 3073 servatis
1325 3015 1377 3051 his
1402 3016 1598 3052 Canonibus
1623 3018 1744 3062 gratias
1767 3018 1816 3053 illi
1838 3018 1907 3062 egit
1930 3018 2057 3065 Grego·
2072 3020 2121 3057 Ep.
2146 3029 2191 3054 19·

1177 3078 1257 3102 ‘lus—
2073 3069 2118 3089 ΖΘ.
2143 3069 2187 3087 21.

1558 3470 1639 3507 Kk
1690 3486 1713 3512 2
1911 3471 1998 3508 CA-
