2372 3756
399 140 500 198 '²1:28

715 140 755 193 Sp
794 140 1113 194 Caroeam
1150 150 1384 189 scanni
1419 140 1779 193 pontificis

328 226 514 265 committit
538 233 610 262 non
634 224 736 261 solam
763 226 1024 265 inobedientiam
1050 249 1061 266 ,
1094 224 1149 267 sed
1181 224 1215 258 δε
1280 222 1602 267 &distantfibabent
1612 225 1790 266 Monasteria
1803 238 1869 267 ,an
1878 229 2046 273 deludam,
2067 234 2101 267 ef
2113 245 2161 267 m.

331 281 457 314 curtum
471 302 479 311 .

1278 283 1364 307 ceant
1376 273 1533 316 honoribur
1549 274 1870 312 Archimandritarum·
1880 281 1911 316 E
1913 287 1927 312 t
1937 285 2042 316 amodo
2053 283 2160 318 debent

381 327 534 363 Praesenti
556 327 591 362 in
604 327 744 368 Canone
754 327 863 363 noster
876 327 1059 373 Gregorius
1070 311 1212 369 loquitur
1278 329 1408 367 accipere
1424 323 1618 368 disciplinam
1629 350 1639 366 ,
1665 335 1698 360 ut
1708 325 1807 370 nonse
1818 328 1921 361 dicant
1935 330 2160 367 archimandri-

330 388 371 414 εκ
381 376 489 412 saneti
514 377 682 414 Benediffl
693 377 821 422 Regula
832 402 843 418 ,
868 388 939 421 quae
962 376 1124 422 peregrini
1138 374 1215 408 Mo·
1279 382 1329 407 tas
1344 379 1415 417 ,qui
1425 381 1458 409 in
1469 381 1661 412 monumentis
1671 375 1827 412 habitant.
1847 378 1969 414 Trium
1982 404 1993 420 ‚
2006 392 2158 425 quatuor,

328 426 430 462 nachi
451 428 506 464 seu
528 426 570 463 ad
591 428 696 465 solum
722 426 901 470 hospitium
923 450 934 468 ‚
970 429 1025 462 seu
1047 427 1148 461 etiam
1171 423 1211 457 ad

326 476 562 520 fraternitatem
582 478 618 515 ἀ
640 477 851 512 domicilium
871 477 1048 520 recipiendi
1075 474 1212 511 modum

151 536 227 575 cap.
242 539 292 574 51.
325 528 465 573 exponit
497 552 509 569 ‚
544 537 642 570 atque
668 526 847 572 adjungit:
875 531 996 561 caveat
1019 525 1119 559 Abbas
1139 548 1150 565 ,
1177 534 1213 557 ne

325 578 492 622 aliquando
513 578 550 612 de
575 578 635 615 ‚alio
657 585 724 611 noto
737 576 909 617 Monasterio
920 575 1095 610 Monachum
1105 574 1151 608 ad
1159 572 1212 606 ba-

324 629 483 670 bitandum
496 626 638 670 suscipiat
656 625 720 668 fine
739 625 876 670 consinsit
898 626 1020 661 abbatis
1042 626 1129 666 eius,
1156 626 1211 657 au't

321 679 430 714 litteris
440 678 691 713 commendatitio
708 702 714 709 .
727 679 813 720 ‚Quia
820 676 967 721 scriptum
977 676 1034 718 est:
1058 674 1208 723 QUOD

321 727 422 770 '1131
433 727 542 761 NON
566 727 638 762 VlS
661 726 810 768 FLERI,
837 726 1022 761 ALTERI
1048 725 1115 758 NE
1137 725 1210 759 FE-

320 777 459 815 CERlS
472 803 479 810 .
505 776 633 819 Verum
655 776 735 820 quid
759 788 816 820 per
837 786 955 810 notum
968 775 1206 813 Monasterium

318 826 526 873 intelligatur
534 852 545 869 ,
573 828 619 862 est
630 837 751 871 magna
761 825 892 869 quaestio
913 827 999 861 inter
1010 825 1095 868 ipsos
1106 826 1206 863 etiam

319 878 430 917 Sanffi
443 877 611 912 Benedicti
626 877 731 909 filios.
758 875 796 908 In
806 875 922 909 litteris
933 875 973 910 ad
986 875 1096 910 nescio
1107 888 1206 922 quem

144 918 305 961 1--⁶·EPlst·
320 926 484 962 Abbatem
509 927 643 961 Sanctus
668 925 784 959 Petrus
806 925 966 960 Damiani
986 925 1095 963 scribit
1106 927 1203 965 istum

149 972 198 1002 3²,-
319 978 457 1022 Regulae
479 975 655 1009 articulum
675 973 772 1023 dirigi
795 975 834 1008 ad
860 975 1007 1011 Abbates
1027 1000 1038 1017 ‚
1064 976 1205 1022 ideoque

317 1029 404 1067 suae,
430 1023 642 1069 quaePriores
663 1024 837 1062 dumtaxat
859 1025 1037 1067 haberent,
1066 1039 1204 1073 congre-

144 1079 288 1118 pp.67.68
314 1076 460 1122 gationis
471 1074 673 1110 Monasteria
695 1074 765 1119 ipso
778 1086 846 1110 non
858 1076 1016 1121 adstringi
1031 1103 1037 1109 .
1062 1077 1102 1110 ln
1116 1077 1204 1116 binis

315 1127 358 1167 ad
371 1128 398 1164 F
401 1125 636 1161 laviniacenses
648 1124 838 1160 Monachos
848 1126 965 1161 litteris
978 1128 1113 1163 Sanctus
1127 1127 1203 1165 Ber.—

315 1177 436 1212 nardus
447 1175 513 1217 ait,
537 1177 651 1210 cuneta
672 1177 777 1212 totius
788 1176 903 1211 mundi
916 1178 1116 1215 Monasteria
1130 1189 1201 1214 non

315 1228 404 1272 po‘ffe
426 1227 490 1261 effe
509 1225 666 1265 omnibus
688 1236 791 1267 nota,
817 1227 961 1272 ideoque
982 1226 1140 1272 &Regula
1154 1229 1202 1263 in-

314 1277 424 1323 telligi
448 1276 556 1319 solum
578 1276 683 1317 illud,
711 1276 801 1320 quod
823 1277 1104 1313 Abbatialienum
1123 1278 1196 1313 Mo·

314 1326 462 1363 nachum
484 1325 672 1364 admittenti
696 1327 732 1361 sit
757 1337 875 1365 notum
897 1353 904 1359 .
931 1329 1016 1375 Qae
1039 1327 1201 1370 expositio

313 1377 408 1414 distis
420 1377 721 1412 Flaviniacenfibus
741 1377 861 1411 merito
873 1377 1056 1420 displicuit.
1087 1377 1199 1419 Placet

313 1427 398 1461 mihi
426 1427 482 1464 illa
508 1451 519 1468 ,
558 1438 658 1472 quam
685 1427 742 1463 dat
769 1428 802 1462 in
831 1427 948 1462 litteris
973 1427 1014 1462 ad
1042 1428 1201 1463 odonem

312 1477 444 1520 majoris
471 1473 668 1512 Monasterii
694 1475 860 1512 Abbatem
884 1477 1060 1513 Goffredus
1085 1478 1200 1514 Abbus

135 1540 293 1581 &tt-Epist·
314 1527 588 1563 Vindocinenfis:
615 1526 671 1566 Ubi
684 1526 810 1571 sanlius
823 1527 1000 1562 Benediaus
1022 1529 1060 1562 de
1065 1536 1197 1573 peregri-

136 1593 183 1622 μ.
313 1583 362 1619 nis
383 1577 539 1612 Monacbis
560 1583 734 1613 mentionem
764 1576 848 1619 facit
871 1603 882 1618 ,
910 1579 947 1611 de
965 1579 1028 1615 illis
1048 1580 1197 1622 quuitur,

312 1635 365 1672 qui
387 1640 419 1666 eo
428 1636 558 1670 tempore
579 1629 689 1661 mundo
698 1629 817 1670 quidem
829 1627 1068 1670 renuntiabant,
1090 1628 1154 1672 fist
1163 1635 1197 1663 in

314 1681 435 1719 Domini
450 1676 632 1719 servitutem
653 1677 829 1719 profitentes
854 1702 866 1719 ,
892 1678 1006 1716 nullam
1025 1687 1125 1713 tamen
1139 1678 1198 1721 sua

309 1728 477 1772 profeffione
489 1726 596 1761 alicubi
602 1727 762 1773 firmantes
778 1726 990 1767 stabilitatem.
1022 1732 1086 1762 Eos
1099 1732 1172 1764 vero
1184 1754 1195 1771 ,

312 1784 363 1822 qui
383 1786 461 1813 certo
485 1783 517 1814 in
536 1779 593 1811 loco
610 1776 788 1819 profitentur
801 1801 811 1817 ,
841 1777 891 1811 ubi
907 1778 1024 1821 profeffi
1039 1778 1112 1822 sunt
1124 1804 1134 1819 ‚
1160 1782 1195 1814 ό·

312 1829 447 1870 baJulare
470 1838 581 1861 crucem
605 1830 747 1868 Domini,
775 1829 810 1861 δ’
824 1831 981 1860 Dominum
998 1828 1083 1872 sequi
1095 1829 1195 1874 nei-effe

314 1879 376 1920 est,
401 1889 459 1912 non
466 1884 656 1922 peregrinam
677 1889 806 1921 quaerere
825 1877 1025 1921 sepulturam.
1057 1879 1193 1914 Existu-

309 1940 385 1972 5um
406 1939 545 1967 numero
571 1929 666 1962 fuiffe
696 1929 797 1962 etiam
837 1929 989 1963 Sanetum
1026 1929 1194 1972 Hierony·

307 1990 400 2015 mum
412 2004 422 2021 ,
450 1979 538 2018 lucet
550 1990 590 2016 ex
602 1978 670 2021 ejus
690 1978 730 2012 ad
743 1979 896 2018 Sanstum
920 1979 1097 2018 Paulinum
1122 1981 1192 2017 An-

307 2029 439 2065 tiochiae
450 2026 674 2066 patriarcham
685 2053 696 2070 ‚
722 2028 801 2063 dum
820 2027 855 2062 in
867 2028 1098 2072 Presbyterum
1111 2041 1192 2064 con-

128 2090 217 2130 fipist.
245 2093 291 2120 61.
307 2082 506 2123 sectaretur,
531 2078 787 2122 protestatione:
816 2081 848 2111 si
850 2076 892 2120 fic
913 2079 1127 2118 Presbyterium
1140 2086 1190 2113 tri1

128 2140 159 2168 ς,
188 2136 232 2163 16·
306 2132 392 2172 buis,
419 2140 452 2165 ut
465 2129 643 2163 Monachum
662 2128 745 2161 nobli-
771 2138 827 2160 non
848 2127 970 2168 auferar
984 2152 995 2169 ,
1023 2130 1131 2163 videas
1146 2130 1193 2167 ,de

297 2184 414 2224 judicio
436 2189 505 2223 tu03
528 2177 572 2221 fin
593 2187 693 2212 autem
707 2176 765 2222 sub
788 2182 904 2212 nomine
921 2179 1086 2218 Presbyteri
1111 2180 1191 2213 tollis

305 2233 380 2268 mihi
386 2240 509 2275 propter
520 2232 601 2274 quod
607 2228 749 2273 saemlum
761 2229 901 2272 dereliqui
914 2253 925 2270 ,
946 2241 996 2273 ego
1007 2228 1098 2263 habeo
1110 2230 1190 2277 quod

301 2283 421 2328 semper
439 2281 532 2316 habui
555 2306 561 2313 .
601 2280 732 2325 Utique
753 2280 937 2317 libertatem
976 2291 1186 2325 quocumque

304 2331 472 2379 migrandi
483 2357 498 2378 .—
515 2330 686 2375 Spirituali
708 2332 881 2368 connubio
903 2328 1039 2368 nolebat
1061 2330 1102 2370 ad
1128 2342 1195 2366 cer-

305 2394 376 2419 tum
402 2382 640 2417 Monasterium
660 2393 717 2417 aut
728 2383 907 2418 Ecclesiam
931 2384 1016 2419 fixus
1040 2382 1190 2430 alligari.

304 2434 356 2468 lta
379 2434 512 2468 Sanctus
524 2432 683 2468 Paulinus
705 2433 883 2474 Nolenfis,
910 2435 1045 2469 Sanstus
1062 2436 1188 2480 Grego-

304 2484 371 2526 rius
383 2484 613 2520 Nazianzenus
628 2508 638 2524 ,
664 2483 744 2518 &id
756 2484 861 2529 genus
883 2484 1016 2528 plurimi
1032 2486 1189 2520 Monasti-

290 2538 379 2571 'eam
403 2535 504 2570 vitam
527 2535 561 2569 in
575 2535 708 2578 proprio
730 2546 803 2568 rure
823 2533 881 2568 sub
894 2535 1017 2569 nullius
1031 2560 1043 2580 2
1067 2535 1124 2570 nisi
1142 2536 1187 2570 so·

307 2585 371 2620 lius
395 2584 551 2629 Episcopi
573 2609 583 2625 ‚
609 2583 799 2618 obedientia
824 2594 1004 2629 exegerunt
1026 2610 1033 2617 .
1063 2584 1188 2620 Verum

306 2647 377 2669 non
399 2646 516 2669 omnes
538 2634 672 2669 solitarii
697 2635 831 2669 fuerunt
850 2635 951 2676 tales,
979 2634 1033 2669 sed
1046 2635 1187 2679 ipsorum

307 2686 413 2729 plures
434 2687 567 2720 fuerunt
590 2683 771 2730 Girovagi,
798 2685 991 2725 Sarabaitae,
1018 2686 1187 2731 Gloffoga-

308 2734 408 2767 stores
420 2758 430 2774 ,
457 2735 498 2769 de
510 2734 629 2776 quibus
640 2734 674 2769 in
686 2735 771 2769 libro
781 2734 822 2769 de
834 2734 1080 2770 Monachorum
1091 2747 1188 2779 opere

307 2785 443 2821 Sanc‘tus
477 2783 683 2827 Augustinus
703 2809 714 2825 ‚
741 2786 776 2819 ὅ(
797 2785 853 2820 alii
887 2785 997 2820 Patres
1017 2786 1187 2830 deponunt

308 2844 422 2879 graves
444 2833 688 2876 querimonias,
711 2835 822 2869 conati
843 2837 1038 2879 compellere
1061 2836 1102 2870 ad
1114 2837 1187 2870 Coe-

308 2883 429 2919 nobia.
455 2882 662 2917 Habitabant
683 2895 741 2918 aut
762 2884 906 2925 nullibi,
932 2898 988 2921 aut
1008 2886 1042 2919 in
1063 2885 1187 2930 ignotis

308 2933 473 2979 tuguriis,
501 2933 549 2968 uti
562 2933 741 2968 turbulenti
754 2933 803 2967 illi
816 2959 827 2975 ‚
854 2933 895 2969 de
907 2936 1026 2979 quibus
1035 2936 1076 2970 ad
1090 2935 1187 2969 Chal·

308 2984 524 3020 cedonensem
544 2983 718 3027 synodum
740 2982 894 3019 dixerunt
917 2985 1110 3021 Orthodoxi
1128 2986 1188 3020 Ar·

307 3032 560 3071 chimandritaee
582 3033 728 3076 Elpidius
750 3045 999 3069 monumentorum
1021 3039 1188 3079 Procopien-

304 3083 378 3126 fiam
391 3083 479 3124 custos
493 3083 548 3124 est.
576 3083 737 3122 Eutychius
758 3086 795 3118 de
819 3083 947 3126 Bafilt'ca
970 3087 1108 3120 Celerina
1127 3086 1165 3125 est
1176 3111 1187 3128 ‚

310 3133 517 3175 Monasterium
536 3145 594 3167 non
613 3133 723 3167 babet.
750 3133 917 3171 Theodorus
940 3141 973 3169 in
994 3142 1187 3170 monumentIs

311 3182 450 3217 habitat.
478 3187 620 3218 Leontius
642 3195 679 3217 ex
691 3182 873 3227 Urs‘arioest.
902 3185 1023 3231 Hypfius
1045 3191 1077 3218 in
1089 3197 1188 3219 monu-

311 3239 421 3265 mentis
435 3233 554 3268 babitat
565 3259 576 3275 ,
603 3233 714 3268 habens
735 3235 791 3267 duo
811 3236 865 3269 vel
873 3239 936 3268 tria
947 3242 1067 3269 nomina
1078 3241 1111 3268 in
1127 3238 1186 3274 Xy·

311 3282 430 3316 locirco.
456 3286 569 3319 Paulus
590 3285 628 3318 de
640 3282 784 3324 Bithynia
804 3284 842 3326 est
854 3308 865 3324 ,
892 3284 1038 3320 habitans
1056 3284 1190 3328 solitarie

242 3334 249 3344 ⁹
313 3337 346 3365 in
357 3341 558 3366 monumento.
585 3336 775 3373 Gaudentius
787 3340 821 3368 in
834 3342 1028 3370 monumentis
1046 3334 1186 3376 habitat,

314 3379 402 3414 habet
413 3386 542 3423 quinque
550 3390 669 3416 nomina
679 3389 712 3418 in
722 3384 925 3428 Philippianis
939 3412 946 3418 .
974 3389 1122 3431 Rogamus
1132 3385 1187 3418 erli-

315 3442 385 3482 μσς
395 3436 476 3465 mim·
487 3455 499 3472 ³
508 3439 540 3471 u?
549 3433 702 3473 ambulent
711 3437 745 3472 ψ
755 3437 882 3473 videant
893 3436 1070 3477 monasteria
1078 3447 1187 3478 eorum,

1275 426 1490 470 autquinque
1511 427 1687 462 nominum
1707 428 1937 464 conventicula
1959 430 2078 467 dicunt
2087 444 2157 468 non

1274 475 1337 509 effe
1357 476 1580 517 Monasteria‚
1606 477 1722 521 utique
1748 487 1828 511 nota
1850 479 1885 513 &
1906 481 2028 515 famosa
2043 495 2054 515 .·
2084 481 2158 518 Effe

1274 523 1391 561 dicunt
1413 525 1609 561 Monasterii
1630 526 1729 562 titulo
1751 527 1890 572 indigna
1910 554 1922 570 ,
1947 531 2158 577 ipsorumque

1275 573 1444 609 Praefelios
1465 575 1622 622 indignos
1644 579 1781 612 nomine
1794 577 1935 613 Abbatis
1959 590 2015 614 aut
2039 580 2157 616 Archi.

1275 623 1445 662 mandritae
1457 650 1464 658 .
1484 625 1613 662 Eodem
1625 628 1713 663 sensu
1727 628 1874 672 loquitur
1885 653 1896 670 ,
1909 630 2000 674 cujus
2011 640 2157 676 tempore

1273 674 1486 712 abundabant
1524 676 1583 713 ista
1622 677 1866 724 Girovagorum
1903 681 2156 723 conventicula,

1273 725 1408 762 sanstus
1420 726 1614 766 Benedistus
1626 753 1633 761 .
1661 729 1773 763 Hosce
1783 740 1899 764 omnes
1910 730 1980 766 vult
2006 730 2155 775 incorpo-

1273 775 1333 809 rari
1345 777 1432 819 posse
1445 777 1479 811 in
1495 779 1549 812 sua
1563 777 1785 819 Momsteria,
1810 790 1924 814 arcens
1945 781 2032 815 solos
2055 781 2154 824 illos,

1273 826 1330 869 qui
1344 827 1506 862 famosum
1527 828 1561 862 δε
1574 839 1691 864 notum
1704 827 1877 865 habuerint
1887 829 2129 865 Monasterium
2141 855 2154 874 ,

1272 876 1326 910 seu
1339 886 1375 910 ut
1397 876 1438 915 ad
1451 877 1608 913 Pontium
1621 878 1870 915 Cluniacensem
1896 879 2059 916 Abbatem
2070 882 2155 916 recte

1270 925 1380 964 scribit
1392 926 1541 962 laudatus
1552 927 1761 970 Groffredus‚
1784 931 1840 974 qui
1852 937 1988 976 perierint
2000 932 2040 965 de
2050 935 2155 965 Mona·
2168 951 2231 989 124·
2243 951 2323 991 ΕΜ,

1262 974 1350 1016 sterio
1372 986 1437 1010 noto
1457 978 1492 1011 Θ
1513 979 1676 1021 Regulari.
1703 980 1740 1014 In
1762 980 1832 1014 istis
1858 981 1948 1015 enim
1972 991 2152 1025 paucorum

1272 1024 1527 1061 Conventiculis
1549 1027 1639 1063 nulla
1675 1031 1846 1064 consuevit
1872 1031 1936 1065 effe
1960 1031 2152 1075 disciplina.

1271 1075 1350 1109 Non
1366 1074 1488 1111 habent
1498 1077 1548 1121 jus
1560 1078 1755 1115 Monasterii
1767 1103 1778 1119 ,
1805 1081 1918 1114 fratres
1929 1091 1996 1116 non
2011 1082 2151 1126 speGant

1268 1124 1308 1159 ad
1320 1126 1463 1171 ipsorum
1475 1128 1705 1172 proprietatem
1719 1155 1731 1171 ,
1757 1128 1899 1175 ideoque
1916 1131 1934 1166 a
1951 1132 2068 1173 quovis
2082 1131 2152 1167 Ab-

1268 1175 1342 1211 bate
1354 1178 1472 1221 poffint
1485 1177 1584 1214 libere
1597 1179 1730 1216 admitti
1744 1205 1752 1213 .
1940 1214 1944 1217 Δ

1316 1226 1480 1265 Monachi
1504 1228 1615 1271 itaque
1636 1230 1806 1264 translatio
1833 1230 1965 1275 requirit
1983 1231 2150 1276 utriusque

1267 1274 1407 1311 Abbatis
1427 1279 1605 1311 assensum:
1632 1280 1713 1316 Non
1735 1281 1839 1319 solum
1865 1292 1901 1318 ut
1924 1281 2068 1327 legitima
2088 1283 2149 1322 fit,

1267 1326 1318 1359 sed
1332 1325 1431 1366 etiam
1445 1334 1480 1359 ut
1495 1327 1601 1363 valida
1612 1352 1619 1360 .
1647 1330 1743 1364 Hinc
1757 1333 1847 1364 enim
1857 1331 1899 1365 de
1909 1331 2002 1367 aliter
2014 1332 2151 1367 transla-

1266 1386 1301 1410 to
1315 1375 1426 1410 statuit
1439 1375 1636 1421 Agathenlis
1649 1371 1801 1422 synodus
1815 1392 1823 1412 z
1846 1383 1927 1413 Eum
1938 1382 2036 1417 nullm
2049 1381 2148 1415 abbas
2163 1374 2236 1405 0⁸¹¹·
2255 1381 2305 1412 3⁷3

1264 1430 1388 1461 retinere
1406 1425 1573 1470 praefirmat
1597 1452 1607 1467 ,
1628 1426 1687 1471 sed
1706 1429 1876 1472 ubicumque
1885 1429 2008 1472 fuerit,
2035 1431 2148 1466 abban

1265 1475 1318 1517 Jiao
1337 1476 1510 1510 auc‘iorrrate
1534 1482 1691 1511 Canonum
1715 1488 1866 1513 revocetur
1887 1506 1895 1513 .
1924 1480 1969 1515 Et
1992 1480 2148 1524 synodus

1268 1524 1590 1570 Augustodunenfis:
1617 1529 1669 1561 Ad
1678 1530 1793 1565 cellam
1799 1534 1954 1572 propriam
1975 1540 2144 1565 revocetur.

1267 1575 1308 1610 Et
1330 1576 1500 1610 adversum
1526 1577 1722 1613 Surrentinae
1762 1579 1910 1614 Ecclefiae
1934 1579 2146 1622 Monachos,

1265 1626 1396 1668 proprio
1436 1625 1574 1662 arbitrio
1597 1627 1639 1663 ad
1665 1629 1728 1663 alia
1757 1629 1920 1665 Coenobia
1945 1630 2146 1675 migrantes,

1262 1674 1372 1713 scribit
1400 1674 1587 1711 Anthemio
1612 1677 1823 1716 Subdiacono
1848 1705 1859 1722 ‚
1893 1680 2079 1723 Apostolici
2107 1681 2144 1716 in

1263 1726 1447 1770 Campania
1469 1725 1666 1763 Patrimonii
1688 1728 1840 1764 Praefesto
1859 1751 1870 1768 ,
1895 1730 2042 1775 Magnus
2063 1731 2144 1766 Gre-
2240 1760 2243 1764 .

1261 1777 1393 1819 gorius:
1421 1776 1564 1811 Monaecbo
1584 1779 1709 1813 ulterius
1732 1781 1770 1813 de
1792 1779 1966 1819 Monasterio
1985 1782 2028 1814 ad
2038 1784 2145 1815 Mona-
2159 1793 2319 1834 1,1,Epjst,

1255 1824 1376 1863 sterium
1404 1837 1461 1861 non
1486 1827 1573 1861 liceat
1598 1835 1727 1874 migrare
1752 1855 1758 1865 ,.
1795 1832 1856 1863 Sed
1881 1829 1913 1871 fi
1933 1831 2057 1872 quilibet
2092 1830 2145 1865 boc
2161 1846 2207 1872 40.

1256 1874 1501 1919 praesumpserit,
1527 1879 1699 1920 monasterio
1721 1884 1753 1912 in
1773 1891 1829 1923 quo
1855 1880 1895 1913 ab
1915 1886 2000 1915 initio
2022 1892 2144 1916 conver-

1255 1922 1344 1968 satus
1354 1925 1392 1965 est
1404 1950 1415 1966 ,
1439 1928 1474 1960 <5
1480 1926 1538 1970 suh
1551 1927 1674 1962 Abbatis
1682 1928 1732 1973 sui
1741 1931 1855 1973 Regula
1865 1954 1877 1970 ,
1890 1931 1928 1964 de
1939 1941 1997 1974 quo
2000 1930 2140 1975 fugerat,

1258 1985 1323 2007 cum
1346 1982 1518 2018 competenti
1528 1984 1693 2013 coercitione
1710 1979 1875 2014 reddatur.
1903 1981 1948 2015 Et
1960 1981 2001 2015 de
2024 1980 2141 2022 injuste

1259 2025 1415 2059 translata
1436 2027 1687 2064 Sanstimoniali
1702 2028 1824 2064 Martia
1850 2029 1961 2065 scribit
1971 2030 2012 2065 ad
2025 2030 2141 2066 Victo-

1260 2084 1327 2108 rem
1354 2074 1626 2112 panormitanum
1665 2078 1862 2122 Episcopum
1890 2093 1898 2113 ε
1934 2084 2090 2114 Martiam.
2107 2086 2141 2114 in

1258 2123 1467 2164 Monasterium
1473 2125 1561 2169 ficum
1588 2129 1622 2161 ό·
1631 2127 1723 2160 locum
1735 2131 1872 2163 volumus
1884 2135 2033 2165 revocari.
2062 2131 2141 2166 Mo-

1258 2171 1438 2213 nachorum
1461 2177 1675 2221 migrationes
1696 2178 1830 2214 damnat
1850 2179 1951 2215 etiam
1979 2192 2034 2225 per
2054 2180 2142 2216 Pho-

1257 2222 1341 2257 tium
1373 2222 1594 2260 patriarcham
1631 2226 1791 2263 celebrata
1826 2228 1912 2271 apud
1948 2229 2139 2266 sanctorum

1258 2272 1494 2316 Apostolorum
1505 2275 1681 2312 Basilicam
1694 2276 2068 2321 Constantinopolitana
2079 2281 2139 2324 Sy-

1256 2322 1364 2358 nodus
1384 2347 1394 2364 ‚
1422 2325 1457 2358 &
1484 2326 1525 2362 ad
1551 2325 1620 2370 ejus
1645 2336 1797 2371 quartum
1824 2326 1999 2363 Canonem
2027 2327 2139 2364 scribit

1255 2372 1458 2409 Theodorus
1471 2376 1646 2412 Balsamon
1661 2389 1669 2410 ε
1694 2379 1809 2411 statuit
1823 2378 1951 2416 anodus
1973 2378 2007 2412 &
2018 2378 2141 2414 Mona·

1252 2424 1352 2462 chum
1376 2425 1572 2471 migrantem
1596 2427 1630 2462 &
1650 2425 1817 2462 Abbatem
1840 2428 2067 2472 suscipientem
2085 2430 2140 2474 effe

1250 2476 1420 2521 segregatas
1437 2498 1450 2516 ‚
1487 2478 1577 2512 donec
1598 2479 1648 2511 ille
1682 2478 1725 2510 ad
1744 2483 1899 2520 proprium
1934 2478 2139 2520 monasterium

1252 2534 1423 2561 revertatur
1438 2550 1446 2559 .
1474 2527 1581 2563 Addit
1592 2527 1751 2571 ejusmodi
1773 2530 1952 2573 migrantes
1973 2528 2016 2563 ab
2027 2528 2137 2565 Abba-

2157 2108 2187 2136 i.-
2195 2108 2312 2148 4.Epistae

2155 2156 2204 2184 43-

1255 2578 1340 2613 tibus
1352 2577 1565 2621 requirendos
1577 2602 1589 2619 ,
1613 2578 1648 2612 r&
1659 2577 1823 2613 Abbatem
1844 2579 1907 2626 qui·
1924 2579 2109 2623 neglexerit
2123 2603 2135 2620 ,

1253 2629 1425 2662 Canonice‘
1448 2628 1670 2672 puniendum.
1698 2629 1800 2676 Qiod
1825 2628 1995 2671 praesertim
2019 2639 2132 2666 verum

1252 2678 1296 2712 est
1311 2679 1351 2713 de
1364 2679 1560 2723 migratione
1572 2679 1613 2714 ad
1628 2678 1732 2712 laxius
1742 2677 1982 2713 Monasterium
1995 2701 2007 2719 ,
2031 2689 2132 2721 quam

1253 2732 1314 2763 effe
1342 2739 1447 2764 veram
1473 2754 1484 2770 ,
1508 2730 1583 2766 licet
1609 2729 1774 2774 partialem
1791 2752 1803 2769 ,
1830 2729 2130 2772 praevaricationem

1253 2780 1287 2813 &
1311 2778 1513 2823 Apostasiam
1539 2805 1550 2821 ,
1576 2779 1688 2815 multis
1712 2778 1856 2814 ostendit
1883 2778 1918 2813 in
1945 2779 2063 2814 litteris
2088 2778 2131 2812 ad

1252 2840 1407 2873 nepotem
1435 2831 1527 2866 suum
1555 2831 1742 2866 Robertum
1767 2830 1902 2866 Sanstus
1927 2828 2127 2863 Bernardus.

1253 2880 1297 2914 Et
1318 2879 1405 2914 certe
1430 2892 1498 2915 non
1521 2882 1582 2915 nisi
1606 2880 1838 2924 dispensatorie
1864 2878 1910 2915 ob
1929 2877 2130 2926 graviffimas

1250 2940 1307 2963 cau
1313 2931 1358 2964 ssas
1368 2931 1510 2973 permitti
1523 2931 1616 2975 posfit
1638 2930 1696 2964 ista
1705 2929 1859 2975 migratio
1871 2954 1880 2962 .

1299 2981 1395 3028 Qin
1422 2981 1458 3015 δε
1480 2981 1522 3015 ad
1547 2981 1683 3015 stristius
1713 2978 1955 3014 Monasterium
1981 3002 1994 3019 ‚
2027 2988 2128 3021 quam

1251 3039 1367 3065 omnes
1378 3028 1570 3065 Monosticae
1591 3031 1663 3064 vitae
1678 3030 1771 3074 periti
1785 3029 1920 3065 laudant
1940 3028 1991 3062 uti
2006 3035 2131 3063 novum

1250 3079 1291 3114 de
1304 3081 1418 3115 saeculo
1427 3082 1550 3115 exitum
1563 3104 1574 3120 ,
1599 3079 1756 3125 migratio
1778 3079 1913 3125 requirit
1932 3078 2143 3114 consensum

1251 3130 1393 3166 Abbatis
1407 3155 1415 3164 .
1439 3131 1534 3169 Hinc
1554 3131 1643 3164 enim
1656 3132 1729 3165 suos
1752 3131 1863 3165 fratres
1874 3130 1943 3164 fine
1965 3128 2021 3162 sua
2031 3128 2133 3162 licen-

1250 3181 1295 3215 tia
1319 3193 1387 3215 non
1410 3179 1548 3225 poffead
1570 3180 1809 3221 Cluniacense,
1835 3181 1914 3214 licet
1935 3179 2043 3223 palam
2061 3176 2134 3212 stri-

1251 3230 1333 3265 etius
1353 3255 1364 3271 ‚
1389 3229 1591 3268 Coenobium
1618 3232 1757 3275 migrare
1778 3255 1789 3271 ,
1816 3230 1931 3264 multis
1955 3228 2130 3262 confirmat

1248 3281 1285 3314 in
1309 3281 1453 3325 Epistola
1471 3281 1513 3315 ad
1536 3280 1604 3323 ejus
1628 3280 1792 3315 Abbatem
1817 3280 1979 3315 Pontium
2002 3276 2131 3310 Goffre-

1247 3330 1306 3365 dus
1332 3330 1445 3366 Abbas
1470 3329 1724 3365 vindocinensis
1752 3356 1758 3363 .
1796 3331 1840 3365 Et
1866 3328 2000 3364 Sanctus
2026 3325 2130 3361 Bene-

1246 3379 1350 3416 dictus
1369 3405 1382 3422 ,
1407 3382 1487 3416 dum
1513 3380 1650 3423 cujusvis
1677 3381 1749 3415 noti
1775 3376 1969 3414 Monasterii
1995 3374 2127 3410 statrem

1246 3431 1376 3469 admitti
1402 3432 1468 3467 fine
1490 3429 1632 3469 Abbatis
1652 3430 1839 3471 dimifl‘oriis
1866 3427 1983 3463 litteris
2002 3428 2126 3467 vetuit,

1960 3485 2076 3526 nequa-
