2372 3756
367 191 387 237 3
399 196 426 224 0

294 260 392 296 nense
418 261 436 293 a
463 261 495 293 se
520 255 692 293 fundatum
715 257 919 297 Monastertum
942 257 1055 290 adeant
1077 279 1089 295 ,
1118 254 1176 297 fin-

291 309 426 359 gulisque
446 307 560 342 vitibus
577 316 634 350 pro
652 309 717 349 ejus
735 313 838 340 anima
849 306 966 350 Mtffam
977 313 1120 345 cantent,
1140 306 1174 338 &¹

295 361 411 406 insuper
432 364 464 392 in
475 357 552 401 festo
571 358 678 400 ,ςιυιιῖὶΙ
687 361 819 402 Gregorii
834 357 983 398 publicam
1006 356 1045 391 de
1066 366 1097 392 eo
1099 355 1136 398 fe
1160 366 1174 386 o

295 412 414 454 -Miffam
437 411 613 449 decantent,
637 407 830 450 Monacbtque
851 405 979 440 chorum
989 414 1114 450 regant,
1142 407 1176 439 (τ

296 464 341 496 ad
362 460 462 494 Altare
482 457 660 500 ministrent.
686 457 884 493 Fundatoris
905 457 1096 490 auctoritate
1115 455 1177 489 im-

297 511 394 558 ponit
413 520 501 552 onus>
517 507 651 553 publicae
670 505 922 552 proceffionis&
935 505 1061 546 Miffae,
1088 504 1178 548 cujus

296 572 408 598 tamen
429 571 530 595 omne
548 558 696 594 officium
707 581 718 598 ‚
755 557 803 591 uti
828 556 862 590 &
883 555 989 590 Chori
1007 555 1153 599 regimen
1168 578 1179 596 ‚

298 612 370 648 vult
382 622 437 655 per
448 607 636 644 Monachos
646 607 784 642 exerceri
796 631 803 637 .
829 606 940 649 Hujus
952 606 1012 639 suae
1021 604 1178 640 libertatis

297 673 397 706 quam
424 659 506 694 olim
533 655 696 692 Monachi
720 657 841 692 fuerint
863 666 992 693 tenaces
1017 654 1179 693 &zelosi,

296 710 505 746 ostenderunt
537 705 623 752 apud
648 707 868 742 Guilielmutn
894 705 1176 750 Nangiacensem,

296 763 332 796 in
358 762 424 794 vita
446 758 591 802 Philippi
611 757 700 793 tertii
721 758 921 792 Francorum
946 755 1047 799 Regis
1069 778 1081 794 ,
1107 753 1180 787 Coe·

295 811 416 847 nobitae
437 807 478 843 ad
498 808 651 846 Sanctum
672 807 899 851 Dionyfium,-
927 803 1088 847 Alphonsi
1114 802 1181 839 Co-

294 861 387 896 mitis
412 855 616 897 Pistavienfis
643 869 697 902 pet
723 857 829 901 ipsum
854 854 1021 889 laudatum
1047 852 1178 897 Regem

293 911 434 946 dedusto
455 909 602 946 cadaveri
624 932 636 948 ,
672 905 760 954 quod
788 905 870 943 illud
897 902 1077 938 Parifienfis
1102 903 1179 947 Epi*-

294 957 411 1006 stopus
433 958 466 998 ὃς
486 957 758 1002 Archiepiscopus
779 954 971 990 Senonenfis
993 955 1029 989 in
1043 953 1179 990 Pontifi-

295 1004 358 1045 cali
380 1019 498 1046 ornatu
530 1008 786 1046 comitarentur,
813 1005 961 1039 Ecclefiae
986 1005 1048 1038 suae
1073 1013 1181 1047 portas

294 1061 497 1104 clauserunt.
525 1057 752 1101 Episcopalem
777 1055 813 1089 in
835 1055 898 1091 isto
920 1064 1038 1089 ornatu
1062 1053 1181 1098 ingres*

296 1111 369 1145 sum
392 1110 545 1145 dixerunt
567 1107 730 1142 adversari·
745 1104 949 1148 exemptioni
973 1105 1057 1146 suae,
1081 1114 1180 1148 atque

296 1161 344 1195 ita
370 1159 536 1204 proprium
558 1157 758 1201 Episcopum
787 1155 1001 1199 &proprium
1011 1154 1182 1200 Metropo-

296 1204 389 1245 litam
411 1207 453 1244 ad
476 1208 570 1242 illum
583 1206 815 1252 deponendum
828 1216 1024 1250 coegerunt,
1051 1205 1088 1237 In
1104 1202 1182 1241 hoc-

295 1272 334 1295 ce
350 1260 452 1306 igitur
475 1257 649 1303 privilegio
671 1257 769 1291 etiam
783 1255 1023 1289 SanfflHilarii
1037 1255 1181 1298 Fratres,

295 1310 409 1356 utpote
421 1307 515 1354 plene
529 1306 694 1352 exempti,
720 1305 868 1342 adversus
878 1305 969 1341 suum
982 1304 1178 1350 Episcopum

294 1360 358 1396 sese
378 1355 613 1396 fundaverunt.

344 1410 390 1444 Et
418 1409 498 1444 hinc
521 1408 664 1445 nascitur
691 1404 829 1441 secunda
850 1404 1002 1448 questio,
1029 1401 1086 1435 An
1113 1400 1180 1435 haec

292 1459 508 1496 fundamenta
533 1470 593 1501 pro
619 1457 687 1491 istis
714 1454 864 1491 fratribus
889 1452 1010 1495 fuerint
1031 1452 1179 1496 legitima

293 1511 328 1544 &
358 1510 473 1543 firma?
501 1506 698 1550 Respondeo
719 1516 788 1538 non
803 1503 915 1542 fuisse,
944 1501 1181 1544 ideoqueipsos

292 1558 311 1593 ὲ
334 1558 434 1593 nostri
456 1555 609 1601 Gregorii
629 1551 768 1599 Synodo
788 1551 869 1588 recte}
890 1551 1077 1584 damnatos.
1107 1549 1181 1587 Nec

291 1609 381 1641 enim
407 1617 498 1642 erant
522 1602 687 1641 Monachi
711 1627 722 1646 ,
757 1602 809 1635 sed
835 1600 1012 1645 Regulares
1038 1600 1180 1640 Clerici,

293 1657 411 1702 quibus
437 1664 616 1698 numquam
642 1653 706 1690 fuit
737 1651 832 1694 plena
859 1650 1037 1686 Monastici
1064 1649 1179 1686 silentii

293 1707 410 1752 quies,
437 1716 499 1740 nec
523 1702 654 1737 libertas
678 1703 696 1736 ὲ
721 1700 828 1737 Miffis
855 1699 1013 1744 publicis,
1042 1697 1181 1743 ideoque

292 1753 352 1794 iaec
367 1755 385 1791 ὲ
396 1753 604 1795 Cathedralis
615 1750 764 1786 Ecclefiae
777 1748 1029 1793 proceffionibus
1039 1775 1047 1783 .
1076 1749 1177 1782 Suum

293 1798 374 1842 item
394 1797 556 1850 judicium
578 1803 805 1838 consuetarum
830 1800 865 1838 in
888 1800 1042 1835 Romana
1065 1810 1101 1833 ac
1114 1799 1182 1843 plu-

293 1857 382 1892 ribus
403 1854 475 1892 aliis
497 1851 649 1889 Eccleliis
671 1850 850 1886 stationum
876 1851 929 1884 seu
944 1848 1180 1893 proceffionum

294 1903 448 1950 'exemplo
468 1899 628 1939 Pontifex
649 1900 732 1936 recie
753 1899 925 1947 confirmat
948 1923 955 1931 .
992 1899 1048 1932 Est
1074 1908 1183 1933 exem·

294 1957 386 2001 plum
399 1953 657 1998 antiquiffimum
669 1976 676 1984 .
705 1949 840 1984 Etenim
863 1949 902 1983 de
914 1949 1045 1994 Magno
1057 1949 1181 1993 Grego-

234 2000 235 2003 '
295 2006 346 2041 rio
361 2004 467 2039 scribit
478 2004 618 2048 Joannes
634 2001 828 2039 Diaconus:
855 2002 1002 2036 stationes
1010 2007 1067 2041 per
1079 1998 1182 2040 Bastit-

136 2754 173 2783 Ε,
205 2762 252 2788 4¹·

138 2805 185 2830 as·

152 3438 205 3476 Ep.
227 3446 272 3473 41·

293 2067 346 2090 cas
372 2058 406 2091 Θ
427 2053 597 2090 Sanc‘lorum
618 2054 782 2092 Martyrum
807 2053 1000 2089 Caemiteria‚
1019 2046 1182 2091 secundum

296 2107 377 2151 quod
394 2102 535 2140 bullenus
553 2103 639 2149 plebs
661 2106 795 2135 Romana
815 2098 900 2142 quast
917 2111 948 2134 eo
960 2104 1080 2133 vivente
1089 2106 1182 2132 certa-

296 2163 353 2191 tim
376 2154 515 2199 dist-ursit
533 2178 544 2194 ,
564 2153 707 2197 sollicitus
726 2152 883 2200 ordinavit
894 2173 905 2190 ‚
926 2158 981 2193 per
992 2159 1064 2192 quas
1077 2149 1110 2183 (ς
1123 2145 1183 2190 ipse

291 2205 379 2249 fimul
395 2203 559 2247 discurrens
573 2228 584 2243 ,
611 2203 683 2236 dum
694 2200 791 2234 adhuc
802 2201 894 2241 eloqui
899 2201 1111 2241 pree-valeret,
1138 2203 1181 2232 vi·

295 2259 376 2305 ginti
398 2254 536 2287 homilias
562 2253 728 2295 Evangelii
737 2261 832 2284 coram
843 2249 967 2292 Ecclefia
980 2248 1100 2293 diversb
1111 2257 1183 2283 tem-

295 2305 368 2349 pore
378 2304 560 2338 declamavit
570 2327 578 2334 .
604 2300 785 2343 Sequebatur
794 2305 937 2334 exercitus
953 2302 1094 2340 Domini,
1103 2300 1182 2333 ultra

301 2353 431 2397 citraque
443 2357 616 2397 Gregortum
624 2359 809 2393 praeuntem
821 2374 831 2390 ,
856 2352 890 2383 (a
900 2351 1047 2384 auditum
1059 2350 1184 2385 verbum

301 2403 441 2437 doHrinae
460 2401 689 2436 innumerabiles
710 2402 837 2442 undique
859 2398 1059 2443 diverfisexus
1071 2424 1083 2440 ,
1108 2408 1183 2434 aeta—

301 2448 344 2488 its
356 2478 366 2494 ,
389 2453 565 2496 profhfflonis
584 2475 595 2492 ,
632 2452 810 2485 voluntaria
830 2449 1015 2492 profluebant
1035 2448 1161 2483 cobortes
1174 2473 1181 2481 .

303 2501 411 2539 Addit
435 2501 523 2544 quod
547 2502 744 2546 quandoque
757 2501 886 2544 Eques,
913 2500 1061 2544 plurimis
1071 2499 1184 2533 Plane-

304 2552 423 2588 tatis&
439 2552 642 2597 Mappulatis
655 2551 902 2585 circumcinctus
916 2574 926 2590 ‚
953 2550 1066 2584 soleret
1078 2560 1184 2592 proce·

304 2605 380 2638 dere
390 2629 400 2644 ,
427 2605 460 2639 &
472 2615 527 2647 per
538 2601 679 2646 singulas
691 2601 843 2635 stationes
855 2600 970 2634 offerre
980 2599 1186 2639 sacrificium,

305 2665 343 2687 ac
356 2655 494 2697 populus
503 2651 543 2687 de
553 2652 622 2696 ipso
634 2649 1050 2686 communicare.Stationes
1062 2649 1103 2683 ab
1115 2649 1185 2693 ipso

306 2704 412 2737 asserit
436 2716 503 2737 non
529 2702 718 2742 institutas,
743 2701 796 2735 sed
819 2700 1002 2734 ordinatas.
1030 2699 1122 2746 Quid
1135 2697 1187 2733 ad-

306 2753 447 2792 diderit,
475 2753 581 2785 videre
594 2751 688 2794 posfis
711 2750 799 2795 apud
820 2750 1002 2794 Rupertum
1022 2747 1186 2784 Abbatem

309 2803 343 2837 in
367 2804 479 2836 octavo
505 2802 587 2846 libro
607 2800 647 2834 de
668 2801 800 2834 Divinis
820 2800 955 2834 officiis.

360 2852 445 2895 Ipsas
466 2852 555 2885 enim
577 2850 638 2884 effe
661 2849 760 2894 longe
777 2850 1001 2892 antiquiores,
1037 2848 1124 2883 lucet
1149 2860 1190 2882 ex

309 2902 472 2937 Orientali
501 2897 799 2934 Alexandrinorum
811 2899 1069 2934 patriarcharum
1090 2898 1191 2933 Chro-

311 2956 389 2987 nico
413 2964 420 2984 :
450 2953 574 2990 cyrillus
602 2951 694 2990 major
720 2973 731 2989 ‚
765 2948 917 2990 Theophili
943 2949 1128 2983 Patriarcbae
1154 2961 1192 2982 ex

310 3002 404 3044 sorore
431 3010 519 3043 nepos
535 3025 545 3042 ,
566 3006 684 3043 primus
710 3004 837 3032 omnium
862 3001 1010 3033 stationes
1037 3006 1068 3032 in
1094 3000 1191 3032 Eccle-

309 3051 359 3093 fiis
384 3051 526 3091 constituit
549 3075 556 3082 .
596 3049 651 3083 An
677 3050 762 3093 apud
791 3048 974 3092 AEgyptios
1001 3049 1196 3087 instituerit,

317 3102 435 3145 ignoro
459 3126 466 3133 .
494 3100 629 3135 Certum
652 3099 697 3133 est
721 3099 805 3142 ipsas
829 3099 864 3132 in
887 3099 1015 3133 Latinis
1043 3099 1196 3133 Ecclefiis

317 3153 381 3189 erle
402 3149 507 3184 multo
529 3149 737 3184 vetustiores.
768 3149 900 3181 Etenim
920 3149 959 3182 de
986 3148 1091 3183 Anti·
1105 3148 1198 3192 Papae

318 3198 498 3233 Novatiani
524 3200 565 3234 ad
589 3197 877 3243 Carthaginensem
901 3199 1078 3232 Ecclesiam
1094 3199 1197 3242 Lega-

319 3250 362 3283 tis
385 3248 491 3282 scribit
509 3250 547 3282 ad
574 3250 725 3283 sanetum
753 3249 875 3292 Papam
903 3248 1093 3281 Cornelium
1113 3248 1198 3280 Mar-

321 3310 375 3342 tyr
395 3298 591 3340 Cyprianus:
618 3303 654 3331 In
676 3301 810 3331 statione
831 3297 979 3339 invidiofis
1004 3303 1139 3331 convitiis
1166 3299 1199 3330 (9·

319 3347 493 3382 clamorrbus
518 3348 691 3381 turbulentis
698 3357 896 3389 proruerunt.
925 3348 967 3380 Et
981 3349 1012 3380 in
1030 3348 1201 3389 Rescripto

324 3398 363 3432 ad
400 3398 550 3432 sanetum
590 3397 795 3440 Cyprianum
834 3398 967 3430 Sanstus
1004 3397 1201 3431 Cornelius.-

323 3446 525 3491 Nicephorum
551 3446 714 3486 acolythum
736 3448 775 3481 de
800 3449 930 3481 statione
947 3448 991 3480 ad
1013 3458 1067 3480 vos
1089 3446 1187 3490 dimisi
1194 3473 1200 3480 .

695 173 737 220 S.
774 161 1085 218 Gncooau
1122 183 1351 216 εεΡτιΜι
1386 170 1747 220 PoNr1r1c1s

1233 251 1276 290 Et
1299 255 1334 289 in
1357 255 1411 290 sua
1434 254 1474 290 ad
1485 254 1646 291 exhibitas
1656 256 1788 301 Magno
1800 256 1989 302 Imperatori
2001 259 2114 296 Theo·

1231 305 1321 339 dofio
1345 315 1452 348 preces
1464 307 1648 349 praefatione
1662 307 1804 341 scribunt
1817 308 1963 344 Romani
1976 309 2114 356 Presby-
2136 305 2188 341 ΕΡ·
2209 303 2259 338 4⁶·

1233 355 1292 389 teri
1317 354 1507 396 Faustinus,
1537 367 1575 390 ac
1602 356 1818 392 Marcellinus
1835 369 1949 393 contra
1970 360 2113 396 Felicem

1234 405 1413 440 secundum
1435 405 1575 449 Papam:
1603 407 1691 441 Felix
1706 408 1865 442 stationem
1885 414 1919 442 in
1938 410 2026 455 Julir·
2048 412 2114 445 Ba.

1227 454 1309 500 filica
1332 454 1588 499 darepraefitmit.
1616 456 1660 490 Et
1683 457 1722 491 de
1734 455 1950 493 Schismatico
1959 459 2115 494 Anti-Pa-

1234 516 1281 549 pae
1294 505 1441 541 Urficini
1454 507 1597 550 populo:
1624 509 1754 550 Populus
1772 516 1828 549 per
1848 509 2023 543 Caeme'teria
2034 514 2115 543 Mar-

1235 565 1327 599 tyrum
1349 557 1495 589 stationes
1508 555 1569 598 fine
1593 558 1717 591 Clericis
1740 557 1920 592 celebrabat.
1950 559 1993 592 Et
2016 560 2050 595 in
2077 560 2116 594 li-

1235 604 1293 641 bro
1306 604 1496 639 Pontificali
1508 606 1574 651 vita
1586 608 1694 642 Sansti
1716 607 1836 642 Hilarii
1851 608 1945 652 Papae
1955 634 1962 642 .
1989 610 2118 645 Hilarus

1235 661 1268 688 in
1290 654 1362 691 urbe
1384 658 1478 689 Roma
1503 655 1648 697 constituit
1672 657 1877 697 Ministeriales
1899 682 1910 698 ,
1947 665 1996 701 qui
2017 665 2118 693 circut-

1234 714 1303 739 rent
1323 715 1420 748 atque
1439 705 1618 751 dirigerent
1639 706 1809 748 constitutas
1827 709 1973 742 stationes
1992 733 2000 740 .
2039 713 2117 742 Con-

1231 754 1307 797 fectt
1329 760 1399 791 item
1420 754 1558 800 scyphum
1589 768 1708 793 aureum
1728 757 1866 801 ansatum
1886 757 1940 801 seu
1967 752 2119 793 stationa-

1237 809 1336 846 rium,
1358 804 1533 849 pensantem
1544 806 1636 841 libras
1658 808 1730 841 0270.
1765 808 1899 853 Utique
1909 809 1948 843 ad
1960 806 2072 853 populi
2083 809 2118 842 in

1237 855 1440 893 stationibus
1461 857 1746 894 communionem.
1774 858 1868 893 Hinc
1894 860 2022 893 ansatus
2033 856 2119 901 fuit;

1238 904 1283 942 Et
1318 904 1484 950 scyphus,
1511 918 1580 941 non
1615 904 1700 942 calix
1721 932 1728 941 .
1769 907 1931 943 Eumdem
1957 907 2119 952 scyphum

1239 956 1426 991 Anastasius
1448 957 1633 995 Cardinalis
1655 957 1931 995 Bibliothecarius
1953 959 2064 994 laudat
2089 971 2122 993 e·

1238 1006 1320 1041 tiam
1341 1006 1375 1042 in
1401 1007 1467 1043 vita
1489 1007 1614 1042 Leonis
1636 1009 1723 1042 tertii
1745 1021 1756 1043 .-
1795 1012 1881 1045 Fecit
1907 1012 1966 1042 Leo
1992 1008 2119 1049 Antistes

1241 1058 1337 1091 Beato
1359 1058 1446 1091 Petro
1466 1057 1591 1098 apostolo
1602 1058 1719 1093 calicem
1729 1068 1871 1098 aureum,
1898 1058 2022 1101 diverfis
2033 1070 2120 1093 orna-

1240 1116 1303 1141 tum
1322 1105 1456 1148 pretiosis
1473 1107 1625 1149 lapidibus
1635 1131 1646 1148 ,
1671 1113 1722 1151 qui
1735 1109 1883 1150 pra-cedit
1892 1107 2096 1152 perflationes
2108 1133 2120 1149 ,

1237 1154 1415 1200 pensantem
1434 1156 1528 1190 libras
1549 1159 1687 1191 tredecim
1699 1182 1706 1190 .
1733 1158 1778 1192 Et
1804 1158 1888 1195 infra
1900 1172 1911 1193 .·
1938 1162 2025 1195 Fecit
2035 1162 2122 1192 Com-

1239 1207 1395 1239 municales
1418 1218 1455 1240 ex
1475 1217 1595 1252 argento
1600 1208 1746 1250 purissimo
1752 1216 1808 1250 per
1812 1207 1944 1253 fingulas
1954 1211 2096 1252 Regiones
2109 1231 2123 1249 ,

1237 1262 1287 1300 qui
1295 1257 1498 1296 praecederent
1501 1266 1559 1299 per
1567 1257 1707 1297 stationes
1715 1266 1772 1301 per
1785 1270 1892 1293 manus
1904 1257 2098 1298 Acolytborum
2108 1281 2122 1299 ,

1241 1315 1357 1338 numero
1383 1309 1495 1347 viginti
1519 1316 1646 1349 quatuor
1670 1332 1678 1342 .
1699 1308 1816 1342 ‘Calix
1841 1308 1882 1343 ad
1909 1309 2122 1350 sacrificium,

1241 1353 1510 1390 Communicales
1527 1354 1678 1390 videntur
1698 1356 1792 1390 fuiffe
1810 1358 1853 1392 ad
1876 1359 2124 1393 communican-

1241 1402 1319 1437 dum
1343 1404 1518 1447 populum.
1547 1404 1721 1440 Romanus
1743 1405 1839 1441 Ordo
1861 1405 1971 1440 laudat
1993 1416 2124 1452 quoque

1243 1451 1449 1496 Acolythum
1481 1453 1515 1487 &
1547 1453 1738 1487 Diaconum
1770 1457 1984 1488 stationarium
2005 1480 2016 1497 ‚
2052 1456 2123 1491 Pri·

1241 1502 1409 1536 micerium
1420 1527 1431 1543 ‚
1456 1503 1490 1536 &
1514 1502 1673 1536 Notarios
1694 1502 1928 1545 ipfiusstationts
1939 1529 1950 1545 ,
1976 1515 2014 1539 ac
2022 1510 2125 1548 proxi-

1240 1562 1298 1588 mae
1314 1551 1450 1592 stationis
1469 1551 1712 1589 subdiaconum
1726 1578 1733 1585 .
1762 1553 1865 1601 Qod
1888 1565 2004 1599 nempe
2025 1555 2123 1589 statio

1242 1613 1422 1646 numquam
1442 1601 1595 1637 effetfine
1607 1602 1745 1638 solemni
1758 1603 1934 1639 sacrificio.
1964 1600 2042 1639 Erat
2051 1615 2125 1640 non

1241 1652 1487 1698 qualiscumque
1499 1675 1510 1690 ‚
1535 1652 1588 1686 sed
1611 1652 1652 1689 de
1673 1650 1809 1689 Bafilica
1819 1654 1860 1688 ad
1875 1653 2042 1689 Bafilicam
2053 1665 2126 1699 pro-

1241 1701 1358 1735 ceffio:
1386 1701 1476 1737 Nam
1490 1702 1522 1735 ὃ(
1538 1702 1705 1736 Litaniam
1718 1702 1736 1735 ὲ
1747 1704 1867 1738 Sansto
1889 1704 2069 1739 Laurentio
2088 1705 2125 1739 in

1243 1751 1369 1786 Lucina
1390 1751 1431 1785 ad
1459 1752 1612 1786 Sanctum
1635 1752 1770 1789 Petrum
1790 1753 1898 1788 laudat
1921 1753 2128 1799 Gregoriaua

1243 1802 1384 1845 praefatio
1395 1800 1436 1836 ad
1447 1801 1624 1836 secundum
1637 1801 1769 1847 Regesti
1780 1802 1900 1839 librum
1913 1827 1920 1835 .
1943 1803 1988 1839 Et
1997 1803 2038 1838 de
2050 1804 2129 1845 Ho-

1245 1850 1340 1885 norio
1362 1851 1469 1896 primo
1490 1850 1598 1886 scribit
1618 1850 1706 1888 idem
1727 1852 1912 1888 Anastafius
1934 1866 1942 1886 :
1972 1858 2029 1887 Hic
2045 1852 2126 1895 fecit

1243 1899 1439 1941 Constitutum
1461 1907 1492 1937 in
1514 1899 1659 1943 Ecclefia,
1689 1903 1725 1936 6·
1744 1904 1876 1937 decrevit
1897 1911 1930 1937 ut
1944 1911 1999 1945 per
2011 1913 2126 1937 omnem

1245 1950 1468 1987 Hebdomadam
1490 1950 1637 1987 sabbatho
1647 1953 1695 1986 die
1708 1962 1798 1988 exeat
1808 1955 1935 1988 Litania
1941 1957 1988 1989 ad
1994 1955 2127 1990 Beatum

1244 2001 1439 2042 Apollinarem
1460 2025 1471 2042 ,
1498 2002 1532 2036 ἐν
1554 2003 1598 2034 ad
1615 2004 1745 2045 Beatum
1758 2006 1882 2040 Petrum
1893 2003 2128 2046 Apostolumcum

1244 2055 1367 2093 Hymnis
1385 2053 1420 2085 Θ·
1440 2055 1576 2086 canticis
1593 2054 1724 2095 populus
1745 2058 1839 2088 omnis
1849 2064 1993 2088 occurrere
2000 2053 2126 2087 debeat.
2160 2075 2165 2080 -

1244 2101 1288 2135 Et
1312 2101 1353 2135 ad
1376 2100 1485 2137 nescio
1507 2112 1606 2146 quern
1628 2101 1923 2147 Archiepiscopum
1933 2102 2042 2138 scribit
2051 2103 2129 2137 San-

1245 2151 1313 2184 stus
1340 2149 1455 2185 Petrus
1473 2150 1655 2187 Damiani:
1683 2156 1720 2186 In
1732 2153 1929 2195 Afficmpttone
1955 2153 2065 2187 Beatae
2073 2154 2132 2187 Dei
2149 2157 2208 2190 Lib.
2234 2164 2265 2195 3.

1611 2201 1750 2234 noHurno
1775 2210 1904 2245 tempore
1926 2225 1937 2242 ‚
1974 2206 2129 2235 Romanus
2150 2202 2199 2238 Ep·
2229 2209 2277 2230 lo·

1245 2203 1404 2236 Genitrict‘s
1433 2205 1542 2235 Mariae
1564 2226 1575 2242 ,

1241 2253 1366 2294 populus
1387 2252 1484 2293 juxta
1509 2261 1615 2284 morem
1641 2251 1836 2285 Orationibus
1862 2262 1898 2284 ac
1925 2254 2060 2284 Litanits
2085 2256 2131 2285 in-

1237 2301 1311 2344 fisttt
1331 2327 1342 2342 ‚
1369 2303 1403 2336 δ’
1431 2301 1552 2344 accensis
1571 2302 1733 2336 luminibus
1757 2299 1945 2345 diversarum
1968 2304 2130 2347 Regionum

1246 2350 1387 2394 Ecclefias
1408 2351 1587 2394 perlustrat.
1617 2352 1721 2399 Quod
1743 2354 1833 2387 enim
1846 2351 2130 2388 noeturnasetiam

1246 2402 1398 2436 stationes
1420 2401 1564 2447 Magnus
1587 2401 1767 2448 Gregorius
1793 2401 1985 2444 induxerit,
2021 2400 2131 2437 lauda-

1247 2462 1283 2486 to
1295 2451 1330 2486 in
1341 2452 1417 2486 loco
1430 2453 1567 2487 affirmat
1581 2460 1779 2487 memoratus
1793 2451 1973 2497 Rupertus.
2006 2452 2132 2487 Roma-

1248 2513 1388 2542 norum,
1425 2501 1474 2536 uti
1496 2501 1531 2536 &
1553 2502 1995 2547 Constantinopolitanorum
2022 2501 2132 2536 statio-

1249 2563 1305 2586 nes
1332 2550 1442 2585 laudat
1477 2552 1510 2585 in
1547 2550 1704 2587 historico
1730 2552 1899 2587 Breviario
1923 2552 2024 2587 etiarn
2052 2552 2130 2586 san-

1245 2603 1312 2636 &us
1335 2598 1544 2645 Nicephorus
1575 2600 1762 2637 Patriarcha
1788 2601 2132 2644 Constantinopolita-

1247 2662 1308 2685 nus
1322 2676 1333 2691 ‚
1358 2651 1399 2685 de
1420 2653 1478 2685 suo
1501 2650 1653 2686 haeretico
1679 2651 1890 2687 Anteceffore
1911 2650 2031 2685 Niceta
2056 2649 2131 2684 scri-

1248 2701 1346 2737 bens:
1374 2706 1498 2736 Nicetas
1524 2702 1708 2736 Patriarcba
1729 2708 1761 2735 in
1782 2700 1981 2734 attinentibus
2001 2699 2043 2735 ad
2069 2699 2132 2735 Ec·

1249 2752 1358 2786 clefias
1379 2753 1556 2793 domiciliis,
1581 2752 1631 2784 ubi
1652 2752 1792 2794 stationes
1816 2756 1848 2783 in
1861 2750 2034 2792 procefflbus
2056 2749 2132 2783 obm

1245 2800 1343 2845 solent
1361 2825 1374 2842 ,
1410 2813 1478 2844 quae
1504 2805 1631 2834 Romam·
1648 2803 1763 2836 Secreta
1784 2807 1893 2834 vocant
1915 2825 1927 2842 ,
1961 2799 2132 2834 sanderum

1250 2857 1399 2896 imagines
1419 2851 1535 2884 eradit.
1564 2853 1688 2886 Secreta
1709 2859 1800 2886 erant
1811 2850 2006 2895 appendices
2016 2849 2058 2885 ad
2071 2849 2133 2884 Ba·

1252 2901 1355 2935 silicas
1379 2901 1534 2944 Capellae.

1303 2951 1347 2985 Et
1373 2951 1406 2984 in
1431 2951 1577 2993 populari
1598 2952 1744 2985 sermone
1757 2950 1867 2985 scribit
1879 2950 1994 2985 Petrus
2006 2949 2137 2984 Blesen-
2156 2964 2241 2995 Scrm,
2261 2971 2295 2992 η

1254 3001 1311 3033 fis:
1340 3002 1390 3033 Ad
1409 3002 1515 3034 acediae
1536 3009 1680 3043 torporem
1700 3002 1906 3035 evacuandum
1925 3006 2018 3035 etiam
2043 3008 2138 3041 corpo·

1254 3052 1347 3084 ralem
1366 3057 1492 3093 corporis
1512 3060 1620 3084 motum
1640 3046 1766 3090 instituit
1787 3050 1915 3093 Edclefia
1928 3075 1939 3092 ,
1974 3059 2008 3084 ut
2021 3048 2137 3096 scilicet

1252 3101 1331 3143 fiant
1348 3102 1526 3142 proceffiones
1549 3101 1589 3134 ab
1612 3099 1738 3142 Ecclefia
1760 3102 1805 3134 ad
1822 3099 1977 3142 Ecclefiam
1999 3126 2006 3133 .
2046 3100 2140 3144 ‚Quod

1257 3152 1375 3193 quidem
1402 3150 1546 3191 Pontifex
1570 3154 1722 3184 Romanus
1737 3150 1807 3192 fere
1826 3156 1904 3184 omni
1928 3151 1975 3184 die
1997 3150 2140 3195 ‚Quadra-

1253 3200 1381 3243 gefimali
1393 3200 1532 3244 observat
1548 3224 1559 3240 ,
1580 3200 1639 3243 sed
1647 3203 1720 3245 aliae·
1730 3199 1864 3242 Ecclefiae
1874 3203 2014 3243 quaedam
2025 3203 2057 3232 tn
2072 3199 2140 3240 plu·
2196 3213 2197 3217 ¹

1258 3251 1338 3282 ribus
1352 3276 1361 3291 ‚
1386 3251 1526 3292 quaedam
1536 3257 1569 3282 in
1577 3251 1765 3292 paucioribus
1776 3251 1876 3284 diebus
1890 3257 1970 3284 exire
1990 3246 2140 3291 consueve-

1259 3310 1343 3333 runt.
1359 3301 1425 3347 Qui
1441 3311 1511 3334 mos
1523 3300 1621 3334 etiam
1635 3301 1704 3344 ipsis
1716 3302 1760 3334 est
1784 3299 2023 3344 antiquissimus
2035 3323 2042 3330 .
2067 3298 2142 3331 Ete-

1262 3351 1330 3382 nim
1343 3350 1382 3383 de
1393 3348 1573 3384 Hon'orato
1586 3351 1774 3384 Maffilienfi
1788 3350 1951 3393 Episcopo
1974 3347 2084 3382 scribit
2105 3347 2143 3381 'm

1262 3402 1404 3434 virorum
1426 3401 1600 3434 illustrium
1624 3401 1791 3445 Catalogo
1816 3397 2010 3432 Gennadius
2035 3397 2145 3431 Maffi-

1264 3449 1370 3484 lienfis
1393 3463 1399 3483 :
1426 3453 1589 3484 Honoratus
1610 3453 1750 3484 Limnias
1774 3450 1819 3483 ad
1834 3447 2064 3494 supplicandam
2089 3451 2146 3481 Dei

2031 3498 2097 3531 Cle-
