2384 3756
54 1160 209 1189 Lac-22.

60 2033 100 2063 C·
132 2042 177 2063 ιι.

202 2258 204 2260 v
232 2224 291 2249 cas
312 2213 421 2248 scribit
445 2215 478 2247 in
503 2214 707 2259 Apostolicis
728 2215 820 2249 Astis
836 2240 843 2247 .
871 2217 915 2249 Et
927 2217 968 2250 de
979 2227 1041 2257 qua
1054 2217 1123 2251 Do·

74 2722 149 2750 01.

184 2859 189 2863 ι
249 2814 319 2856 ergo
339 2811 463 2853 aestimet
489 2813 571 2848 homo
592 2814 663 2855 ille,
688 2815 769 2857 quid
775 2821 899 2857 accipiat
911 2817 1032 2859 aliquid
1040 2817 1060 2849 ἃ
1071 2820 1129 2850 Βο·

5 2890 11 2920 ·’
76 2910 111 2942 c.
128 2912 155 2938 6.

1753 82 1760 114 s

631 152 860 188 Palmum
895 131 1211 187 Rom-ANUM
1245 136 1607 184 C0Nc111u'1v1
1748 123 1750 127 ’
1911 131 1966 199 15

1163 221 1240 265 fiat,
1259 223 1380 266 peribo.
1407 225 1453 256 Et
1462 224 1539 257 certe*
1549 223 1634 256 credo
1643 226 1676 256 in
1687 226 1782 258 Deum
1794 227 1932 265 Patrem,
1955 229 2041 261 credo

1167 279 1199 306 in
1213 276 1307 306 Deum
1319 268 1433 307 Filium
1446 297 1458 313 ,
1483 274 1568 307 credo
1577 279 1608 310 ia
1621 276 1718 307 Deum
1727 277 1870 319 Spiritum
1881 276 2040 317 Satifflum:

1168 326 1213 355 Et
1225 332 1323 356 tamen
1332 322 1589 366 secundum-fidem
1599 334 1696 357 meam
1705 324 1769 357 nolo
1778 325 1921 365 mihifieri
1932 353 1946 360 .,
1966 328 2044 362 San-

1167 374 1233 406 ctus
1254 373 1481 416 Hieronymus
1501 383 1569 408 erat
1591 372 1702 407 similis
1718 372 1802 413 iffi,
1816 374 1874 417 qui
1893 375 2044 410 Domino

1167 421 1315 464 dicenti,
1340 426 1373 457 si
1396 424 1511 464 credis,
1538 429 1637 465 omnia
1654 422 1793 466 pofflbilia
1810 421 1885 465 sunt
1895 426 2046 466 credenti,

1168 473 1351 516 respondit:
1379 473 1484 507 Credo·
1498 476 1623 507 Domine
1639 499 1650 515 ,
1676 474 1795 514 adJuva
1814 474 2048 509 incredulitatem

1168 534 1280 556 meam.
1307 524 1388 557 Haec
1401 524 1570 558 fidesmon
1584 523 1631 557 est
1653 519 1844 557 Christianae
1855 523 1984 566 justitia:
1998 535 2052 557 ne-

1168 574 1297 608 cessaria
1309 583 1378 617 pars
1391 574 1426 608 &
1439 573 1690 608 fundamentum
1702 598 1712 614 ‚
1723 570 1880 607 sed'firma
1892 573 1925 606 in
1935 573 2051 611 vDeum

1169 622 1287 657 fiducia
1299 647 1310 663 ,
1329 624 1557 667 quapoffimus
1567 624 1600 657 &
1611 615 1821 666 impetremus
1833 623 1946 657 omnia
1959 646 1969 663 ,
1981 633 2053 665 quae

1170 672 1210 706 ab
1224 674 1292 715 ipso
1303 670 1538 716 supplicamus.
1566 677 1638 707 Haec
1648 670 1832 715 efl'fiducia‚
1855 673 1964 718 *inquit
1975 673 2052 707 San·
2071 678 2102 706 C.
2117 684 2144 712 5.

1171 725 1238 756 stus
1248 724 1390 767 Joannes
1401 723 1582 766 Apostolus
1593 723 1626 757 in
1641 723 1743 766 prima
1769 723 1936 766 Epistola,
1962 733 2054 765 quam

1171 772 1313 807 babemus
1332 775 1380 807 ad
1397 784 1463 807 eum
1475 797 1487 814 ,
1512 778 1582 815 quia
1609 775 1808 816 quodcumque
1825 779 1999 814 petierimus
2008 772 2055 816 se-

1171 824 1298 856 cundum
1309 824 1494 857 voluntatem
1503 825 1570 865 ejus
1581 848 1593 864 ,
1603 824 1690 857 audit
1701 834 1753 856 nos
1767 848 1774 855 .
1804 822 1859 856 Est
1871 821 2030 857 charisma
2043 846 2054 862 ,

1172 874 1225 906 seu
1239 875 1342 917 gratia
1354 874 1453 918 gratis
1462 873 1537 908 data
1549 898 1560 915 ,
1583 873 1624 907 de
1637 885 1701 916 qua
1713 873 1753 908 ad
1765 872 1938 907 Romanos
1948 871 2056 906 scribit
2087 906 2098 914 ,

1173 924 1272 956 etiam
1285 923 1464 964 Apostolus
1474 923 1594 958 Paulus
1610 936 1622 958 .·
1636 923 1704 967 Ipse
1713 925 1845 965 spiritus
1863 922 2059 961 testimonium
2073 908 2108 936 (·’
2121 908 2148 934 ⁸·

1173 973 1276 1006 reddit
1293 971 1413 1015 spiritui
1434 973 1549 1013 nostro,
1575 976 1655 1015 quod
1667 973 1759 1015 fimus
1767 972 1823 1014 filii
1836 976 1912 1007 Dei.
1945 973 1976 1006 A
1991 983 2059 1015 quo

1175 1021 1260 1056 male
1283 1021 1450 1056 intellecto
1473 1022 1667 1057 testimonio
1692 1023 1925 1066 circumscripti
1946 1021 2062 1055 Marti-

1176 1083 1236 1106 nus
1248 1071 1408 1113 Luterus,
1438 1073 1472 1106 &
1495 1072 1637 1115 Joannes
1662 1072 1821 1106 Calvinus
1833 1073 2064 1116 dogmatizant

1176 1123 1302 1156 firmam
1314 1123 1381 1159 fine
1398 1123 1491 1156 omni
1504 1122 1681 1156 formidine
1693 1120 1734 1155 de
1757 1131 1888 1165 accepta
1903 1133 1956 1164 per
1968 1119 2064 1155 Chri-

1177 1172 1260 1206 stum
1272 1182 1491 1216 peccatorum
1515 1172 1698 1206 remissione
1710 1172 1864 1206 fiduciam
1876 1173 1937 1206 esse
1951 1171 2066 1204 nostra:

1176 1222 1401 1266 justificationi
1418 1222 1624 1256 necessariam
1638 1246 1650 1263 ,
1675 1221 1781 1255 immo
1793 1222 1896 1266 ipsam
1907 1221 2009 1256 solam
2021 1221 2067 1254 es-

1180 1273 1211 1306 se
1221 1271 1443 1307 Christianam
1456 1271 1614 1316 justitiam
1625 1296 1632 1304 .
1647 1271 1799 1315 Imperite
1813 1298 1818 1303 .
1831 1271 1905 1310 Nec
1918 1273 2007 1306 enim
2019 1270 2067 1313 Ju-

1180 1321 1373 1367 stificantem
1396 1322 1495 1358 fidem
1510 1347 1522 1363 ,
1547 1322 1601 1356 sed
1628 1321 1787 1365 primaevae
1808 1319 2069 1355 Christianitatis

1181 1369 1339 1406 charisma
1351 1373 1461 1407 laudat
1475 1371 1656 1416 Apostolus
1674 1372 1862 1412 ‚laudatum
1874 1372 1908 1406 &
1922 1371 1940 1404 a
1951 1368 2069 1405 Domi-

1184 1429 1254 1453 no.-
1281 1423 1357 1456 Fiat
1366 1421 1692 1465 tibisecundumfidem
1703 1432 1805 1468 tuam.
1827 1421 1871 1456 Et
1884 1421 2070 1456 constanter

1182 1469 1323 1503 dicimus
1342 1482 1418 1504 cum
1432 1472 1552 1506 Saneco
1563 1473 1795 1514 Hieronymo:
1818 1475 1899 1505 Hanc
1910 1483 1958 1516 ego
1970 1480 2071 1505 vocem

1183 1520 1287 1552 audire
1311 1519 1374 1552 nolo
1395 1542 1402 1549 .
1429 1520 1462 1550 51
1482 1525 1562 1551 enim
1577 1520 1738 1560 secundum
1761 1533 1858 1555 meam
1887 1522 1975 1565 fidem
1997 1518 2072 1553 mibi

1181 1569 1239 1611 fiat
1258 1568 1380 1611 peribo.
1409 1566 1536 1602 Eadem
1559 1566 1657 1601 docet
1679 1569 1719 1600 -in
1733 1569 1852 1603 horum
1864 1571 2073 1612 Apostolico-

1184 1628 1258 1652 rum
1279 1617 1320 1652 ad
1344 1616 1541 1652 Corinthios
1562 1616 1737 1652 verborum
1761 1642 1772 1658 ,
1799 1619 1858 1650 Alii
1883 1612 1975 1652 daiur
1993 1620 2073 1660 fides

1185 1674 1220 1701 in
1240 1669 1338 1702 eodem
1355 1667 1491 1711 spiritu,
1516 1668 1756 1703 commentario
1783 1667 1918 1701 Sanetus
1934 1668 2074 1711 Joannes

1186 1716 1442 1762 Chrysostomus
1468 1731 1476 1751 ι
1502 1719 1613 1752 Fidem
1633 1729 1690 1752 non
1712 1717 1786 1751 dicit
1809 1718 1956 1761 Apostolus
1988 1729 2076 1757 eam,

1187 1778 1253 1811 quae
1281 1767 1318 1808 est
1341 1770 1533 1812 dogmatum,
1555 1767 1611 1811 fi’d
1632 1780 1668 1802 ea
1693 1779 1760 1810 quae
1782 1767 1819 1808 est
1838 1767 2002 1813 fignorum.
2031 1772 2076 1800 De

1187 1830 1247 1861 qua
1258 1819 1350 1852 dicit:
1378 1818 1412 1851 Si
1436 1818 1614 1853 habueritis
1634 1818 1735 1854 fidem
1756 1819 1837 1853 ficut
1848 1830 1988 1864 granum
2000 1819 2078 1852 fina-

1189 1869 1245 1912 pi,
1268 1867 1385 1903 dicetis
1406 1865 1484 1902 huic
1506 1869 1613 1903 monti
1627 1894 1638 1910 ,
1665 1868 1782 1903 Tranfi
1795 1867 1897 1911 hinc,
1923 1869 2079 1904 &tranfi-

1191 1918 1240 1952 bit
1258 1943 1265 1951 .
1294 1922 1340 1952 De
1349 1930 1384 1952 ea
1393 1919 1656 1963 quoquerogabant
1667 1917 1788 1961 Apostoli
1801 1921 1954 1953 dicentes:
1979 1919 2077 1953 Adde

1191 1967 1287 2002 nobis
1309 1967 1407 2002 fidem
1420 1994 1428 2002 .
1456 1974 1528 2002 Haec
1550 1969 1590 2010 eli
1621 1975 1700 2004 enim
1720 1979 1816 2004 mater
1830 1968 1975 2013 signorum
1988 1994 1995 2002 .
2024 1969 2081 2002 De

1192 2019 1311 2053 Sansto
1322 2018 1472 2054 Martino
1486 2044 1496 2060 ,
1511 2018 1691 2054 lthacianis
1703 2022 1970 2055 communicante
1983 2043 1992 2059 ,
2007 2019 2080 2053 scri-

1193 2067 1241 2102 bit
1265 2069 1299 2102 in
1324 2069 1422 2103 tertio
1444 2070 1578 2114 dialogo
1601 2071 1761 2113 Sulpitius
1780 2071 1933 2105 Severus:
1962 2069 2017 2116 Au
2029 2081 2085 2114 pa-

1194 2117 1307 2151 tranda
1321 2118 1475 2151 miracula
1482 2117 1572 2159 sensit
1583 2121 1795 2153 detrimentum
1806 2127 1933 2154 virtutis
1946 2146 1953 2153 .
1977 2117 2081 2166 Qod
2098 2133 2130 2162 c,
2149 2136 2191 2161 16.

1196 2175 1376 2210 patraturus
1397 2167 1553 2201 miracula
1567 2167 1734 2202 Martinus
1757 2168 1888 2202 sentiret
1910 2149 1978 2201 fib(
1989 2168 2083 2202 adve-

1196 2215 1266 2249 nire
1279 2215 1444 2257 virtutem‚
1464 2216 1597 2251 testatur
1609 2217 1696 2251 idem
1706 2219 1851 2260 Scriptor
1862 2219 1897 2251 in
1909 2217 1981 2253 allis
1993 2219 2083 2254 locis.

1197 2264 1280 2300 Haec
1292 2266 1394 2300 virtus
1414 2276 1482 2300 erat
1492 2266 1558 2309 jam
1581 2265 1711 2302 laudata
1723 2265 1820 2301 fides.
1898 2297 1901 2301 s
1926 2263 1929 2266 ’
2071 2296 2075 2299 .

1243 2315 1349 2351 Aliud
1361 2315 1515 2360 primaevae
1524 2316 1671 2350 Ecclefiae
1679 2315 1837 2352 charisma
1848 2314 1979 2363 adducit
1992 2320 2046 2364 Ap
2073 2338 2087 2348 ·

1194 2366 1296 2401 stolus
1317 2366 1351 2399 in
1372 2366 1474 2409 prima
1498 2367 1576 2400 item
1589 2366 1632 2400 ad
1642 2366 1846 2403 Corinthios
1859 2369 2025 2412 Epistola:
2048 2331 2085 2404 31

1193 2416 1295 2460 lingua
1318 2427 1396 2450 orem
1417 2440 1428 2456 ,
1449 2414 1577 2459 spiritus
1613 2428 1694 2451 meus
1728 2428 1795 2452 orat
1817 2443 1828 2459 ,
1867 2430 1949 2453 mens
1983 2426 2085 2454 autem
2098 2402 2133 2431 C*
2167 2411 2207 2436 Μ’

1194 2477 1262 2500 mea
1273 2465 1335 2509 fine
1362 2465 1467 2508 fruc‘lu
1489 2466 1528 2507 esi
1550 2492 1556 2499 .
1594 2467 1639 2501 Et
1663 2468 1697 2501 in
1721 2468 1867 2512 Epistola
1886 2470 1926 2503 ad
1961 2469 2083 2504 Rorna-

1197 2527 1258 2551 nos
1270 2541 1277 2547 .
1299 2519 1428 2558 spiritus
1453 2518 1589 2558 adjuvat
1609 2517 1816 2559 infirmitatem
1826 2518 1967 2559 nostram.
1994 2525 2083 2553 Nam
2097 2518 2131 2548 C·
2145 2521 2171 2546 8.

1196 2567 1272 2610 quid
1302 2576 1416 2600 oremus
1436 2590 1446 2607 ‚
1471 2565 1542 2607 sicut
1575 2576 1686 2610 oportet
1708 2593 1719 2609 ,
1747 2568 1888 2612 nescimus
1910 2595 1916 2602 .
1942 2571 2003 2603 Sed
2019 2568 2082 2613 ipse

1196 2620 1216 2650 5
1214 2621 1323 2659 piritu:
1330 2616 1460 2660 postulat
1478 2625 1536 2659 pro
1545 2617 1627 2650 nobis
1631 2619 1792 2662 gemitibus
1804 2618 2058 2656 inenarrabilibus
2070 2643 2080 2652 .

1199 2667 1347 2710 Exponit
1369 2668 1405 2700 in
1425 2666 1578 2710 vigefima
1610 2669 1727 2710 quinta
1753 2670 1846 2712 super
1878 2669 2018 2711 priorem
2037 2668 2081 2704 ad

1199 2715 1395 2751 Corinthios
1418 2714 1599 2759 Epistulam
1623 2716 1762 2752 homilia
1785 2719 1918 2753 Sanctus
1937 2719 2082 2762 Ioannes

1199 2765 1475 2810 Chrysostomus:
1507 2769 1612 2801 Erant
1630 2767 1797 2810 antiquitus
1819 2770 1926 2810 multi,
1954 2775 2006 2811 qui
2015 2781 2082 2802 ora-

1198 2822 1287 2851 tiom's
1309 2818 1417 2850 donum
1438 2814 1589 2850 habebant
1611 2827 1676 2851 cum
1684 2819 1804 2862 lingua.
1834 2822 1880 2851 Et
1902 2819 2005 2853 orabat
2016 2825 2080 2862 qui-

1198 2868 1287 2908 dem,
1318 2868 1351 2900 (5
1380 2869 1481 2909 lingua
1502 2866 1676 2910 loquebatur
1697 2891 1710 2910 ,
1738 2876 1791 2902 aut
1813 2867 1971 2911 Persarum
1995 2893 2005 2909 ,
2025 2877 2079 2902 aue

1199 2920 1397 2951 Romanorum
1430 2927 1501 2950 voce
1532 2926 1620 2950 orans
1648 2942 1661 2959 ,
1687 2929 1772 2952 mens
1803 2927 1902 2952 autem
1935 2917 2078 2963 nesciebat

1198 2968 1278 3010 quod
1304 2966 1477 3002 dicebatur.
1503 2968 1656 3009 spiritus,
1682 2967 1733 3002 boc
1753 2967 1813 3009 est,
1838 2969 1948 3002 donum
1973 2970 2079 3002 datum

1198 3027 1320 3052 movens
1353 3017 1485 3061 linguam
1506 3041 1514 3049 .
1542 3019 1589 3049 Et
1611 3018 1672 3052 ideo
1701 3018 1774 3051 dicit
1791 3018 1937 3061 Apostolus
1962 3030 1970 3051 ;
2005 3022 2079 3051 ora·

1198 3067 1234 3101 bo
1248 3065 1360 3110 spiritu
1375 3091 1388 3108 ‚
1412 3066 1501 3101 orabo
1513 3067 1681 3110 &mentm
1702 3066 1834 3111 psallam
1842 3066 1974 3111 spiritu,
1995 3064 2080 3110 psal·

1198 3118 1316 3151 lam&
1337 3124 1436 3150 meme
1455 3142 1461 3148 .
1489 3114 1655 3152 Adfirmat
1677 3118 1800 3152 vocalis
1824 3116 1983 3152 orationis
2005 3115 2080 3150 cha·

1198 3168 1293 3202 risma
1313 3166 1406 3201 fuiffe
1427 3166 1569 3211 duplex;
1595 3167 1695 3202 Istam
1716 3168 1805 3202 enim
1830 3166 1886 3201 sibi
1907 3167 2015 3201 aDeo
2025 3165 2080 3201 da-

253 3210 382 3253 probata
401 3212 439 3253 est
463 3238 471 3246 .
498 3218 571 3248 Haec
595 3213 632 3255 est
647 3214 723 3256 fides
746 3239 758 3256 ,
782 3226 874 3258 quam
900 3222 1132 3251 'rm.inveniri
1200 3227 1267 3252 tam
1277 3217 1462 3252 orationem
1481 3217 1584 3258 aliqui
1598 3216 1845 3261 intelligebant,
1872 3215 1974 3260 aliqui
1987 3227 2078 3250 non.

257 3264 403 3297 Dominus
429 3263 656 3303 demonstravit.
685 3269 756 3300 Haee
778 3265 817 3306 est
834 3265 934 3307 fides,
958 3276 1021 3308 qua
1042 3272 1132 3300 etiam
1202 3267 1245 3302 Et
1267 3265 1385 3307 horum
1405 3265 1562 3301 charisma
1582 3269 1644 3303 effe
1667 3277 1743 3302 cum
1769 3265 1872 3301 multa
1881 3264 2078 3301 discretione

256 3311 342 3353 apud
362 3324 436 3352 eos,
462 3318 515 3355 qui
525 3313 598 3347 bene
617 3315 764 3355 credunt,
789 3315 1132 3357 afflileperfee‘lainve-
1202 3317 1385 3352 ufitandum
1421 3326 1537 3352 monet
1564 3316 1636 3351 istic
1674 3316 1856 3360 Apostolus
1884 3342 1890 3349 .
1928 3316 2078 3351 Rituales

254 3366 358 3397 nitur,
371 3359 444 3397 Fiat
456 3362 517 3397 tibi
527 3363 705 3401 secundum
715 3365 814 3399 fidem
824 3368 1014 3401 tuam:·Ham
1022 3377 1072 3412 ego
1083 3379 1120 3401 vo
1183 3371 1186 3375 '
1202 3367 1349 3402 Ecclesiae
1367 3377 1485 3407 voces,
1514 3369 1658 3403 Dominus
1688 3364 1856 3409 vobiscum,
1883 3368 1918 3401 (a
1937 3378 2003 3401 cum
2015 3363 2079 3406 [Ρῦ-

240 3416 321 3446 ·cem'
329 3412 432 3449 audire
445 3414 525 3447 nolo.
552 3415 584 3447 Si
594 3419 673 3448 enim
677 3412 838 3456 secundum
854 3414 944 3458 fidem
952 3427 1048 3451 meam
1058 3417 1131 3453 mibi
1202 3424 1264 3452 ritu
1287 3426 1334 3451 tuo
1360 3441 1373 3459 ,
1408 3416 1520 3453 laudat
1552 3416 1588 3452 in
1612 3416 1788 3460 *trigesima
1812 3418 1901 3453 sexta
1936 3413 2074 3451 homilia

289 3495 292 3497 .
360 3459 467 3513 Christ.
479 3466 559 3507 Lupi
570 3467 667 3508 Opera
678 3468 709 3497 T.
719 3468 771 3499 Vl.
1572 3458 1578 3463 ⁵
1641 3465 1670 3500 B
1719 3478 1743 3503 2
1940 3463 2029 3500 idem

285 279 391 329 Petri
409 278 503 347 {girei
511 276 579 346 per
589 276 835 326 Periboldum
856 280 932 322 Con
965 293 1034 323 an-

441 347 590 416 tiensem
608 347 769 397 laudata
784 343 882 410 fides

556 421 751 487 exponitur
766 451 781 462 .

319 527 450 565 Uaestio
462 528 507 563 est
518 551 531 568 ‚
556 525 615 560 An
634 525 721 560 istud
741 524 835 570 ignei
849 524 938 559 Petri
951 534 1033 568 opus
1042 523 1106 558 fue·

224 527 385 643 Qit
400 577 541 622 vulgaris
549 575 755 619 probationis
767 575 901 619 species?
911 576 982 610 Res
979 574 1109 618 pendeo

371 639 440 663 non
451 626 544 661 fuisse
554 651 562 659 .
591 626 727 660 Etenim
740 626 889 670 vulgares
901 624 1110 668 probationes

222 688 406 723 numquam
419 676 545 711 admisit
566 675 720 711 Romana
741 675 897 710 Ecclesia.
924 674 1109 722 Qomodo

222 721 328 774 igitur
349 721 532 770 praesentem
553 725 800 770 probationem,
831 724 855 757 fi
877 724 984 758 fuisset
995 723 1107 767 vulga-

222 779 291 817 ris,
315 776 333 810 ὲ
346 775 439 819 plena
459 774 638 811 Alexandri
652 775 782 810 secundi
796 774 934 817 synodo
948 774 1110 817 postulare

221 826 460 870 praesumpfiffet
475 827 608 860 Sanetus
620 827 762 870 Joannes
773 820 989 859 Gualbertus?
1013 823 1107 870 Qo-

221 874 325 910 modo
338 875 552 919 postulationi
573 876 695 910 favisset
715 873 900 909 cardinalis
913 874 1109 908 Hildebran-

223 924 309 959 dus?
334 925 517 971 Qomodo
540 925 672 960 Sanctus
698 925 813 959 Petrus
833 925 991 958 Damiani
1012 923 1111 968 ipsam

223 973 287 1009 hac
309 975 596 1019 exceptione¹non
623 976 777 1010 elififfet?
803 975 847 1008 Et
859 974 1019 1014 similem,
1045 985 1112 1017 quo

221 1033 384 1068 repertam
405 1023 594 1060 Antiochiae
618 1025 764 1061 lanceam
790 1024 852 1059 esse
866 1024 938 1059 vere
956 1024 1113 1058 Domini-

222 1085 298 1109 cam
318 1073 469 1118 probavit
481 1076 591 1110 nescio
616 1077 688 1119 quis
699 1075 871 1115 Clericus,
899 1074 1112 1119 ignisingres-

222 1125 296 1159 sum
331 1124 524 1159 venerabilis
546 1125 726 1160 Guibertus
744 1125 931 1169 Novigenti
952 1123 1067 1158 Abbas
1077 1123 1112 1157 in

223 1173 318 1209 libris
327 1173 369 1208 de
382 1176 471 1210 sacro
486 1174 575 1210 bello
586 1176 724 1220 appellat
736 1173 869 1216 inufitati
884 1179 979 1217 operis
989 1172 1094 1216 ausum
1108 1197 1114 1205 .

225 1223 277 1260 At
298 1223 378 1272 vero
401 1225 544 1270 vulgaris
557 1226 708 1269 probatio
720 1235 788 1260 erat
798 1233 878 1258 tunc
892 1224 1091 1258 ufitatiffima
1107 1249 1113 1255 .

225 1274 308 1308 Erat
321 1274 462 1318 vulgaris
473 1300 480 1306 .
508 1276 553 1309 Et
578 1275 723 1319 superius
743 1275 878 1310 adducta
889 1286 931 1309 ex
943 1273 1094 1308 Palladio
1106 1297 1117 1312 ,

225 1325 344 1359 Sandio
364 1323 573 1368 Sophronio‚
599 1326 633 1359 &
655 1324 808 1359 Cedreno
830 1323 978 1364 exempla
1017 1322 1117 1356 mani-

226 1372 308 1407 feste
339 1385 410 1407 non
445 1375 609 1416 pertinent
642 1373 683 1407 ad
714 1373 860 1416 vulgares
887 1371 1114 1412 probationes.

228 1422 303 1456 Has
326 1421 417 1456 enim
440 1422 601 1454 Romana
623 1420 826 1463 Reipublicae
845 1417 978 1454 Barbari
1003 1420 1118 1454 lacera-

227 1479 317 1504 tores
338 1470 426 1512 prius
447 1468 650 1503 induxerunt
673 1470 708 1503 in
731 1469 907 1504 Ecclesiam
931 1495 938 1502 .
966 1468 1033 1504 Sub
1052 1480 1118 1503 ma-

227 1528 300 1564 gno
319 1516 484 1564 Gregorio
506 1515 696 1552 Gothorum
721 1517 756 1552 in
780 1519 942 1563 Hispania
963 1519 1040 1554 Rex
1059 1519 1120 1553 Ri-

226 1565 387 1604 charedus
408 1577 485 1602 cum
507 1568 600 1602 omni
621 1569 677 1603 sua
697 1577 797 1614 gente
830 1569 953 1603 Ariana
982 1570 1117 1612 suscepit

229 1616 453 1655 orthodoxam
475 1617 572 1653 fidem
593 1641 605 1659 ,
631 1628 766 1662 ortaque
790 1619 835 1652 est
858 1620 991 1663 quaestio
1011 1619 1053 1654 de
1074 1630 1119 1653 re-

228 1668 329 1714 pertis
348 1667 435 1711 apud
461 1667 546 1712 ipsos
569 1669 761 1703 Sanctorum
780 1668 961 1712 Reliquiis.
990 1669 1035 1702 Et
1058 1669 1119 1702 sta·

228 1718 297 1754 tuit
308 1716 622 1762 Caesar-Augustana
632 1719 807 1763 synodus:
834 1718 1027 1762 Pontificibus
1039 1727 1118 1761 prae-

228 1767 359 1812 J‘entatae
382 1772 448 1812 igne
464 1768 644 1810 probentur.
670 1769 834 1804 Statutum
855 1770 891 1804 id
905 1770 993 1810 fuit,
1019 1769 1117 1803 nona

229 1814 356 1852 Gothis
368 1840 381 1857 ,
406 1817 460 1852 sed
470 1817 489 1851 a
501 1818 664 1856 Romanis
680 1819 849 1864 Episcopis
864 1845 876 1860 ,
886 1820 1037 1865 vulgares
1048 1829 1118 1863 pto-

229 1866 384 1914 bationes
405 1879 485 1903 tunc
506 1872 645 1904 omnino
671 1869 918 1914 ignorantibus.

281 1916 372 1951 Inter
393 1918 548 1961 spiritalia
577 1919 726 1954 Ecclefiae
758 1920 950 1955 charismata
985 1920 1120 1956 Sanctus

232 1965 415 2011 Apostolus
438 1967 560 2005 Paulus
573 1971 606 2005 in
621 1970 723 2014 prima
737 1970 777 2004 ad
790 1968 984 2004 Corinthios
995 1969 1122 2014 Episto-

233 2017 267 2051 la
288 2029 437 2052 numerat
458 2020 559 2054 etiam
584 2021 683 2055 fidem
697 2034 708 2054 .-
735 2022 826 2055 Alteri
844 2022 935 2054 datur
943 2019 1021 2062 fides
1033 2026 1065 2053 in
1078 2030 1119 2053 eo·

235 2068 303 2101 dem
313 2070 426 2110 Spiritu
440 2094 447 2102 .
475 2069 518 2103 Et
529 2070 672 2105 iterum:
700 2072 730 2104 Si
741 2070 866 2103 habuero
875 2082 987 2103 omnem
1005 2070 1121 2113 fidem,

236 2122 283 2150 ita
303 2126 336 2150 ut
356 2127 468 2150 montes
493 2120 682 2161 transferam
701 2136 715 2151 -.
752 2121 833 2152 Haec
856 2121 900 2153 est
924 2119 1004 2153 fides
1023 2144 1034 2160 ,
1059 2130 1121 2162 qua

233 2167 391 2201 Sanetum
415 2164 729 2209 Stephanumfuiffe
752 2167 890 2210 plenum'
913 2169 1046 2203 sanstus
1058 2168 1122 2201 Lu·

231 2264 350 2300 -minus
375 2264 408 2296 in
421 2264 605 2309 Evangelio
622 2279 632 2299 .·
659 2266 736 2298 Cum
755 2271 873 2300 venerit
881 2265 962 2307 filius
973 2265 1097 2298 bominis
1110 2290 1121 2306 ,

237 2322 331 2357 putas
353 2318 485 2348 inveniet
506 2315 597 2357 fidem
619 2313 709 2358 super
734 2323 847 2349 terram
868 2315 883 2346 ἒ
911 2317 953 2350 Et
980 2315 1096 2350 iterum
1111 2329 1122 2348 .-

242 2365 338 2398 Fides
359 2372 413 2397 rua
435 2373 464 2397 te
477 2362 599 2407 salvum
615 2365 711 2407 fecit.
739 2370 812 2398 Non
833 2370 936 2399 inveni
961 2365 1124 2408 tantamfi-

230 2414 353 2447 demin
365 2411 458 2457 Israel
469 2440 475 2447 .
503 2415 710 2457 Modicaefidei
729 2427 819 2457 quare
830 2414 968 2456 dubitasti
983 2416 1000 2448 ?
1028 2416 1123 2449 Habe·
1159 2424 1163 2435 ·

241 2473 271 2497 ee
278 2462 364 2505 fidem
379 2467 458 2497 Dei.
485 2468 668 2508 ‚Quicumque
679 2467 792 2499 dixerit
801 2465 868 2499 huic
879 2473 995 2507 monti,
1014 2467 1124 2500 Tollere

232 2515 279 2547 -Θ
298 2518 414 2546 mittere
435 2519 467 2546 in
490 2526 570 2549 mare
592 2540 603 2555 ‚
629 2517 664 2549 &³
687 2527 745 2549 non
768 2515 950 2557 haesitaverit
976 2522 1009 2549 in
1042 2517 1125 2550 corde

241 2561 313 2606 fue,
330 2561 389 2604 sed
395 2563 572 2604 crediderit,
594 2571 664 2606 quia
674 2561 870 2608 quodcumque
880 2567 1017 2616 dixerit,
1037 2571 1126 2606 Fiat,

242 2611 293 2654 fiet
318 2617 345 2646 ei
364 2636 373 2644 .
403 2615 480 2644 Fiat
503 2613 586 2646 vobis
608 2612 765 2656 secundum
784 2615 876 2658 fidem
898 2610 1027 2661 vestram
1047 2641 1054 2648 .
1082 2617 1126 2651 Et

245 2663 379 2696 Sanetus
400 2662 539 2705 Jacobus
563 2662 765 2706 Apostolus.-
793 2665 917 2706 Postulet
938 2666 1056 2707 infide,
1083 2672 1128 2700 ni·

246 2712 293 2745 bil
314 2710 468 2754 haefitans.
495 2714 560 2757 ,Qui
584 2719 664 2748 enim
685 2714 822 2756 baefitat,
843 2714 949 2757 fimilis
972 2715 1011 2756 est
1028 2715 1129 2759 fluc‘lui

240 2766 345 2801 ,maris
368 2766 419 2804 qui
443 2764 464 2794 a?
487 2772 578 2798 vento
599 2772 734 2798 movetur
755 2767 789 2800 cb·
807 2765 1028 2807 circumfertur.
1056 2770 1128 2799 Non

236 2868 331 2896 ..mino
342 2886 349 2894 .
377 2862 526 2907 Exponit
537 2872 652 2898 contra
662 2864 886 2900 Luciferianos
897 2866 1032 2900 Sanstus
1050 2866 1130 2902 Hie-

251 2922 432 2956 ronymus:
458 2918 564 2956 Neque
584 2917 742 2954 Centurio,
768 2926 858 2957 neque
871 2915 928 2950 illa
938 2916 1126 2957 muliercula,

252 2973 319 3004 quae
345 2963 493 2998 duodecim
518 2975 613 2998 armos
619 2965 706 3006 fluxu
710 2963 1071 3009 sanguinis.taebeftebat,
1097 2972 1130 3000 in

251 3014 415 3047 Trinitatis
438 3017 631 3048 Sacramenta
655 3015 865 3056 crediderant,
889 3019 956 3057 ‘quae
969 3015 1033 3059 post
1043 3015 1130 3050 cbri-

249 3060 290 3103 sti
316 3061 562 3105 ResmreHionem
589 3064 728 3107 apostolis
754 3064 943 3107 manifestata
958 3065 1041 3109 sunt
1062 3091 1073 3108 ,
1098 3077 1131 3101 ut

237 3131 242 3137 ·
255 3115 360 3146 merito
378 3112 453 3155 fides
476 3113 579 3148 borum
591 3139 602 3155 ,
622 3125 689 3158 quae
711 3121 744 3148 in
755 3115 879 3156 mysterio
890 3114 928 3156 est
939 3116 1109 3151 laudaretur
1121 3141 1131 3157 ,

238 3183 240 3186 -
251 3160 308 3205 Μ
323 3159 495 3204 simplicitas
515 3171 630 3198 mentis
640 3190 652 3206 ,
677 3166 712 3199 <St
722 3166 832 3200 devota
842 3167 904 3200 Deo
910 3163 962 3208 suo
968 3171 1070 3200 anima
1081 3175 1131 3209 ap-
