2352 3756
95 239 181 279 Epist.
214 250 234 269 x.

85 1918 149 1948 Iib-
183 1927 229 1953 ις.

86 1967 155 1996 cap..
184 1967 234 1993 17.

91 2083 166 2112 cap,
184 2077 231 2110 65.

91 2119 140 2144 66-

67 2458 122 2491 lib
146 2467 178 2495 3.
198 2467 226 2489 c.

65 2509 114 2537 35·

427 132 492 162 Dr.
528 117 796 162 ROMANA
836 113 1278 159 Eprscoroaum
1315 129 1868 168 CONSECRATIONE.
1913 140 2006 183 379

254 199 456 236 Decentium
482 195 696 242 Eugubinum
723 195 922 238 Episcopum
948 193 1142 227 Sanstusln·

254 250 429 284 nocentius
456 247 615 282 Pontifex
640 259 646 277 2
684 244 875 284 Manifestum
902 241 939 283 est
965 249 997 276 m
1026 255 1140 276 omnem

253 303 396 340 Italiam,
426 299 547 332 Gallias
562 321 572 336 ,
600 295 764 338 J-J'ispanias
778 319 788 334 ,
817 295 951 335 Africam
966 302 1056 334 atque
1068 295 1140 326 sict-

252 354 327 383 Iiam
348 376 358 391 ‚
385 347 551 393 insulasque
574 349 789 387 interjacentes·
816 369 827 384 ‚
855 344 966 376 nullum
987 343 1135 386 instituisse

254 400 397 442 Ecclefias
409 424 419 440 ‚
445 398 501 439 m'fi
517 410 562 430 eos
591 407 661 439 quos
675 394 853 429 venerabilis
867 392 1011 434 Apostolus
1031 396 1138 426 Petrus

254 461 308 484 aut
327 453 392 491 ejus
416 449 582 492 Successores
606 446 804 485 constituerint
816 445 984 476 Sacerdotes
999 468 1006 475 .
1034 443 1139 491 Qar-

254 503 291 533 to
310 500 465 534 habemus
487 523 496 539 ,
523 496 611 541 quod
639 496 850 539 Apostolicas
871 493 956 526 vices
978 494 1011 526 in
1035 495 1138 526 tribus

253 549 459 587 Provinciis,
486 549 520 583 ὅ(
541 546 692 581 omnium
716 545 785 578 istic
801 543 1039 587 Episcoporum
1061 554 1138 576 con-

251 600 481 634 secrandorum
506 599 699 642 potestatem
721 594 928 637 Trophimus
950 592 1137 634 acceperit&

251 650 372 683 saneto
386 649 484 682 Petro
498 647 660 690 Apostolo
675 670 682 677 .
710 644 840 691 Qinto
854 669 864 683 ,
882 643 969 687 quod
984 643 1050 685 ipse
1061 644 1136 677 San-

253 701 321 732 &us
346 700 459 733 Petrus
480 698 613 740 coeperit
637 695 807 740 privilegia
827 695 904 729 dare
915 694 1013 726 etiam
1027 693 1136 726 adver-

252 750 324 782 sum
349 751 472 782 invitos
487 748 664 791 Episcopus
678 771 685 778 .
716 744 814 778 Sexto
827 768 837 783 ,
863 743 950 786 quod
966 752 1045 775 tunc
1058 741 1136 774 Gal-

253 798 359 832 licana
383 799 525 832 Ecclesia
550 798 634 830 hanc
656 794 886 837 Apostolicam
910 791 1133 824 austeritatem

251 847 348 881 fuerit
362 857 513 880 venerata
527 847 562 879 in
577 846 667 879 Petri
681 842 920 878 Succefforibus
930 865 937 873 .
964 840 1110 886 Septimo
1123 865 1133 881 ,

251 897 343 940 quod
370 897 479 932 nescio
507 895 564 937 qui
589 894 678 927 aliud
704 891 805 927 hodie
830 901 1002 925 cantantes
1028 891 1133 935 palam

252 948 384 982 devient
407 947 450 980 ab
467 947 605 988 antiquo
625 944 719 978 sensu
744 944 806 976 suae
831 941 980 976 Ecclesiae
1005 966 1012 973 .
1039 942 1133 975 Octa-

252 997 316 1036 νό,
348 996 437 1037 quod
459 997 558 1031 etiam
570 993 790 1028 Narbonensis
803 992 950 1026 Hilarius
961 992 1048 1025 suam
1061 993 1133 1025 Me-

251 1046 474 1088 tropoliticam
500 1043 795 1078 consecrandorum
819 1042 1057 1084 Episcoporum
1079 1052 1131 1075 au-

250 1096 434 1130 ctoritatem
472 1095 509 1128 sit
534 1094 683 1137 professus
705 1093 767 1126 effe
788 1092 979 1125 Romanum
1004 1092 1133 1135 privile-

249 1145 342 1188 gium
360 1170 367 1177 .
395 1143 499 1190 Quod
510 1155 627 1187 nempe
639 1142 705 1176 haec
717 1143 826 1177 omnis
836 1141 976 1185 potestas
987 1153 1027 1174 ex
1043 1141 1131 1184 Apo·

249 1195 367 1229 stolico
389 1205 486 1236 atque
507 1194 648 1229 Nicaeno
661 1193 800 1226 Canone
812 1193 929 1235 spectet
941 1191 981 1224 ad
995 1191 1132 1225 Patriar-

249 1243 346 1278 cham
360 1268 372 1284 ,
397 1244 538 1288 ideoque
560 1244 578 1277 a
598 1242 827 1287 Metropolitis
848 1253 916 1276 uon
932 1240 990 1275 nisi
1005 1253 1058 1285 per
1072 1241 1134 1285 pri-

248 1294 407 1338 vilegium
430 1294 525 1338 poffit
546 1293 707 1328 obtineri.

299 1345 433 1378 Horum
460 1345 606 1389 quaedam
634 1344 767 1378 deviant
799 1342 818 1376 a
847 1354 925 1378 veto
947 1367 956 1374 .
996 1340 1133 1381 Primo,

248 1392 354 1441 Qod
382 1395 513 1429 Saustus
539 1392 744 1436 Trophimus
780 1394 878 1428 fuerit
903 1391 1131 1435 Metropolita-

249 1454 311 1476 nus
323 1469 330 1476 .
359 1444 492 1479 Etenim
513 1445 647 1479 sanstus
659 1444 773 1480 Petrus
785 1442 1042 1478 Ecclefiasticam
1054 1441 1133 1475 Hie-

246 1492 406 1527 rarchiam
442 1494 679 1538 conquadravit
719 1494 878 1528 Romanae
905 1491 1133 1536 Reipublicae,

248 1542 390 1587 ideoque
413 1544 643 1588 Mettopolitas
665 1555 734 1578 non
758 1544 864 1588 posuit
887 1542 991 1576 nifiin
1011 1543 1134 1577 Roma-

248 1602 365 1626 narum
390 1593 643 1628 provinciarum
669 1593 913 1636 Metropolibus
936 1618 943 1624 .
982 1591 1030 1626 At
1057 1590 1135 1625 vero

249 1640 444 1675 Arelatensis
463 1644 578 1677 civitas
589 1654 668 1677 tunc
681 1643 819 1677 necdum
831 1654 897 1677 erat
912 1641 1111 1684 Metropolis
1125 1666 1132 1672 .

250 1692 388 1724 Etenim
409 1691 537 1735 vigebat
559 1703 640 1727 tunc
661 1702 716 1734 per
735 1690 859 1734 Julium
882 1691 1038 1723 Caesarem
1051 1691 1134 1722 fasta

251 1740 370 1774 Galliae
394 1741 531 1775 divisio:
557 1743 601 1775 Et
622 1741 708 1776 hanc
730 1742 824 1776 fuiffe
848 1741 882 1774 in
902 1750 1042 1781 quatuor
1056 1738 1133 1772 Pro-

250 1790 378 1824 vincias
400 1790 452 1823 seu
475 1790 712 1834 Jurisdietiones
736 1814 747 1829 ,
786 1789 903 1832 nempe
929 1790 964 1821 in
987 1788 1132 1821 Galliam

251 1839 524 1880 Narbonensem,
551 1841 789 1884 Aquitaniam,
815 1840 1031 1873 Germaniam
1054 1861 1066 1877 ,
1099 1838 1134 1871 <Sc

252 1889 426 1933 Belgium,
452 1890 584 1924 testatur
607 1890 805 1924 Ammianus
824 1888 1057 1921 Marcellinus.
1090 1887 1133 1920 Et

253 1938 474 1973 Narbonensis
501 1938 683 1982 Jurisdistio
705 1937 901 1973 continebat
922 1935 1132 1969 Provinciam

252 1987 477 2023 Viennensem
501 2000 539 2021 ae
560 1988 834 2031 Lugdunensem.
861 1987 970 2030 Qam
993 1986 1131 2019 formam

253 2039 364 2073 laudat
384 2038 484 2072 etiam
497 2037 670 2071 Cornelius
688 2036 845 2071 Tacitus.
875 2034 1005 2067 Etenim
1024 2034 1057 2068 in
1071 2035 1132 2078 pri-

253 2099 310 2123 mo
333 2088 542 2123 historiarum
564 2086 648 2120 libro
671 2086 782 2120 scribit
796 2086 880 2120 inter
894 2083 1131 2127 Lugdunenses

252 2139 286 2172 ὃς
308 2137 513 2173 Viennenses
530 2138 593 2171 esse
616 2136 784 2178 antiquam
807 2135 907 2177 usque
926 2133 966 2168 ad
990 2145 1075 2167 arma
1097 2136 1129 2168 &

252 2188 337 2223 bella
358 2189 629 2228 contentionem,
654 2187 768 2230 utique
791 2186 832 2219 de
856 2184 923 2227 jure
934 2184 1128 2227 Metropoli-

250 2240 334 2272 tico.
365 2239 454 2271 Diffi
479 2237 648 2271 Ammiani
665 2247 811 2280 tempore
825 2235 936 2268 Gallia
947 2245 1012 2267 erat
1025 2234 1125 2268 divisa

249 2287 283 2321 in
307 2287 408 2331 plures
427 2288 634 2322 Provincias.
663 2288 792 2321 Harum
803 2296 868 2319 una
879 2294 946 2318 erat
957 2283 1126 2318 Viennen-

249 2338 306 2372 sis:
337 2339 376 2370 Et
397 2339 479 2371 inter
496 2337 564 2380 ejus
587 2337 804 2381 suffraganeas
827 2334 974 2368 civitates
1000 2334 1056 2368 ille
1070 2346 1125 2378 po-

249 2390 299 2421 nit
324 2387 476 2422 Arelaten
491 2412 498 2419 .
525 2388 628 2434 Qod
652 2387 754 2430 ipsum
770 2385 847 2419 facit
858 2385 992 2428 antiqua
1005 2385 1121 2418 notitia

249 2438 393 2472 Romani
417 2438 568 2480 Imperii.
598 2435 741 2470 Proinde
764 2436 838 2473 lex,
865 2446 961 2478 quam
987 2434 1122 2468 inlibris

249 2489 290 2523 de
317 2486 491 2522 Catholica
519 2485 767 2522 Concordantia
793 2485 927 2518 adducit
962 2484 1122 2519 Nicolaus

249 2538 433 2572 Cardinalis
454 2537 626 2576 Cusanus,
650 2538 684 2570 &
708 2548 778 2579 quae
800 2534 1021 2570 Arelatensem
1043 2535 1119 2568 civi·

248 2600 348 2622 tatem
372 2588 471 2621 sancit
494 2588 555 2620 effe
583 2585 800 2629 Metropolim
835 2586 954 2629 septem
988 2583 1117 2619 Provin

247 2641 370 2672 ciarum
391 2662 400 2677 ,
443 2649 510 2670 non
534 2636 636 2680 potest
657 2638 719 2670 esle
742 2635 860 2679 Magni
884 2634 1119 2669 Constantini.

247 2690 416 2722 Dominus
437 2687 551 2721 Petrus
572 2687 613 2721 de
636 2686 750 2721 Marca
771 2684 856 2719 recte
875 2684 981 2719 asserit
1004 2684 1066 2718 ess'e
1079 2686 1109 2720 le

247 2750 323 2782 gem
344 2737 550 2781 Imperatoris
571 2736 717 2772 Honorii
733 2761 741 2768 .
769 2734 873 2768 Tunc
897 2735 1004 2773 enim,
1032 2734 1117 2779 quod

245 2795 374 2821 omnium
395 2789 563 2822 Galliarum
583 2796 678 2820 mater
701 2785 815 2820 civitas
829 2783 1032 2818 Trevitenfis
1042 2787 1118 2820 esset

245 2838 350 2872 excisa
370 2840 388 2871 a
410 2838 559 2872 Barbaris
572 2864 581 2879 ‚
608 2835 774 2870 Gallicani
789 2835 937 2869 Praetorii
950 2833 1118 2870 Praefestus

245 2889 396 2934 migravit
418 2888 572 2923 Arelaten
595 2912 606 2929 ‚
630 2898 728 2930 atque
746 2886 791 2919 ita
812 2884 880 2918 haec
910 2896 1033 2928 magno
1055 2885 1116 2921 isto

244 2939 344 2972 titulo
356 2941 455 2982 coepit
466 2937 621 2972 honorari
632 2962 639 2969 .
667 2934 779 2970 Habes
791 2934 858 2969 haec
870 2934 903 2968 in
918 2934 1118 2978 supplicibus

241 2988 504 3032 Episcoporum,
530 2988 620 3022 illam
642 2985 860 3029 Metropolim
883 2982 1116 3029 diligentium,

242 3038 358 3072 litteris
380 3039 420 3073 ad
441 3040 588 3073 Sanctum
613 3037 736 3081 Papam
758 3037 908 3071 Leonem
928 3060 936 3067 .
964 3034 1008 3067 Et
1036 3045 1116 3072 tunc

241 3087 311 3131 ejus
332 3088 483 3132 Episcopi
508 3086 614 3131 primo
642 3095 809 3130 coeperunt
837 3097 913 3120 cum
935 3084 1113 3122 Viennensi

239 3139 437 3173 contendere
457 3138 498 3171 de
517 3138 585 3180 jure
610 3137 880 3181 Metropolitico.

293 3188 403 3223 Etiam
427 3188 541 3222 falsum
562 3186 607 3221 est
623 3212 632 3227 ‚
658 3186 747 3230 quod
760 3188 893 3222 Sanctus
904 3185 1017 3220 Petrus
1029 3186 1113 3222 Tro-

238 3236 367 3282 phymo
394 3237 518 3272 dederit
544 3236 749 3281 privilegium
786 3248 836 3272 tot
873 3236 1113 3279 Episcopalium

238 3289 524 3322 consecrationum
546 3313 552 3319 .
591 3286 699 3322 Nullo
727 3286 760 3320 id
788 3286 883 3329 poffit
906 3287 1034 3320 ostendi
1061 3303 1113 3326 au.

236 3337 386 3372 tlientico
408 3337 599 3372 testimonio
615 3361 624 3369 .
650 3337 694 3370 Et
706 3336 782 3370 hinc
800 3336 926 3371 Zozimi
942 3335 1114 3375 Pontificis

235 3387 397 3424 Successor
418 3389 610 3422 Bonifacius
635 3387 746 3421 datum
770 3385 810 3422 ab
830 3387 889 3422 illo
904 3386 1113 3435 privilegium

1203 191 1310 226 statim
1323 192 1546 228 circumduxit
1557 222 1564 229 .
1593 199 1724 234 Etenim
1735 200 1898 235 Hilarium
1912 201 2074 236 Narbonae

1205 242 1453 286 Metropolitam
1465 268 1475 284 ,
1502 245 1560 284 qui
1581 246 1799 284 Lutubensem
1815 251 1874 285 sum
1891 251 2072 285 Provinciae

1205 292 1402 336 Episcopum
1421 294 1552 337 questus
1572 294 1617 326 est
1643 298 1828 334 ordinatum
1854 301 1872 333 a
1895 299 2072 341 Patroclo,

1203 354 1351 384 potenter
1371 342 1558 382 exaudivit,
1584 343 1619 377 &⁴
1639 344 1764 380 addidit
1786 351 1911 384 vegaria
1927 350 2071 384 Nicaenis

1202 393 1395 428 Canonibus
1419 417 1430 434 ‚
1457 403 1494 427 ut
1511 403 1595 431 unus
1614 393 1828 436 Metropolita
1856 399 1971 433 habeat
1991 400 2072 434 duas

1202 442 1394 478 Provincias
1418 468 1425 475 .
1452 443 1584 486 Insuper
1605 443 1749 477 Patrocli
1771 445 1969 482 ordinatum
1985 449 2071 491 juffit

1200 493 1350 534 extrudi,
1377 493 1410 526 &
1430 494 1532 528 alium
1553 493 1750 537 Episcopum
1774 493 1895 536 ibidem
1910 500 2073 533 consecra-

1201 544 1226 576 ri
1249 567 1255 574 .
1286 542 1416 586 Nempe
1438 543 1588 578 Hilarius
1614 543 1654 577 ad
1678 542 1909 586 Apostolicum
1934 548 1993 580 suae
2013 542 2074 581 Ec-

1199 593 1299 627 clefiae
1321 593 1530 638 privilegium
1551 592 1662 627 denuo
1680 604 1888 636 provocarat.
1916 595 2073 631 Notanda

1199 644 1272 675 sunt
1301 642 1416 683 verba,
1443 643 1563 687 quibus
1584 642 1737 677 Zozimus
1761 643 1852 687 supra
1871 642 1955 679 dixit
1967 645 2070 679 dataa

1197 693 1315 726 sancto
1336 694 1436 726 Petro
1459 693 1631 737 privilegia
1659 704 1719 727 nec
1740 704 1794 736 per
1813 694 1914 737 ipsam
1929 693 2068 737 Aposto-

1198 742 1295 776 licam
1313 743 1429 778 Sedem
1455 744 1545 787 posse
1556 742 1657 776 everti
1671 752 1727 776 aut
1742 744 1880 776 mutari.
1910 744 2002 779 Hinc
2014 744 2075 778 Pa-

1197 794 1290 827 trocli
1316 794 1386 836 post
1406 794 1560 827 sanetum
1583 792 1798 828 Honoratum
1820 794 1985 828 Successor
2008 794 2071 828 Hi·

1197 844 1292 878 larius
1311 854 1378 877 non
1395 842 1603 878 solummodo
1622 843 1811 887 resumpsit,
1838 842 1892 878 sed
1904 843 2003 878 etiam
2014 855 2068 878 ex·

1195 894 1302 927 tendit
1323 893 1583 928 circumductum
1602 893 1637 927 δε
1650 894 1760 928 ficium
1773 893 2000 938 privilegium,
2025 905 2072 935 at<

1196 954 1258 986 que
1278 944 1376 987 coepit
1396 944 1494 978 etiam
1515 955 1570 988 pet
1590 943 1828 979 maritimarum
1849 943 2009 987 Alpium,
2035 945 2071 978 δε

1198 995 1424 1038 Sequanorum
1454 994 1645 1028 Provincias
1664 995 1851 1028 consecrare
1871 992 2066 1037 Episcopos.

1198 1043 1329 1088 Nempe
1355 1055 1410 1087 per
1435 1045 1559 1088 Julium
1585 1043 1742 1077 Caesarem
1767 1044 1848 1078 fasta
1876 1042 2070 1077 Narbonen-

1196 1095 1277 1127 sium
1299 1094 1473 1128 Provincia
1494 1095 1570 1129 istas
1592 1095 1689 1127 etiam
1705 1092 2071 1138 regionescompreben-

1196 1144 1312 1178 debat.
1340 1145 1476 1178 Interim
1499 1156 1566 1178 non
1593 1144 1626 1176 in
1652 1143 1844 1185 Apostolico
1856 1143 2074 1186 autSynoda·

1198 1195 1218 1227 li
1244 1194 1382 1228 Canone
1405 1218 1415 1232 ,
1445 1194 1497 1228 sed
1523 1195 1555 1226 in
1580 1193 1660 1226 dato
1682 1204 1736 1236 per
1758 1194 1908 1227 Sanctum
1935 1192 2071 1227 Petrum

1197 1242 1370 1288 privilegio
1392 1244 1445 1276 sua
1469 1241 1551 1277 Asta
1568 1243 1742 1277 fundarunt
1756 1243 1930 1284 Zozimus‚
1959 1242 2074 1277 Patro·

1195 1294 1282 1332 clus,
1307 1304 1403 1338 atque
1425 1292 1588 1328 Hilarius.
1616 1292 1717 1326 Suum
1741 1304 1872 1337 quoque
1882 1294 2073 1328 consecran-

1195 1344 1227 1378 di
1248 1344 1299 1386 jus
1322 1356 1363 1379 ex
1384 1343 1499 1378 eodem
1524 1344 1617 1377 fonte
1636 1344 1750 1386 petivit
1768 1343 1917 1376 Hilarius
1943 1341 2073 1376 Narbo-

1197 1394 1316 1428 nensis.
1346 1393 1391 1428 At
1412 1393 1578 1437 quodnam
1593 1393 1675 1434 fuit,
1702 1390 2074 1436 ubi&quandodatum

1196 1443 1278 1477 istud
1301 1442 1525 1478 Narbonensis
1545 1443 1691 1476 Ecclefiae
1717 1443 1926 1487 privilegium
1951 1439 1967 1478 ?
1994 1442 2071 1476 Res-

1196 1493 1327 1537 pondeo
1345 1494 1455 1528 datum
1478 1493 1519 1527 ab
1532 1493 1661 1527 inducta
1677 1505 1728 1536 per
1744 1494 1972 1526 Romanorum
1984 1491 2074 1526 Pon·

1195 1544 1320 1578 tificum
1333 1545 1580 1578 conniventiam
1591 1542 1849 1582 consuetudine,
1875 1554 1946 1586 quae
1957 1553 2073 1576 omnes
2099 1544 2108 1556 Χ

1195 1593 1388 1628 Gallicanos
1413 1595 1594 1638 Episcopos
1621 1594 1639 1626 a
1664 1593 1724 1626 suis
1748 1591 1974 1636 Metropolitis
1994 1617 2004 1633 ,
2039 1592 2074 1625 δε

1196 1644 1256 1678 hos
1277 1642 1317 1676 ab
1343 1644 1409 1678 illis
1433 1644 1564 1678 indulsit
1586 1642 1767 1677 consecrari
1791 1667 1798 1675 .
1832 1642 2013 1676 Pontifices
2039 1640 2076 1675 id

1196 1693 1399 1726 indulserunt
1409 1692 1454 1726 ob
1464 1693 1543 1727 duas
1554 1694 1681 1727 causas.
1710 1690 1843 1731 Primo,
1867 1691 1912 1726 ob
1923 1691 2076 1726 locorum

1196 1741 1402 1775 distantiam.
1431 1742 1562 1776 Deinde
1573 1742 1619 1775 ob
1632 1742 1834 1784 Apostolicae
1851 1741 1925 1776 Sedi
1949 1741 2077 1784 imposi-

1196 1801 1262 1823 tam
1283 1792 1432 1826 omnium
1457 1791 1674 1825 Ecclesiarum
1701 1790 1978 1825 sollicitudinem.
2007 1789 2075 1824 Uti

1201 1840 1288 1873 enim
1302 1840 1454 1874 Sanstum
1469 1840 1610 1874 Paulum
1627 1840 1825 1883 Apostolum
1845 1853 1913 1875 non
1936 1840 2080 1883 baptiza-

1196 1902 1229 1923 re
1243 1915 1252 1930 ,
1280 1889 1332 1922 sed
1352 1890 1578 1934 evangelizare
1595 1914 1605 1930 ,
1632 1891 1677 1924 ita
1697 1891 1869 1924 Romanos
1893 1889 2073 1932 Episcopos

1194 1939 1320 1973 Divina
1346 1941 1497 1983 Majestas
1524 1952 1591 1974 non
1613 1940 1697 1973 misit
1716 1941 1901 1974 consecrare
1921 1940 2050 1973 tantum
2064 1965 2074 1980 ‚

1196 1988 1247 2022 sed
1271 1991 1440 2032 praesertim
1462 2001 1597 2024 omnem
1615 1990 1897 2024 Christianitatem
1920 1991 2074 2033 regere&

1193 2039 1372 2082 gubernare
1385 2064 1392 2071 .
1419 2040 1462 2074 Et
1485 2050 1526 2073 ex
1551 2039 1616 2074 hoc
1628 2038 1790 2082 principio
1804 2038 1999 2073 Arelatenfis
2012 2040 2074 2072 Hi-

1192 2087 1290 2121 larius
1313 2089 1352 2122 ad
1376 2088 1601 2131 depravandos
1633 2089 1807 2122 Gallorum
1831 2088 2072 2131 Episcoporum

1191 2138 1317 2171 animos
1338 2139 1464 2180 sparsit,
1491 2139 1579 2181 quod
1603 2138 1737 2171 Sanetus
1759 2137 1846 2181 Papa
1858 2139 1928 2171 Leo
1939 2137 2073 2173 istarum

1190 2188 1439 2222 Provinciarum
1461 2189 1687 2222 ordinationes
1699 2197 1838 2221 tentaret
1853 2187 1907 2221 sibi
1921 2187 2071 2221 defende-

1192 2249 1245 2278 re,
1275 2237 1338 2271 hoc
1361 2239 1426 2280 est,
1452 2238 1492 2272 ad
1523 2240 1615 2272 suum
1638 2235 1855 2271 Patriarchale
1880 2237 1929 2279 jus
1941 2247 2067 2271 revoca-

1188 2298 1220 2320 re
1235 2313 1242 2319 .
1270 2288 1313 2321 Et
1338 2289 1394 2322 ille
1413 2299 1454 2322 ex
1482 2287 1679 2331 Apostolico
1701 2300 1739 2323 ac
1754 2289 1844 2322 sexto
1856 2286 1992 2321 Nicaeno
2005 2287 2067 2322 Ca-

1187 2348 1274 2371 none
1299 2338 1382 2372 istud
1405 2337 1545 2372 omnino
1567 2347 1714 2382 poterat,
1737 2339 1858 2381 semper
1869 2337 1998 2381 potuit,
2026 2349 2064 2371 ac

1185 2389 1364 2422 etiamnum
1392 2388 1496 2432 potest
1520 2414 1527 2421 .
1564 2389 1688 2423 Verum
1714 2389 1861 2432 Magnus
1887 2387 1957 2420 Leo
1982 2388 2063 2421 anti-

1185 2449 1281 2478 quam
1305 2463 1315 2477 ‚
1342 2439 1375 2472 <Sc
1398 2438 1493 2472 bonis
1513 2435 1694 2474 rationibus
1721 2439 1834 2473 nixam
1856 2436 2061 2472 consuetudi-

1184 2499 1258 2522 nem
1285 2490 1391 2522 noluit
1414 2489 1543 2523 laedere.
1655 2483 1663 2495 ¹

1232 2537 1335 2587 Qdd
1356 2539 1626 2575 consuetudinem
1639 2565 1649 2580 ,
1677 2552 1739 2583 qua
1752 2539 1973 2584 Metropolitae
1986 2539 2058 2574 suos

1182 2588 1408 2633 suffraganeos
1432 2590 1542 2633 paffim
1566 2592 1754 2625 consecrant
1769 2615 1780 2630 ,
1807 2591 1840 2624 in
1863 2592 1921 2624 suo
1940 2589 1986 2624 ob
2012 2591 2057 2624 lo-

1179 2651 1292 2673 corum
1305 2638 1491 2673 distantiam
1506 2642 1646 2686 gratioso
1659 2640 1791 2675 Indulto
1805 2638 1947 2674 Romani
1970 2639 2056 2674 Pon-

1180 2689 1282 2724 tifices
1295 2690 1401 2733 paffim
1413 2689 1574 2732 fundent,
1599 2691 1702 2735 potest
1723 2690 1935 2725 demonstrari
1948 2690 2055 2724 multo

1179 2740 1371 2774 testimonio
1393 2765 1400 2771 .
1429 2741 1628 2785 Exemptum
1652 2742 1758 2776 Sancti
1780 2740 1934 2784 Dionysii
1956 2751 2054 2783 prope

1179 2789 1314 2824 Parisios
1335 2789 1599 2833 Monaslerium‚
1625 2793 1781 2834 quoniam
1802 2790 1844 2825 ab
1862 2790 2050 2835 Episcopis‚

1177 2841 1210 2873 in
1233 2851 1370 2884 quorum
1383 2840 1550 2875 Parochiis
1562 2841 1739 2886 poffidebat
1755 2841 1879 2876 Altaria
1894 2865 1905 2881 ‚
1932 2840 2051 2874 multas

1177 2892 1209 2924 ὅ(
1230 2901 1344 2935 graves
1369 2890 1547 2934 patiebatur
1561 2892 1748 2928 vexationes
1766 2916 1779 2933 ‚
1803 2890 1845 2925 ab
1856 2890 2050 2933 Apostolica

1177 2940 1257 2975 Sede
1279 2941 1405 2984 accepit
1427 2943 1595 2985 proprium
1625 2942 1826 2986 Episcopum
1848 2965 1855 2973 .
1897 2940 1940 2973 Et
1968 2939 2046 2978 hic,

1176 2992 1232 3034 qui
1256 3002 1314 3025 nec
1336 2992 1504 3026 civitatem
1529 3004 1589 3027 nec
1612 2992 1863 3036 Metropolitam
1887 2987 2046 3028 habebat,

1175 3041 1284 3076 lucide
1306 3041 1465 3083 spectabat
1487 3042 1528 3076 ad
1550 3044 1737 3077 Romanam
1748 3040 2045 3076 consecrationem.

1177 3091 1219 3126 Et
1243 3101 1309 3126 erat
1327 3091 1423 3134 plene
1447 3103 1638 3137 exemptus,
1664 3104 1732 3127 non
1753 3089 1862 3123 minus
1881 3089 1978 3132 quam
2001 3089 2046 3130 ip·

1177 3143 1245 3176 sum
1265 3141 1506 3176 Monasterium
1519 3167 1526 3174 .
1555 3143 1597 3176 Et
1614 3153 1723 3176 tamen
1747 3141 1787 3174 de
1805 3140 1872 3183 ipso
1885 3139 1925 3173 ad
1941 3138 2047 3182 Magio

1178 3192 1303 3227 narium
1322 3192 1430 3227 Sancti
1458 3192 1609 3235 Dionysii
1625 3191 1787 3225 Abbatem
1799 3190 1917 3233 scripfit
1930 3188 2044 3222 Adria-

1179 3254 1237 3277 nus
1259 3242 1397 3285 primus:
1429 3245 1488 3275 Pro
1510 3243 1693 3285 longitudine
1713 3246 1829 3273 itineris
1853 3264 1863 3280 ,
1889 3243 1909 3273 ἃ
1934 3243 2044 3272 vicinis

1178 3290 1354 3335 Episcopls,
1375 3291 1448 3332 ficut
1467 3304 1529 3325 mos
1550 3291 1680 3331 exstitit,
1702 3288 1877 3332 consecretur
1893 3318 1900 3326 ,
1930 3288 2043 3323 Exstat

1176 3342 1308 3386 epistola
1329 3343 1413 3384 apud
1437 3342 1592 3385 Jacobum
1613 3338 1821 3374 sirmondum
1836 3340 1869 3373 in
1883 3337 2044 3378 Conciliis

1179 3392 1308 3429 Galliae.
1336 3393 1380 3427 Et
1403 3392 1551 3438 Bulgaris
1573 3392 1613 3426 de
1631 3393 1740 3426 futuro
1754 3390 1811 3425 suo
1822 3389 2044 3432 Archjepisco-

1953 3450 1997 3483 ΡΟ
