2352 3756
33 998 36 1000 Δ
69 947 144 983 cap.
162 956 210 983 37·

76 1773 210 1833 mg

160 1814 182 1839 ψ

415 166 481 196 DE
520 151 785 195 ROMANA
824 146 1269 189 Emscopoitun
1304 156 1828 195 CONsecitArroNss.

228 238 479 274 &consecratus
502 234 752 280 Theophanes,
777 229 969 266 Monachus
993 230 1116 265 Coeno-

229 290 272 324 bii
287 290 327 324 ad
342 289 436 325 Baias
456 313 463 320 .
494 288 535 321 Et
548 285 601 319 hic
612 286 656 319 est
670 285 792 328 primus
804 281 874 326 post
889 282 1116 316 saracenicam

228 339 452 384 captivitatem
480 337 646 382 legitimus
672 332 860 368 patriarcha
895 330 1111 365 Antiochiae.

231 389 420 434 Apostolici
445 388 560 432 Legati
576 411 586 427 ,
615 387 690 420 licet
707 383 892 417 Macarium
917 381 1043 415 titulari
1054 381 1117 415 Pa-

230 439 405 475 triarcham
431 463 443 479 ,
469 438 503 472 &
524 439 574 471 uti
599 438 699 471 talem
722 432 781 467 fibi
806 431 947 467 adsidere
966 430 1117 475 permise-

230 491 297 525 rint
317 491 410 524 causa
439 488 547 532 pach,
575 487 643 528 ejus
663 495 775 519 tamen
794 483 985 517 elestionem
1000 480 1117 517 habue-

230 550 308 574 runt
331 550 389 583 pro
407 540 501 572 fuco:
534 538 576 570 Et
590 535 668 570 hinc
681 533 930 578 Theophanem
942 532 1117 566 voluerunt

230 591 311 635 eligi
334 589 514 624 secundnm
536 588 709 621 canones.
738 586 782 619 Et
797 583 946 618 universa
961 582 1117 626 Synodus

230 640 389 684 permisit.
422 639 465 672 Et
486 637 578 679 quod
601 637 669 671 illic
683 635 800 669 similes
812 633 1039 669 ordinationes
1051 633 1117 665 fue-

229 691 295 725 rint
315 690 477 724 damnatae
497 697 595 731 atque
615 686 800 730 proscriptae
823 710 833 726 ‚
861 695 931 718 non
954 682 999 717 est
1025 681 1117 715 dubi-

229 739 367 775 tandum
383 766 393 774 .
420 738 548 773 Verum
570 738 641 781 post
666 737 827 771 Romanae
850 732 1044 778 Legationis
1053 731 1120 764 abi·

228 802 299 826 tum
321 790 426 825 Graeci
436 790 624 823 manserunt
647 787 771 832 Gracci:
801 784 879 818 Istas
891 780 1118 816 ordinationes

228 840 439 884 pertinaciter
466 839 707 872 continuarunt
729 860 736 866 .
775 834 820 867 Et
846 833 928 876 ipsas
949 833 1118 866 confirma-

226 899 326 931 runt,
353 900 392 923 ac
410 886 589 932 privilegiis
614 885 820 919 honorarunt
840 883 875 916 in
887 882 1052 916 Trullana
1062 883 1119 924 Sy·

228 940 321 975 nodo
335 964 343 972 .
369 938 461 987 Qia
481 946 597 980 nempe
620 935 763 979 ipsorum
775 932 910 977 quidam
922 932 1072 967 meliores
1085 932 1119 966 ὅτ.

228 989 457 1035 prudentiores
479 986 655 1022 censebant
683 996 752 1018 non
766 982 984 1017 recedendum
995 983 1013 1017 a
1025 984 1120 1016 sextae

226 1040 358 1084 Synodi
374 1039 409 1072 δε
422 1038 584 1072 Romana:
597 1034 749 1070 Ecclesiae
760 1032 886 1076 judicio
897 1057 905 1065 .
933 1032 1119 1067 Adversum

228 1090 291 1124 hos
311 1090 478 1123 senserunt
501 1087 628 1131 plures,
655 1095 754 1128 atque
776 1085 821 1118 ita
844 1083 905 1117 iste
917 1084 1037 1118 Canon
1050 1095 1121 1127 pro-

226 1139 309 1174 diit.
341 1139 384 1172 Et
408 1138 487 1172 hine
507 1135 623 1180 quarto
647 1135 800 1169 discimus
820 1133 917 1167 istum
945 1133 1120 1168 Canonem

227 1191 293 1224 esse
314 1200 355 1222 ex
377 1189 463 1227 illis,
487 1198 573 1232 quos
600 1186 756 1220 Romana
779 1183 921 1218 Ecclefia
943 1182 1053 1217 noluit
1066 1183 1120 1217 ad-

229 1242 360 1274 mittere
373 1264 381 1270 .
404 1238 460 1271 An
470 1238 572 1272 etiam
583 1235 698 1271 Petrus
710 1233 919 1269 Alexandriae
930 1232 1119 1268 Patriareha

228 1290 329 1325 fuerit
337 1289 455 1323 electus
467 1285 765 1330 Constantinopoli
781 1310 793 1325 ,
816 1282 1030 1328 Euthychius
1049 1295 1118 1318 non

228 1339 407 1383 exprimit.
436 1338 601 1372 Existimo
621 1337 693 1371 illic
711 1336 852 1370 elestutn
875 1358 884 1368 .
924 1334 1005 1378 Ejus
1027 1335 1119 1368 enim

226 1390 424 1424 eleffionem
451 1400 529 1423 eum
547 1386 744 1422 Macedonii
765 1385 927 1421 elestione
949 1394 1118 1427 comparat

228 1441 368 1474 Sanstus
377 1439 562 1473 Martinus:
591 1438 636 1471 Et
650 1436 761 1471 ambas
775 1435 894 1471 eodem
905 1443 1019 1468 tenore
1029 1433 1118 1468 dam-

228 1499 285 1525 nat
313 1515 321 1523 .
357 1489 522 1524 Existimo
549 1489 653 1532 ipsum
680 1486 795 1521 abiisse
822 1483 1117 1528 Constantinopoli

228 1538 490 1578 Alexandriam,
518 1539 551 1572 &
572 1539 642 1571 illic
664 1537 776 1571 sedisse
791 1562 799 1569 .

279 1590 393 1635 Pergit
405 1587 636 1633 Euthychius:
665 1589 757 1621 Porro
782 1594 916 1620 mortuus
938 1583 977 1625 est
996 1583 1118 1627 sophro-

226 1642 294 1672 nius
310 1639 493 1672 Patriarcba
517 1636 791 1680 Hierosolymitanus
811 1635 966 1678 postquam
989 1635 1039 1668 illo
1057 1645 1119 1668 mu-

228 1700 296 1722 nere
303 1698 429 1732 quatuor
439 1692 531 1720 annis
539 1686 670 1728 func‘lus
682 1686 748 1728 esset
760 1709 767 1717 .
796 1685 864 1724 Post
877 1692 1000 1717 mortem
1010 1693 1112 1717 autem

228 1738 314 1780 tpfius
327 1737 497 1780 manserunt
507 1734 708 1778 Hierofhlymae
719 1732 830 1777 absque
851 1731 1037 1766 Patriarcha
1061 1744 1117 1765 an-

226 1795 279 1822 nis
305 1792 415 1831 viginti
442 1797 549 1820 novem
575 1810 582 1817 .
622 1785 667 1817 Et
700 1784 802 1816 infra:
831 1786 915 1814 Anno
934 1781 1117 1823 calyphatus

228 1843 367 1872 Moaviae
382 1837 508 1881 septimo
531 1833 699 1875 constitutus
722 1832 761 1874 est
776 1835 921 1877 Joannes
938 1831 1118 1864 Patriarcha

229 1886 511 1930 Hierosolymitanus
536 1909 547 1925 ‚
574 1889 626 1926 qui
650 1887 742 1916 σηκὶς
779 1882 984 1923 quadraginta
1015 1879 1115 1922 sedit.

229 1936 386 1980 Manserat
407 1944 504 1968 autem
528 1935 618 1967 Sedes
643 1928 913 1972 Hierosolymitana
919 1928 982 1970 post
995 1937 1117 1963 mortem

230 1987 384 2030 Sophrona·
407 2010 418 2026 ,
454 1981 545 2027 usque
562 1984 635 2016 dum
655 1981 831 2023 sufficeretur
849 1983 994 2023 Joannes
1013 2004 1025 2019 ‚
1056 1979 1118 2021 fine

231 2034 415 2072 Patriarcha
434 2041 491 2076 per
512 2042 605 2065 annos
628 2035 741 2073 viginti
757 2039 881 2062 novem.
913 2028 1006 2062 Hinc
1035 2029 1117 2063 sexti

229 2086 382 2122 Concilii
392 2093 540 2127 tempore
552 2080 712 2116 Visitator
726 2077 1037 2121 Hierosolymitanae
1057 2078 1118 2113 Ec-

229 2137 333 2171 clesiae
353 2135 416 2170 fuit
442 2129 644 2168 Theodorus
668 2129 841 2173 Presbyter
858 2153 869 2169 ‚
909 2128 944 2162 ὃς
964 2127 1030 2171 ipse
1057 2130 1116 2164 suo

230 2188 307 2221 loco
335 2186 376 2221 ad
414 2183 590 2229 Synodum
623 2181 747 2227 legavit
772 2178 958 2223 Georgium
995 2177 1115 2213 Mona-

229 2237 330 2271 chum
351 2259 363 2276 ,
388 2246 426 2270 ac
452 2234 682 2276 Presbyterum
704 2232 739 2264 in
764 2229 908 2265 Ecclesia
930 2228 1115 2264 Dominicae

228 2285 490 2321 Resurreoionis
505 2310 512 2317 .
538 2285 624 2330 Qae
636 2279 870 2325 Chronologia
881 2290 923 2314 an
942 2279 1089 2314 subsistat
1103 2304 1114 2321 ,

227 2338 274 2371 est
288 2337 354 2370 alio
366 2337 444 2370 loco
457 2333 703 2368 discutiendum
721 2357 728 2364 .
752 2330 889 2365 Interim
902 2341 960 2364 cur
971 2329 1042 2373 post
1055 2331 1114 2365 So·

227 2386 362 2430 phronii
384 2395 525 2419 mortem
548 2381 776 2418 Patriarchalis
801 2380 942 2415 Ecclefia
955 2389 1007 2414 tot
1019 2380 1113 2414 annis

226 2436 410 2475 vacaverit,
438 2435 558 2479 ignoro
570 2458 577 2466 .
607 2433 659 2466 Ex
680 2432 741 2466 hac
764 2442 863 2475 porro
878 2430 1051 2464 vacatione
1064 2431 1111 2464 vi-

227 2486 284 2520 des
303 2487 431 2521 causam
444 2509 454 2525 ,
481 2484 527 2519 ob
548 2494 646 2527 quarn
659 2482 790 2528 Sergius
802 2480 969 2524 joppensis
982 2480 1115 2524 Episco-

228 2547 288 2580 pus
310 2536 344 2569 in
368 2535 437 2569 solo
449 2534 689 2577 Hierosolymae
701 2558 712 2573 ,
736 2543 806 2566 non
820 2541 930 2565 autern
941 2530 976 2563 in
989 2530 1113 2566 Antio-

227 2586 309 2620 chiae
324 2582 548 2620 Patriarchatu
570 2582 767 2617 ordinaverit
788 2581 987 2624 Episcopos.
1017 2582 1108 2630 Qa

227 2635 349 2679 nempe
368 2631 548 2669 Antiochia
574 2632 715 2667 habebat
735 2630 1036 2673 Constantinopoli
1049 2631 1109 2667 Pa-

226 2685 401 2720 triarcham
425 2683 687 2719 Macedonium:
714 2681 824 2715 Ethic
838 2682 910 2715 suas
922 2682 1109 2716 consecran-

226 2735 261 2769 di
284 2736 367 2770 vices
394 2735 490 2769 alicui
516 2734 586 2768 istic
606 2734 773 2777 Episcopo
798 2731 984 2774 delegarat.
1013 2733 1108 2768 Hinc

227 2788 405 2829 Imperator
424 2785 598 2818 Heraclius
620 2783 733 2827 Sergio
743 2781 863 2816 detulit
877 2779 1106 2818 visitationem

225 2837 327 2870 solius
340 2835 654 2877 Hierosolymitanae
666 2832 813 2867 Ecclesiae
824 2856 832 2863 .
858 2830 964 2866 Porro
977 2832 1107 2876 Sergius

225 2887 394 2919 dumtaxat
417 2885 619 2919 consecravit
642 2883 712 2927 post
739 2889 882 2917 mortem
903 2879 1105 2925 Sophronii.

225 2936 273 2969 At
295 2935 372 2969 vero
395 2937 529 2969 Sanc'tus
552 2935 720 2969 Martinus
743 2930 852 2967 lucide
873 2931 1011 2965 affirmat
1027 2933 1106 2968 tales

223 2986 483 3021 consecrationes
504 2996 572 3019 non
593 2985 701 3018 solnm
723 2982 796 3027 post
817 2980 996 3025 Sophronii
1022 2993 1107 3018 mot-

222 3046 291 3070 tem
313 3059 322 3072 ,
349 3035 403 3068 sed
426 3035 527 3069 etiam
550 3036 585 3069 in
612 3036 710 3078 ipsius
734 3034 800 3068 vita
819 3056 831 3072 ‚
867 3043 904 3065 ac
924 3030 1004 3066 item
1030 3041 1106 3070 ante

222 3086 289 3129 ejus
300 3084 558 3118 patriarchatum
571 3084 664 3119 fuisse
675 3084 839 3129 graffatas.
873 3082 1009 3116 Etenim
1022 3082 1106 3119 inter

221 3134 369 3169 Modesti
393 3132 587 3168 Patriarchae
606 3144 748 3168 mortem
769 3133 804 3166 ὃς
826 3132 1021 3167 Succefforis
1048 3134 1104 3170 So-

222 3185 355 3230 phronii
379 3184 649 3227 promotionem,
685 3184 707 3216 fi
729 3182 865 3224 quidem
875 3181 964 3216 disto
979 3182 1103 3229 Euthy-

220 3236 301 3271 chio
322 3235 482 3269 credimus
496 3259 506 3275 ,
534 3233 776 3268 intercesserunt
788 3234 840 3266 sex
856 3232 1037 3267 vacationis
1049 3246 1103 3269 an-

220 3288 274 3320 ni:
291 3285 333 3319 Et
346 3292 427 3318 tunc
437 3284 501 3319 fuit
512 3284 646 3327 grassata
657 3284 758 3317 etiam
771 3282 827 3316 ista
838 3282 975 3316 audacia
987 3308 994 3315 .
1022 3283 1101 3328 Ejus

219 3349 290 3370 non
305 3335 366 3369 fuit
386 3335 448 3368 alia
473 3334 588 3378 origo,
615 3332 713 3375 quam
736 3332 1099 3375 Constantinopolitani

220 3384 413 3419 Patriatchae
436 3409 446 3424 ‚
482 3385 540 3427 qui
566 3383 681 3427 partim
705 3383 779 3421 sua,
806 3383 923 3425 partim
950 3384 1098 3428 Augusta

221 3435 426 3470 Auctoritate
448 3435 525 3467 talia
549 3435 581 3466 in
606 3433 679 3466 istas
703 3432 862 3468 Ecclefias
881 3443 1097 3470 attentarunt.

318 3484 423 3525 christ.
441 3488 633 3527 LupiUpera
646 3487 731 3517 TVI.

548 3533 567 3557 x

1898 166 1986 211 373

1182 227 1345 262 Existimo
1363 226 1424 262 hac
1445 229 1487 264 de
1508 240 1543 262 re
1567 242 1626 266 nec
1644 233 1863 271 dubitandum
1879 260 1886 268 .
1921 237 1965 269 Et
1995 238 2053 271 ista

1179 279 1315 313 audacia
1338 279 1490 323 Sergius,
1518 278 1659 321 Paulus,
1686 296 1722 318 ac
1742 286 1796 319 am
1819 286 2054 320 Mmoffieljtae

1180 328 1375 364 Patriarchae
1396 330 1527 363 fuerunt
1548 329 1635 363 abusi
1661 333 1701 364 ad
1722 336 1781 368 suae
1802 336 2056 371 haeaefisflabffi-

1180 390 1327 414 mentum
1339 406 1346 412 .
1375 379 1471 413 Hinc
1484 379 1524 413 ad
1537 379 1638 423 ipsam
1650 381 1882 419 eliminandam
1896 386 2055 422 Theodo-

1180 440 1232 463 rus
1257 429 1419 464 Pontifex
1441 429 1608 474 Stephano
1632 430 1770 464 Dorenii
1793 433 1951 478 Episcopo
1962 437 2054 471 dedit

1182 480 1416 515 Visitationem
1441 478 1755 522 Hierosolymitanae
1780 481 1946 523 Ecclefiae‚
1979 487 2055 521 San.

1171 532 1247 565 ctus
1268 530 1436 566 Martinus
1455 530 2056 570 addiditVisitationemAntiochenae

1181 580 1294 622 Sedis,
1320 582 1353 615 δε
1373 581 1501 625 insuper
1521 593 1577 625 per
1600 590 1777 625 utrumque
1800 581 2057 620 Paniai-charum

1181 630 1393 674 Apostolicas
1408 631 1587 666 ordinandi
1610 631 1714 666 vices.
1742 633 1785 667 Et
1800 631 1858 667 ha's
1872 634 2004 668 tandem
2016 647 2058 668 ex

1178 683 1279 716 causis
1310 681 1475 717 transtulit
1507 682 1541 716 in
1574 681 1733 724 Ioannem
1764 681 2060 729 Archiepisccpum

1179 730 1525 776 Philadelphiensem.
1554 732 1598 766 Et
1621 730 1686 765 haec
1711 733 1826 766 omnia
1846 733 1984 768 affirmat
1997 736 2061 769 esse

1171 780 1360 816 'secundum
1390 782 1568 823 Canones,
1594 782 1628 816 ὅ(
1651 784 1789 825 spestate
1811 783 1851 816 ad
1875 785 1981 818 Sandii
2004 784 2067 820 Pe·-

1181 832 1223 865 tri
1246 832 1457 876 privilegium
1473 858 1480 865 .
1508 834 1552 867 Et
1564 832 1735 875 scripsitad
1750 833 1910 875 Joannem
1924 848 1935 867 :
1960 825 2067 878 EJ'usj*

1179 888 1232 924 qui
1242 881 1331 924 falso
1344 882 1402 925 fib!
1423 895 1526 917 nomen
1550 882 1747 926 Episcopatus
1759 883 1900 924 affinxit,
1929 886 2071 918 Macedo:

1180 937 1224 964 nn
1245 934 1331 973 dico,
1356 938 1544 976 importunas
1566 935 1739 968 litterarum
1749 939 1873 974 minas,
1893 931 1959 976 five
1965 941 2066 976 prote-

1177 981 1337 1023 stationem
1349 982 1479 1025 fortiter
1498 982 1651 1026 despuito,
1680 993 1714 1018 ut
1736 984 1837 1018 rabzdz·
1858 984 1893 1017 Θ·
1914 989 2068 1019 temerari!

1181 1037 1265 1066 canis
1289 1033 1451 1067 latratum.
1480 1034 1610 1078 Nempe
1632 1044 1669 1068 ut
1691 1046 1782 1069 nunc
1804 1045 1881 1070 cum
1895 1034 1962 1069 suis
1972 1034 2069 1077 Sym-

1182 1081 1508 1126 mystis'Venericus
1529 1083 1742 1119 Vercellenfis
1770 1085 1949 1129 Episcopus
1960 1085 2072 1119 adver-

1183 1134 1255 1167 sum
1279 1133 1408 1177 septimi
1434 1134 1610 1181 Gregorii,
1635 1135 1680 1169 ita
1694 1146 1774 1170 tunc
1787 1134 2071 1170 Pseudo-Patriar-

1183 1182 1245 1218 cha
1265 1184 1486 1219 Macedonius
1509 1184 1680 1219 adversum
1701 1186 1807 1220 Sancti
1831 1185 1971 1220 Martini
1983 1185 2070 1220 dele-

1183 1232 1352 1278 gationem
1376 1235 1612 1278 protestabatur
1634 1259 1646 1275 ,
1672 1245 1770 1278 atque
1793 1234 1994 1270 insaniebat.
2023 1236 2071 1270 Et

1183 1283 1315 1327 quidem
1338 1285 1469 1319 Sanctus
1492 1282 1661 1320 Martinus
1682 1286 1744 1320 ista
1764 1286 1879 1320 omnia
1900 1285 2071 1326 sanxit-K&

1186 1333 1306 1378 scripsit
1331 1334 1527 1378 ex'Judicio
1555 1335 1606 1369 sui
1641 1335 1865 1371 Lateranensis
1901 1335 2073 1374 Concilii.

1185 1384 1295 1418 Etiam
1310 1383 1351 1419 de
1362 1385 1586 1421 Constantino
1597 1384 1685 1430 Papa
1698 1411 1709 1427 ‚
1736 1385 2073 1429 ConstantInopoli'm

1183 1435 1328 1477 profesto
1341 1434 1383 1469 ad
1392 1435 1625 1479 Imperatorem
1635 1436 1855 1479 justinianum
1868 1434 2049 1470 secundum
2058 1457 2070 1476 ,

1182 1484 1292 1518 scribit
1313 1484 1346 1519 in
1371 1484 1455 1519 libro
1479 1485 1672 1520 pontificali
1686 1486 1873 1521 Anastasius
1887 1483 2072 1520 Bibliothe⁴

1182 1533 1311 1568 charius
1323 1549 1333 1568 :
1359 1535 1500 1577 Hicfecit
1514 1538 1718 1570 ordinationes
1732 1533 1945 1579 Episcoporum
1958 1540 1990 1569 in
2000 1546 2071 1569 eun-

1180 1586 1218 1618 do
1239 1587 1274 1619 (5
1295 1586 1467 1627 redeundo,
1488 1594 1546 1628 per
1568 1585 1689 1629 diversa
1712 1588 1772 1621 loca
1784 1584 1948 1629 Episcopus
1962 1586 2071 1627 dundee

1179 1641 1256 1668 cim.
1284 1635 1329 1669 Et
1353 1647 1455 1674 nemo
1480 1635 1703 1673 contradixit.

1351 1883 1889 1957 CAPuriw

1176 2035 1290 2097 Papa
1312 2029 1512 2091 ostenditur
1537 2030 1706 2078 eamdem
1723 2033 1950 2099 potestatem
1986 2031 2057 2082 ha..

1245 2095 1352 2162 buiffie
1379 2101 1416 2146 in
1440 2103 1539 2145 omni
1562 2100 1766 2149 Occidentis
1810 2109 1992 2149 Patriar-

1314 2168 1431 2215 chata
1444 2205 1458 2231 ,
1494 2173 1715 2216 nominatim
1741 2175 1778 2217 in
1789 2169 1918 2229 lllyri-

1454 2241 1565 2287 ciatm
1591 2240 1747 2306 Diaeccfi
1758 2277 1771 2289 .

1253 2381 1363 2416 Odem
1374 2382 1587 2418 consecrandi
1608 2381 1678 2427 jure
1700 2381 1873 2419 Romanus
1895 2384 2056 2422 Pontifex

1279 2433 1401 2476 semper
1421 2432 1485 2467 fuit
1507 2434 1582 2467 usus
1603 2445 1660 2477 per
1679 2444 1796 2468 omnes
1821 2436 1987 2472 Dioeceses
2013 2449 2052 2473 ac

1171 2481 1363 2518 Provincias
1378 2482 1426 2517 sui
1447 2483 1673 2518 Occidentalis
1695 2483 1936 2522 Patriarchatus
1952 2513 1960 2521 .
1987 2489 2051 2522 lm-

1170 2531 1227 2567 ιηό
1253 2532 1356 2577 longe
1382 2533 1517 2577 majori.
1549 2531 1683 2577 Utpote
1706 2533 1841 2569 inducto
1864 2538 1972 2581 palam
1994 2548 2050 2581 per

1169 2583 1422 2626 Apostolicum,
1447 2584 1483 2619 ὅ(
1502 2582 1648 2619 stabilito
1668 2594 1722 2628 pet
1735 2586 1863 2620 sextum
1874 2588 2051 2623 Nicaenum

1170 2633 1360 2667 Canonem.
1388 2632 1578 2675 Illyriciana
1590 2634 1744 2668 Dioecefis
1756 2635 1843 2669 inter
1853 2637 2049 2674 Romanum

1168 2685 1200 2718 δε
1213 2682 1623 2728 constantinopolitanum
1634 2683 1893 2722 patriarchatum
1904 2689 2052 2733 frequen-

1172 2745 1218 2768 ter
1227 2733 1397 2778 cespitavit
1413 2759 1425 2775 ,
1450 2733 1590 2778 ideoque
1600 2735 1696 2769 illum
1706 2736 1750 2770 est
1772 2737 1972 2782 quandoque
1991 2739 2051 2774 mi-

1174 2784 1232 2818 nus
1262 2793 1433 2825 venerata,
1459 2785 1494 2819 &
1515 2794 1625 2819 tamen
1648 2785 1689 2820 ad
1717 2785 1871 2822 Sanc‘ium
1883 2788 2048 2832 Anysium

1173 2832 1468 2878 Archiepiscopum
1490 2832 1818 2871 Thessalonicensem
1834 2860 1847 2878 ,
1872 2838 2050 2875 suumistic

1172 2884 1343 2919 Vicarium
1356 2907 1367 2925 ‚
1392 2884 1429 2919 in
1453 2884 1626 2927 publicatis
1648 2897 1704 2930 per
1722 2886 1910 2922 Dominum
1920 2888 2046 2923 Lucam

1172 2934 1386 2969 Holstenium
1413 2934 1531 2969 litteris
1563 2937 1683 2978 scripsit
1709 2936 1844 2971 Siricius
1870 2938 2046 2973 Pontifex:
2076 2969 2085 2975 ,
2109 2966 2115 2973 .

1172 2988 1279 3018 Etiam
1286 2986 1402 3018 dudum
1411 3004 1423 3025 -,
1444 2989 1559 3020 Frater
1568 2985 1743 3028 cbarlffime,
1749 2997 1807 3030 pe,-
1818 2988 2045 3023 Candidianum
2066 2965 2150 3006 bpist.
2170 2976 2199 3005 3.

1170 3033 1372 3078 Episcopum,
1398 3040 1448 3078 qui
1466 3047 1519 3069 nos
1536 3037 1676 3079 praeceffit
1698 3039 1743 3070 ad
1762 3041 1918 3070 Dominum
1940 3062 1951 3078 ,
1988 3038 2044 3073 bu·

1163 3083 1292 3127 jusmodi
1316 3087 1437 3119 litteras
1458 3087 1639 3121 dederamus
1651 3111 1663 3126 ‚
1687 3097 1722 3120 ut
1740 3087 1824 3120 nulla
1844 3088 1964 3122 licentia
1975 3089 2044 3133 effe!

1168 3134 1223 3174 fine
1246 3134 1382 3178 consensu
1404 3144 1454 3169 tuo
1473 3141 1506 3168 in
1526 3137 1635 3176 Illyrico
1645 3136 1805 3179 Episcopo:
1814 3138 1952 3172 ordinare
1959 3147 2043 3181 prae·

1161 3184 1294 3229 sumere.
1322 3188 1403 3228 ,Quat
1426 3188 1527 3219 utram
1548 3189 1593 3221 ad
1611 3197 1639 3220 te
1662 3194 1882 3228 pervenerint,
1899 3186 1974 3231 scire
1984 3200 2043 3224 non

1165 3241 1266 3278 potui.
1293 3236 1393 3270 Multa
1413 3242 1492 3269 enim
1508 3237 1591 3280 gesta
1607 3236 1681 3280 sunt
1701 3238 1819 3278 tlltcper
1828 3243 2041 3274 contentionem

1171 3286 1209 3319 ab
1232 3284 1388 3328 Episcopis
1399 3291 1431 3318 tn
1441 3286 1676 3320 ordinationibus
1680 3285 1855 3327 faciendis:
1883 3290 1976 3332 ‚Quod
1985 3300 2043 3325 tua

1166 3338 1269 3370 melitis
1281 3335 1426 3368 Charitas
1441 3342 1534 3369 novit.
1562 3339 1608 3368 Et
1620 3337 1685 3370 ideo
1689 3334 1813 3379 sollicite
1826 3347 1910 3381 agere
1919 3347 1949 3373 te
1959 3348 2042 3381 opor.

1165 3396 1207 3420 tet
1219 3411 1229 3427 ,
1255 3397 1292 3419 ne
1303 3410 1314 3425 ‚
1339 3386 1498 3427 utfac‘i'um
1515 3385 1553 3426 est
1565 3411 1575 3428 ,
1603 3393 1738 3419 certatim
1758 3391 1794 3420 m
1811 3398 1873 3420 una
1891 3388 2015 3428 Ecclesia
2025 3411 2039 3430 ,

1165 3439 1237 3471 dum
1248 3438 1387 3471 ordinare
1396 3435 1586 3479 praesumunt
1597 3437 1735 3479 indignos
1747 3460 1759 3478 ‚
1783 3438 1876 3472 veluti
1886 3447 1947 3471 tres
1959 3440 2043 3481 Epi·

1537 3487 1553 3520 1
1580 3487 1593 3520 i
1886 3485 1989 3530 scopos
