2372 3756
391 138 489 184 242

662 122 703 167 S.
742 119 1071 166 Ganoonrx
1110 133 1350 164 serunt
1387 118 1761 171 Ponrrrrcts

317 205 372 240 ἂο
393 201 580 240 Theodoro
601 202 774 252 §icaeorum
791 201 1077 236 ArchiaeMandrita
1090 199 1200 235 scribit
1262 199 1340 235 dato
1350 201 1539 238 Turonenfi
1549 206 1735 250 Gregorio,
1761 207 1989 256 Episcopalem
2007 213 2144 250 benedi·

318 255 389 298 ejus
399 254 485 287 vita:
513 254 619 286 Multa
639 252 736 287 turbae
757 253 956 294 accurebant,
980 250 1199 285 utbenediclio-

319 315 386 337 nem
405 302 601 347 susciperent.
629 301 752 338 Eadem
774 303 815 337 dc
837 305 932 337 causa
955 302 1059 346 ipsum
1073 299 1199 335 accessit

318 364 396 387 cum
418 354 482 388 suis
492 352 683 388 custodibus
694 353 824 388 illustris
834 353 884 386 vir
894 351 1062 395 Georgius
1075 351 1198 393 Cappa·

318 402 410 445 dox,
437 404 517 439 dum
540 404 664 438 vinstus
686 401 864 437 ducebatur
884 401 925 435 ad
949 401 1199 445 Imperatorem.

317 452 364 488 Et
382 454 571 489 Graecorum
593 453 747 488 Proceres
766 451 851 496 apud
879 451 1055 484 Ferrariam
1077 473 1088 489 ,
1113 460 1201 485 ante-

316 514 416 547 quam
454 503 642 549 Eugenium
669 512 819 546 quartum
846 500 1045 534 Pontificem
1072 498 1203 534 accede-

318 565 413 595 rent,
438 555 457 589 a
479 557 537 588 suo
549 552 735 587 Patriarcha
749 549 890 595 josepho
914 549 1125 594 postulabant
1147 549 1197 583 be-

319 604 559 639 nediEiionem.
586 601 667 648 Quo
690 600 806 645 nempe
817 601 943 634 Divina
954 600 1143 634 Clementia
1165 598 1201 633 il-

318 653 361 687 lis
380 655 470 688 daret
492 652 573 687 bene
594 652 752 695 loquendi
772 651 926 696 gratiam.
955 651 1005 684 lta
1033 649 1143 685 scribit
1165 650 1200 683 in

319 704 506 738 Florentini
529 702 679 737 Concilii
701 702 835 736 historia
856 700 1019 743 Sylvester
1037 700 1202 745 Sguropu-

320 753 370 786 lus
382 776 389 784 .
416 753 460 786 Et
470 754 512 788 de
521 755 687 799 equitante
708 764 763 796 per
776 751 1011 785 Ferrariensem
1030 751 1199 784 civitatem

318 802 510 839 patriarchav
530 817 538 837 ι
564 802 673 837 obviis
696 800 921 846 quibuscumque
943 800 1097 834 benedixit
1122 825 1130 832 .
1157 800 1201 835 Et

195 881 197 883 .
317 851 471 899 adjungit
484 853 569 889 hanc
579 852 819 895 querimoniam
831 865 842 884 .-
867 855 942 884 Non
949 859 1037 884 erant
1047 851 1101 884 alii
1111 852 1201 894 quim

143 882 210 921 cap
237 893 283 919 24·
313 902 448 948 sartores
468 929 478 945 ,
504 906 639 938 calcearii
660 927 671 943 ,
695 913 731 936 ac
757 901 865 935 vilium
879 899 1118 945 gaufhpinarum
1138 912 1200 935 con-

311 952 513 997 sarcinatores
527 979 534 986 .
561 951 663 999 Quod
675 951 793 995 nempe
811 951 1106 995 Constantinopoli
1129 963 1196 986 non

315 1005 383 1038 sola
396 1004 484 1047 plebs
495 1029 505 1044 ,
532 1004 585 1037 sed
597 1003 696 1037 etiam
720 1003 865 1047 suprema
877 1001 1046 1036 Nobilitas
1059 1001 1101 1036 ad
1115 1012 1198 1036 tran·

314 1057 435 1089 seuntis
473 1052 668 1089 Patriarchae
703 1051 964 1088 benedictionem
998 1062 1195 1086 accurreret.

308 1105 410 1139 'Hinc
430 1104 471 1139 de
490 1105 607 1139 eodem
620 1102 661 1137 ad
682 1104 904 1137 Florentinam
917 1102 1091 1145 Synodum
1105 1102 1197 1145 profi·

306 1157 461 1190 -ciscente
490 1153 629 1199 Josepho
655 1154 765 1188 scribit
791 1167 802 1188 .-
831 1152 1012 1186 Patriarcba
1037 1151 1198 1196 occursanti

314 1208 503 1240 multitudini
514 1206 670 1239 benedixit
685 1212 742 1246 pro
761 1215 859 1244 more,
871 1202 979 1245 fausta
1005 1208 1105 1236 omnia
1125 1213 1198 1236 com·

308 1265 471 1299 precatus.
499 1257 543 1291 Et
560 1255 607 1291 ita
630 1254 762 1289 intravit
785 1264 917 1288 navem.
949 1251 1060 1287 Etiam
1083 1252 1125 1287 de
1138 1253 1197 1286 Pa-

314 1306 401 1349 pali,
429 1305 759 1348 Constantinopolim
782 1304 946 1343 intrante,
973 1303 1101 1347 Legato
1125 1303 1199 1336 scri-

314 1356 362 1392 bit
375 1371 386 1390 :
413 1359 607 1401 ,Quacumque
626 1356 725 1390 itabat
737 1377 748 1394 ,
773 1360 805 1388 in
824 1355 937 1396 plateis
959 1351 1141 1396 occursantes
1161 1354 1198 1386 ii-

312 1407 438 1442 ber-rime*
464 1408 622 1442 benedixit
645 1430 653 1437 .
678 1402 1046 1446 constantinopolitani
1082 1402 1196 1446 populi

312 1457 612 1503 pietatemexponit
624 1455 658 1487 in
671 1455 789 1487 Turco
803 1453 926 1486 Graecia
939 1451 1103 1486 Martinus
1115 1451 1203 1486 Cru-'

311 1510 392 1542 sius:
419 1512 531 1541 Laicus
542 1512 575 1539 in
586 1503 703 1547 publico
720 1505 908 1538 sacerdotem
927 1502 1048 1536 obvium
1058 1502 1171 1535 babens
1182 1524 1193 1541 ,

309 1567 479 1593 reverenter
501 1561 600 1598 capite
621 1555 752 1594 nudato,
782 1555 941 1596 &corpore
951 1551 1079 1593 inflexo,
1107 1552 1146 1585 ab
1165 1563 1196 1586 eo

134 1593 250 1633 501'44·
302 1614 385 1654 petit
399 1633 409 1648 ,
438 1608 568 1642 Benedic
578 1604 653 1638 mibi
666 1608 790 1637 Domine
805 1629 813 1637 .
838 1604 976 1637 Sacerdos
988 1613 1090 1636 autem
1106 1614 1202 1651 marm⁴

305 1666 399 1702 capiti
424 1661 491 1700 ejus
518 1655 651 1700 impofita
676 1657 749 1689 dicit
772 1678 784 1695 ,
819 1657 966 1688 Dominus
993 1653 1050 1686 tibi
1075 1654 1195 1686 benedi—

306 1718 374 1744 cat.
1179 1739 1181 1741 ,

358 1758 510 1793 Eandem
524 1757 678 1801 pietatem
687 1751 866 1798 probarunt
878 1777 889 1793 ,
915 1750 1133 1793 admiserunt,
1158 1751 1194 1785 ὅ(

305 1809 479 1855 insigniter
492 1805 720 1842 custodierunt
730 1803 830 1838 etiam
844 1801 1058 1837 Barbarorum
1068 1802 1189 1846 Reges,

305 1861 365 1904 qui
404 1859 595 1894 Romanum
628 1855 810 1890 lacerarunt
848 1853 1025 1896 Imperium
1050 1877 1058 1884 .
1085 1852 1192 1899 Qud

308 1910 410 1953 ipsam
433 1908 587 1944 Odoacer
609 1906 783 1940 Erulorum
805 1903 839 1936 in
863 1902 957 1938 Italia
981 1902 1056 1937 Rex
1078 1913 1193 1936 execu-

309 1970 361 1995 tus
374 1960 471 1995 fuerit
482 1959 569 2002 apud
592 1957 744 1991 Sanctum
760 1954 949 1988 Severinum
962 1952 1170 1987 Monachum
1181 1977 1191 1993 ,

309 2011 374 2054 jam
385 2009 574 2044 audivimus
585 2006 625 2040 ab
638 2005 801 2048 Eutropio
821 2004 854 2038 &
869 2003 1094 2038 Gemblacensi
1106 2002 1194 2047 Sige-

312 2061 407 2095 berto
419 2086 427 2094 .
455 2060 500 2094 Et
524 2060 565 2093 de
577 2054 770 2099 Chilperico
789 2055 990 2088 Francorum
1008 2052 1101 2097 Rege
1122 2053 1190 2086 scri-

311 2110 358 2145 bit
370 2110 404 2144 in
423 2108 606 2144 eorundem
632 2104 766 2139 historia
778 2105 912 2139 Sanstus
926 2103 1104 2147 Gregorius
1118 2102 1195 2145 Epi-

311 2163 429 2206 scopus
451 2156 657 2194 Turonensis
677 2168 689 2189 .-
715 2158 781 2186 Rex
804 2155 849 2186 ad
869 2163 915 2185 me
935 2151 1091 2195 conversus
1100 2151 1193 2194 postu-

311 2214 358 2248 lat
380 2237 391 2253 ,
413 2218 447 2244 ut
472 2216 593 2251 accepta
614 2204 815 2239 benedictione
837 2200 999 2245 discederet
1021 2227 1029 2235 .
1056 2206 1164 2236 Dicam
1180 2225 1191 2242 ‚

312 2268 414 2306 inquit
437 2285 448 2302 ,
474 2259 532 2295 tibi
553 2283 564 2299 ‚
590 2268 606 2288 ο
627 2256 769 2288 sacerdos
792 2278 802 2294 ,
830 2254 912 2296 quod
928 2254 1010 2286 dixit
1027 2252 1131 2298 jacob
1152 2253 1197 2284 ad

315 2313 459 2358 Angelum
483 2334 494 2351 ,
521 2314 574 2352 qui
597 2312 624 2341 ei
643 2304 812 2348 loquebatur
836 2316 844 2337 :
871 2307 944 2335 Non
958 2302 1119 2335 *dimittam
1141 2311 1192 2341 te,

314 2364 372 2407 mfi
385 2362 572 2396 benedixeris
593 2355 667 2389 mihi
685 2379 693 2387 .
721 2353 850 2397 Nempe
873 2354 940 2387 sine
960 2353 1059 2396 petita
1082 2353 1117 2387 δε
1135 2351 1191 2386 ob-

306 2401 406 2451 [tenta
430 2408 660 2446 benedictione
686 2403 894 2446 Chilpericus
915 2427 927 2443 ,
953 2404 1029 2437 licet
1050 2413 1119 2436 non
1139 2400 1194 2435 ad-

313 2464 454 2500 modum
484 2460 617 2494 Sanetus
643 2479 655 2496 ,
692 2463 872 2496 numquam
906 2454 1114 2487 consueverat
1152 2450 1194 2485 ab

314 2511 488 2558 Episcopis
514 2506 676 2543 discedere
702 2529 710 2536 .
739 2504 871 2547 Utique
898 2501 1055 2536 Romano
1082 2512 1192 2540 more,

314 2575 413 2607 quem
426 2563 517 2604 supra
529 2557 713 2593 audivimus
730 2553 892 2589 observari
913 2553 1012 2587 etiam
1041 2551 1082 2586 ab
1096 2553 1194 2594 smpe-

318 2625 424 2649 ratorc
436 2610 618 2656 justiniano
632 2631 638 2638 .
660 2605 704 2639 Et
716 2604 757 2638 de
771 2604 981 2649 Guntrarnno
993 2602 1085 2647 Rege
1098 2627 1109 2643 ‚
1119 2612 1194 2635 cum

319 2663 493 2708 Episcopis
512 2658 711 2694 convivante
736 2654 821 2698 apud
848 2653 1017 2687 Aureliam
1043 2677 1054 2693 ,
1087 2651 1196 2686 scribit

322 2715 411 2748 idern
422 2710 620 2756 Gregorius.-
639 2710 672 2752 J
674 2717 724 2738 am
744 2706 894 2739 mediante
917 2705 1019 2746 epulo,
1047 2706 1114 2736 Rex
1124 2704 1197 2735 locu-

325 2773 375 2798 tus
395 2763 432 2803 est
453 2758 654 2795 Sacerdotibus
667 2781 678 2797 ,
703 2763 753 2797 qui
774 2755 901 2788 aderant
922 2779 932 2795 ,
960 2755 1061 2787 dicens
1083 2764 1093 2795 ;
1119 2755 1198 2795 Rogo

326 2824 362 2848 ut
381 2818 412 2844 in
434 2812 516 2844 domo
538 2820 602 2841 mea
611 2807 736 2847 crastina
756 2806 805 2838 die
815 2804 942 2844 vestram
958 2812 1130 2846 promerear·
1155 2804 1199 2835 be-

329 2862 518 2898 nedieiionem
533 2883 543 2899 ‚
566 2858 678 2900 fiatque
697 2856 771 2888 mihi
786 2854 871 2897 salus
893 2861 925 2888 in
947 2853 1068 2899 ingreffu
1087 2852 1199 2893 vestro,

330 2923 364 2948 ut
376 2923 413 2946 ex
432 2910 482 2943 hoc
499 2907 605 2952 salvus
623 2906 697 2948 fiam
710 2931 720 2946 ,
745 2906 810 2940 cum
824 2903 915 2948 super
932 2916 978 2938 me
994 2903 1131 2937 humilem
1151 2913 1201 2936 ve-

325 2964 457 3006 strarum
477 2957 708 2992 benedictionum
733 2956 827 2988 verba
847 2954 1022 2994 defluxerint
1043 2979 1050 2987 .
1077 2953 1203 2988 Hause-

330 3023 406 3048 runt
421 3011 572 3054 pietatem
584 3006 602 3039 a
614 3006 719 3049 primo
738 3005 831 3048 Rege
857 3004 1037 3038 Clodovaeo
1050 3028 1061 3045 ,
1086 3013 1183 3048 quem
1193 3026 1203 3042 ‚

143 761 207 794 Lib.
230 774 257 799 4.

143 810 210 840 cat).
235 813 245 833 1
253 806 278 833 8.

141 1159 214 1196 Cap·
236 1170 259 1191 ι.

136 1358 199 1390 Lib.
222 1367 249 1394 3.

136 1408 200 1439 cap.
229 1410 257 1437 9·

135 2181 197 2213 Lib.
218 2190 248 2216 ⁶.

135 2232 199 2262 cap.
228 2235 254 2261 ς.

331 3062 459 3108 quoties
478 3056 518 3092 ad
537 3056 658 3092 bellum
682 3053 866 3099 procederet
886 3076 897 3092 ‚
921 3055 939 3087 a
960 3055 1078 3089 Sanfto
1096 3053 1206 3087 Remi·
1263 3052 1422 3089 diendum
1435 3079 1442 3086 .

1262 251 1405 285 &ionem
1418 253 1578 289 offerenti
1600 256 1765 300 respondit
1777 259 1932 304 Egilanes
1951 264 2116 310 Levigildi
2128 289 2140 305 ,

1264 301 1456 335 Gothorum
1479 304 1514 338 in
1527 306 1691 349 Hispania
1707 307 1812 352 Regis
1827 309 1968 353 Ariani,
1995 315 2140 350 Asianus

1264 351 1407 396 Legatus
1427 367 1438 387 .·
1469 358 1547 389 Ame
1565 362 1671 389 anina
1692 356 1731 390 ab
1752 357 1844 400 bajas
1866 367 1993 403 corporis
2013 367 2139 400 ⁴vinculis
2157 363 2220 395 Lib·
2236 373 2263 401 5·

1261 407 1362 436 emicet
1391 427 1402 443 ,
1430 406 1522 447 qua'm
1538 406 1578 439 ab
1597 408 1656 440 ullo
1674 409 1837 452 Religionis
1855 409 1962 451 wstrae
1985 415 2140 449 sacerdote
2157 413 2220 443 ‘²³1²'
2247 420 2296 446 4²·

1262 452 1494 488 benoaiaeiomm
1515 462 1658 499 accipiam
1676 482 1684 489 .
1711 458 1757 492 Et
1780 459 1959 506 Gregorius
1979 464 2140 507 reposuit:

1264 506 1330 535 Nec
1350 503 1476 544 nostram
1501 509 1646 541 Dominus
1669 509 1851 553 Religionem
1873 535 1885 552 ‚
1903 510 1968 553 five
1982 513 2077 556 fidem
2096 520 2142 549 ita

1261 551 1408 596 tepescere,
1423 554 1525 595 facias
1535 581 1549 597 ,
1575 567 1609 590 ut
1633 558 1841 598 distribuamus
1859 562 2001 596 sanctum
2020 567 2085 605 ejus
2094 575 2142 599 cae-

1260 603 1350 636 nibus
1375 628 1386 644 ,
1413 615 1447 637 ac
1461 605 1659 650 pretiosarum
1679 621 1708 641 m
1730 617 1913 654 rgaritarum
1933 615 2026 647 Sacra
2041 622 2142 656 porcis

1256 651 1478 696 squallentibus
1504 665 1686 699 exponamus
1709 684 1716 692 .
1754 660 1805 694 Ex
1831 673 1900 705 quo
1924 662 2011 698 lucet
2041 665 2142 699 etiam

1262 702 1388 739 Gothis
1401 729 1412 745 ‚
1442 706 1520 742 licet
1548 706 1682 743 Arianis
1702 734 1713 750 ,
1739 710 1831 745 fuifle
1851 711 1946 747 istam
1964 714 2119 757 pietatem
2133 739 2141 747 .

1262 753 1392 800 Nempe
1413 756 1589 792 Eudoxias
1599 757 1991 806 constantinopolitanus
2011 763 2142 808 Episco-

1262 814 1320 848 pus
1329 830 1340 846 ‚
1366 805 1446 841 dum
1458 806 1524 842 illis
1536 807 1759 845 Christianam
1768 812 1866 847 fidem
1878 836 1891 854 ‚
1917 813 1995 849 licet
2007 812 2142 849 Arianis

1260 854 1423 891 erroribus
1434 858 1589 892 infestam
1596 883 1608 900 ,
1622 859 1657 893 in
1668 860 1882 897 Catechismo
1894 861 2028 899 tradidit
2036 889 2048 906 ,
2074 865 2141 899 una

1261 905 1394 941 tradidit
1417 905 1515 941 istum
1534 907 1767 952 Apostolicum
1793 912 1970 948 Canonem
1989 937 1997 946 .
2024 915 2068 948 Et
2088 914 2141 948 illi

1263 954 1370 989 secum
1386 957 1418 990 in
1431 954 1822 1002 Hispaniasdetulerunt.
1847 962 1893 998 Et
1906 963 2012 1007 ipsum
2030 964 2141 1008 postea

1261 1003 1401 1040 omnino
1413 1006 1556 1041 firmavit
1565 1019 1680 1044 eorum
1694 1011 1875 1054 Apostolus
1890 1015 2024 1049 sanstus
2034 1014 2142 1050 Lean·

1260 1055 1318 1090 der
1327 1054 1604 1101 Archiepiscopus
1624 1059 1823 1103 Hispalensis
1833 1087 1841 1095 .

1310 1105 1472 1140 Pietatem
1492 1106 1591 1142 etiam
1613 1109 1647 1143 in
1656 1108 1774 1155 Magni
1789 1111 1901 1147 Caroli
1912 1125 2019 1159 genus
2029 1114 2140 1150 tradu-

1259 1156 1310 1190 xit
1330 1155 1532 1191 Francorum
1550 1158 1732 1201 Apostolus
1755 1160 1948 1198 Bonifacius
1967 1188 1976 1195 .
2003 1164 2140 1200 Etenim

1259 1207 1300 1241 de
1321 1206 1489 1250 Stephano
1506 1207 1649 1244 secundo
1667 1209 1853 1252 Pontifice‚
1879 1213 1935 1256 qui
1955 1212 2002 1247 ob
2021 1214 2140 1258 ejeuos

1259 1256 1393 1290 eSansti
1410 1257 1497 1291 Petri
1520 1259 1720 1301 patrimonio
1742 1260 1984 1306 Longobardos
2009 1266 2139 1300 aeturus

1259 1305 1378 1350 gratias
1398 1307 1485 1351 Regi
1506 1307 1650 1352 Pippino
1667 1309 1769 1345 iverat
1788 1312 1824 1346 in
1837 1312 2010 1348 Franciam
2027 1338 2040 1355 ‚
2065 1316 2139 1350 scri-

1262 1356 1308 1390 bit
1333 1355 1520 1401 Sigebertus
1553 1357 1793 1394 Gemblacenfis
1820 1373 1828 1393 ε
1857 1364 2008 1404 Pippinus
2030 1366 2052 1397 ἃ
2076 1367 2138 1398 ste-
2155 1392 2192 1423 m

1255 1405 1357 1447 phano
1380 1408 1469 1449 Papa
1485 1418 1550 1441 cum
1567 1406 1712 1451 filiissuis
1745 1410 1961 1445 earoiomanno
1975 1414 2010 1447 θ’
2030 1414 2138 1448 cmi·
2205 1400 2274 1428 ⁷5²⁹

1258 1461 1291 1489 in
1308 1459 1418 1501 Regem
1436 1463 1558 1500 ungitur
1578 1482 1590 1499 ,
1617 1459 1652 1492 &¹
1667 1467 1726 1501 per
1748 1471 1796 1494 eos
1817 1467 1971 1504 generatio
1987 1474 2084 1497 eorum
2102 1469 2136 1497 in

1259 1505 1467 1542 haereditatem
1478 1509 1601 1552 Regalis
1614 1506 1785 1550 succeffionis
1800 1516 1834 1544 in
1850 1519 2032 1554 perpetuum
2049 1512 2138 1547 bene-

1258 1557 1368 1590 dicitur
1391 1583 1399 1591 .
1425 1557 1596 1592 Solemnes
1622 1558 1745 1597 litteras
1763 1583 1775 1599 ,
1799 1561 1919 1604 quibus
1944 1560 1985 1596 id-
2003 1563 2135 1598 testatur
2154 1563 2190 1592 Α·
2206 1570 2273 1600 ⁷53·

1258 1606 1324 1648 ipse
1345 1606 1528 1652 Stephanus
1539 1632 1550 1649 ,
1576 1607 1641 1643 suis
1659 1609 1848 1645 Annalibus
1865 1611 2004 1646 inseruit
2020 1611 2135 1648 Abbas

1259 1655 1406 1701 Regino.
1439 1658 1482 1692 Et
1493 1657 1586 1692 addit
1605 1658 1647 1693 de
1667 1658 1740 1694 filio
1764 1659 1899 1704 Pippini
1920 1660 2052 1707 Magno
2071 1663 2136 1697 Ca-

1258 1706 1354 1740 rolo:
1378 1710 1447 1740 Rex
1469 1713 1601 1741 oratione
1620 1709 1666 1742 ad
1673 1710 1779 1743 limina
1801 1710 1997 1752 Apostolorum
2015 1712 2135 1754 compie—
2153 1720 2189 1750 Α.
2202 1721 2272 1754 787.

1257 1764 1290 1788 ta
1301 1781 1312 1797 ,
1337 1758 1372 1790 ό·
1384 1756 1578 1791 benediciione
1592 1765 1757 1800 percepta,
1782 1764 1815 1792 in
1826 1763 1992 1794 Franciam
2006 1762 2136 1806 greffim

1256 1806 1379 1849 dirigit.
1406 1806 1450 1840 Et
1471 1806 1575 1841 infra:
1601 1810 1663 1842 Leo
1687 1811 1776 1850 Papa
1796 1812 1937 1843 Car-olum
1956 1812 2033 1845 data
2052 1811 2137 1848 bem.
2154 1838 2180 1867 Α
2206 1838 2278 1868 800.

1257 1855 1384 1890 dictione
1408 1863 1441 1889 in
1468 1856 1623 1899 Bafilicaem
1656 1858 1757 1892 san&
1784 1861 1872 1893 Petri
1897 1860 2023 1902 Apostoli
2047 1867 2137 1897 intro-
2182 1856 2188 1864 ¹

1257 1907 1364 1940 duxit.
1389 1906 1474 1954 Qae
1495 1908 1610 1941 omnia
1632 1908 1806 1943 confirmat
1827 1908 2003 1944 Annalista
2024 1911 2139 1946 Astro-

1257 1956 1355 2000 logus
1370 1979 1378 1987 .
1406 1956 1451 1990 Et
1471 1956 1563 1991 addit
1584 1956 1626 1991 de
1646 1955 1761 1993 Caroli
1779 1958 1852 1993 filio
1872 1959 2049 1994 Ludovico
2072 1961 2136 1995 Pio

1257 2005 1454 2048 Imperatore
1471 2005 1692 2046 moribundo:
1719 2009 1891 2042 Ludovicus
1902 2033 1914 2049 ,
1938 2009 2065 2050 instante
2083 2016 2138 2044 mi·
2156 2033 2189 2061 Α.
2205 2024 2272 2069 842.

1250 2060 1399 2099 grationis
1420 2057 1565 2096 articulo,
1591 2059 1756 2100 Drogonem
1779 2056 1939 2101 Metensem
1959 2059 2137 2102 Episcopum

1256 2102 1368 2145 accerfit
1393 2129 1404 2146 ,
1428 2104 1561 2140 benedici
1581 2111 1694 2148 petivit
1718 2129 1729 2145 ,
1755 2108 1790 2141 <St
1816 2119 1884 2150 quae
1904 2107 2003 2152 solent
2027 2115 2078 2154 agi
2103 2115 2138 2143 in

1255 2153 1360 2199 egreffic
1382 2159 1514 2197 animae,
1537 2156 1603 2198 fieri
1618 2149 1784 2199 postulavit
1803 2154 1821 2187 .’
1836 2158 1989 2194 Humani
2009 2159 2139 2204 generis

1257 2204 1385 2239 hostem
1408 2203 1541 2244 videbat
1565 2205 1622 2240 fibi
1650 2206 1829 2245 adstantem
1851 2232 1862 2248 ‚
1898 2208 1933 2242 δε
1967 2209 2138 2244 adversum

1255 2265 1416 2289 extremas
1434 2255 1502 2299 ejus
1525 2254 1724 2289 tentationes
1744 2256 1945 2299 supplicabat
1964 2257 2139 2302 Episcopa-

1257 2305 1280 2337 li
1308 2303 1534 2339 benedicitione
1556 2305 1693 2339 armari.
1719 2305 1824 2353 Qod
1843 2307 2035 2342 moribundi
2061 2307 2139 2343 fide-

1257 2354 1303 2387 les
1330 2354 1442 2398 paffim
1466 2355 1598 2389 videant
1619 2365 1818 2389 tentatorem
1840 2379 1852 2396 ,
1890 2356 2032 2402 ideoque
2057 2368 2138 2392 tunc

1257 2402 1356 2447 quim
1382 2403 1526 2440 maxime
1550 2404 1722 2450 indigeant
1748 2405 1810 2439 isto
1835 2405 1955 2451 clypeo
1977 2431 1989 2448 ‚
2014 2406 2139 2442 docent

1254 2454 1404 2497 exempla
1432 2454 1570 2498 plurima
1599 2478 1610 2494 ,
1646 2455 1819 2499 firmatque
1844 2456 1879 2490 in
1916 2456 2140 2502 Dialogorum

1242 2502 1348 2537 1libris
1370 2504 1515 2549 Magnus
1526 2504 1725 2549 Gregorius.
1752 2505 1797 2539 Et
1823 2505 1865 2540 ad
1892 2507 2057 2542 Ludovici
2084 2518 2139 2542 ne·

1257 2562 1368 2597 potem
1404 2553 1602 2588 Lotharium
1638 2554 1766 2599 Regem
1810 2556 1932 2600 scripsit
1975 2557 2138 2592 Nicolaus

1258 2604 1383 2647 primus
1408 2615 1416 2635 ε
1456 2603 1637 2646 apostolatus
1672 2604 1760 2645 nfirt'
1784 2607 1911 2651 Legatos
1949 2606 2137 2640 Excellentiae

1259 2653 1357 2693 vestra
1382 2653 1472 2697 digno
1496 2653 1602 2690 bonore
1633 2653 1818 2706 susi-ipio&³
1852 2657 1887 2690 Θ
1903 2654 2137 2697 familiaritatis

1258 2709 1300 2736 eis
1325 2704 1416 2737 locum
1441 2705 1581 2738 concedat
1606 2728 1618 2745 ‚
1654 2712 1688 2738 ut
1713 2706 1777 2739 cum
1804 2706 1849 2738 ad
1872 2715 1925 2738 nos
1949 2704 2071 2747 fuerint
2094 2717 2138 2740 re-

1257 2752 1337 2795 versi
1358 2778 1369 2794 ,
1405 2754 1498 2799 digna
1525 2754 1609 2788 nobis
1633 2756 1669 2788 de
1691 2763 1783 2797 parte
1808 2753 1906 2794 veiha
1932 2761 2108 2789 nunciantes
2125 2779 2138 2797 ,

1260 2802 1423 2845 Apfflolicae
1456 2816 1510 2838 vos
1545 2804 1752 2838 benedic‘lionis
1787 2816 1907 2839 munere
1940 2806 2041 2840 ditare
2060 2806 2141 2848 pff·

1259 2866 1346 2887 mus.
1374 2854 1600 2898 Spiritualium
1620 2855 1810 2889 divitiarum
1837 2853 1920 2889 adeo
1936 2855 2031 2899 plena
2059 2866 2139 2890 tunc

1260 2903 1451 2938 censebatur
1474 2904 1668 2948 Apostolica
1688 2904 1870 2939 benedictio
1893 2928 1904 2945 ,
1930 2915 1966 2939 ut
1990 2916 2045 2950 per
2070 2905 2140 2950 ejus

1264 2954 1504 2997 promistionem
1525 2964 1583 2988 aut
1602 2954 1835 2999 suspensionem
1857 2954 2006 2990 Romani
2025 2954 2142 2990 Ponti-

1264 3005 1340 3038 fices
1376 3014 1532 3049 cogerent
1558 3005 1758 3039 Francorum
1786 3003 1895 3050 Reges
1918 3005 1960 3040 ad
1985 3004 2042 3040 fibi
2067 3005 2143 3040 obe·

2155 2638 2238 2680 Epist.
2257 2643 2290 2671 6,

1465 3055 1561 3102 Qiu
1582 3054 1616 3087 ἀ
1628 3054 1778 3089 adversus
1789 3054 2027 3097 Guilielmum,
2055 3054 2138 3089 Ade-

333 3115 391 3158 gio
419 3108 653 3144 Rhemensrum
680 3106 844 3149 Episcopo
876 3103 968 3138 fuisse
1004 3103 1205 3138 benedictum
1266 3105 1303 3138 1ae
1324 3104 1532 3139 Carnutensis
1553 3103 1734 3139 Comitissae
1750 3116 1791 3139 ex
1809 3105 1979 3150 Stephano
2004 3105 2141 3140 Comite

337 3162 446 3196 scribit
459 3157 629 3201 Presbyter
651 3154 872 3190 Flodoardus.
900 3153 948 3189 Ita
970 3154 1067 3188 illum
1078 3153 1132 3189 hic
1149 3153 1206 3187 do-

167 3223 227 3257 1jb·
259 3233 284 3253 χ,
338 3221 448 3245 cuerat
473 3210 506 3243 in
528 3205 715 3251 Baptismali
738 3202 948 3239 Catechismo
967 3229 975 3237 .
1006 3205 1049 3238 Et
1068 3205 1110 3239 de
1129 3203 1208 3238 Clo·

162 3274 229 3304 cap.
255 3271 297 3298 ις.
340 3259 443 3294 dovaei
467 3256 785 3295 filioTheodorico,
814 3254 1035 3297 &quiipsum
1049 3253 1208 3289 aboculo·

341 3320 416 3345 rum
436 3308 519 3342 vitio
529 3317 715 3346 curaverat,
743 3304 874 3339 Abbate
885 3303 1102 3339 Theodorico
1120 3303 1207 3338 idem

169 3362 247 3400 Cap·
263 3366 309 3394 ²4·
341 3360 485 3402 Scriptor
494 3355 641 3401 adjungit
657 3369 664 3389 :
687 3360 752 3389 Rex
777 3354 961 3389 venerabiles
973 3366 1082 3387 manus
1094 3352 1208 3397 deoscu-

340 3410 412 3446 lans
423 3431 436 3452 ,
444 3407 605 3442 Sacerdotis
615 3405 843 3442 benedictionem
853 3405 957 3439 devote
964 3403 1092 3447 postulat
1102 3429 1109 3438 .
1128 3403 1210 3440 Lau·

1266 3154 1520 3200 primogenitum
1546 3178 1558 3195 ‚
1592 3154 1649 3198 qui
1675 3155 1710 3188 in
1732 3155 1989 3190 Ecclesiasticam
2015 3154 2143 3190 liberta-

1266 3213 1332 3238 tem
1359 3204 1547 3239 Herodiane
1565 3204 1810 3248 conjuraverat,
1836 3206 1879 3240 ad
1901 3207 1993 3240 suum
2017 3205 2143 3239 Metro·

1269 3255 1405 3297 politam
1430 3255 1661 3290 Daimbertum
1683 3256 1804 3299 scripsit
1830 3257 1964 3291 Sanstus
1989 3256 2049 3289 lvo
2065 3254 2145 3288 Car·

1269 3306 1410 3345 nutenfis
1436 3304 1613 3348 Episcopus
1641 3317 1648 3338 :
1686 3307 1779 3339 Nolui
1800 3305 1901 3348 postea
1925 3311 1958 3338 in
1976 3302 2144 3347 praesentia
2162 3325 2215 3362 Ep·

1269 3353 1435 3398 hujusmodi
1459 3357 1674 3396 conjuratorum
1709 3357 1826 3388 Divina
1860 3359 2050 3388 Sacramenta
2082 3363 2146 3388 tra·

1271 3404 1383 3447 aare,
1417 3416 1469 3439 nec
1488 3403 1579 3449 super
1602 3416 1649 3439 eos
1687 3404 1914 3440 benedieionem
1938 3403 2146 3449 Episcopalem

2021 3466 2098 3490 more

2234 3331 2296 3361 124.
