2352 3756
351 178 446 222 352

282 304 404 347 officium
426 299 500 344 ausu
521 307 676 334 temerario
696 298 863 343 usurpant,
885 297 943 341 sed
965 301 1024 329 etia
1007 307 1057 327 m
1064 293 1164 338 secun

283 355 354 386 diam
375 357 513 384 Canones
537 351 690 395 conceffam
710 352 777 383 5edi
802 348 965 390 Apostolicae
986 344 1164 387 parcitatem

284 409 427 436 conantur
435 408 564 444 eripere,
591 401 744 443 &fibimet
756 411 820 433 eam
830 405 934 429 contra
950 398 1090 427 canones
1101 406 1167 427 con-

286 454 415 485 tendunt
440 451 709 495 usurpare.1deo
727 445 944 490 frequentibus
970 444 1165 477 conventibus

281 509 402 545 pariter
421 504 593 545 &Scriptis
613 499 858 541 firmaverunti
834 493 890 535 fibi
909 494 987 528 hunc
1004 493 1169 537 sermonem

286 564 437 595 nequam,
466 562 570 587 utnon
586 550 657 591 poss
658 557 671 580 t
694 551 832 579 Romana
853 543 980 585 Ecclesia
1004 546 1097 579 alium
1118 544 1158 576 ba

285 603 352 636 bere
379 606 519 645 Papam,
544 599 645 640 nisiex
661 605 753 639 parte
771 595 819 639 fiii
841 598 997 639 Gregorii,
1024 600 1075 638 qui
1097 598 1170 628 velit

286 652 409 694 refistere
429 656 555 687 Henrico
581 651 680 691 Regi,
688 648 796 681 immo
814 650 942 679 Divinae
964 647 1169 685 ordinationi,

642 164 1725 228 QUIN-rrLlNonuReENse

282 251 470 296 &superbiae
492 250 609 294 spiritu
630 250 747 290 inflati,
773 261 831 282 non
846 247 941 291 solum
964 253 1093 281 vetitum
1107 244 1238 667 [mu

1225 249 1274 286 qui
1297 249 1389 276 etiam
1407 246 1484 278 velit
1500 246 1606 279 Sedem
1631 248 1816 290 apostolicam
1840 255 1986 289 invadere
2010 265 2115 297 eontra

1226 293 1406 326 Guibertum
1418 294 1592 337 Pontificem
1602 297 1689 339 ipsius
1706 303 1852 334 Romanae
1864 304 2017 345 Ecclefiae.
2045 307 2080 340 N
2082 319 2113 341 e

1225 353 1324 388 quam
1346 344 1511 379 sermones
1524 346 1706 383 Veneticus
1732 360 1830 384 vocat
1842 352 2027 394 synodalia
2049 358 2113 391 De-

1225 404 1345 432 creta,
1368 405 1440 436 quae
1464 406 1545 431 tunc
1570 397 1750 438 offerebant
1769 400 1921 436 Guiberti
1941 402 2114 441 factionem

1229 455 1297 479 non
1310 445 1375 478 effe
1389 456 1498 480 veram
1511 446 1712 490 Ecclesiam,
1733 451 1766 484 &
1779 451 2026 496 Moguntinnm
2039 466 2116 489 con-

1229 503 1364 529 ventum
1386 506 1456 530 non
1476 497 1571 532 fuisse
1594 498 1778 544 legitimum
1803 502 1999 537 Concilium
2023 528 2035 544 ‚
2062 505 2118 539 sed

1231 545 1424 581 latrocinale
1451 546 1759 592 Conciliabu1um,
1787 551 1929 596 ideoque
1956 553 2118 589 inflictam

1230 594 1270 630 ab
1295 595 1366 652 ipso
1390 596 1639 634 damnationem
1664 612 1732 635 non
1755 603 1819 636 effe
1843 603 2045 638 timendam.
2074 605 2118 639 Et

1229 645 1309 679 istos
1332 646 1416 681 inter
1427 647 1591 683 sermones
1615 650 1659 685 est
1670 650 1813 686 omnino
1824 655 1958 697 praesens
1971 655 2091 690 Canon
2108 679 2119 688 .

865 855 1383 904 CANON
1487 861 1545 905 V.

326 998 563 1048 Imiliter
614 1000 658 1046 &
693 1013 774 1065 pro
809 993 1037 1058 sacrilegio
1071 996 1471 1043 excommunicatos
1505 996 1706 1050 decrevit
1741 1002 1885 1053 sancta
1918 1002 2119 1070 Synodus

410 1088 498 1118 non
534 1065 807 1136 recipiendos
857 1064 1018 1132 absque
1052 1064 1180 1113 solita

1230 1066 1589 1116 reconciliatione
1622 1105 1636 1129 ‚
1683 1075 1727 1119 &
1762 1074 1840 1122 nisi
1873 1073 2083 1123 dudum...
2102 1107 2117 1134 ,-

287 1158 387 1209 quae
421 1139 626 1202 sacrilege
662 1137 741 1186 fibi
776 1135 1118 1187 vendicaverant
1150 1171 1166 1196 ,
1201 1133 1502 1184 reddidissent.

476 1305 985 1353 Sciroz10N0,

340 1451 427 1486 Nter
444 1449 650 1489 calumnias,
677 1458 758 1493 quas
766 1444 954 1482 Catholicis
973 1445 1174 1491 Gregorium

367 1502 540 1544 septimum
560 1497 807 1533 observantibus
820 1497 994 1540 Episcopis
1015 1496 1173 1539 imposuit

288 1551 539 1596 Moguntinum
559 1548 805 1588 latrocinium,
834 1547 1017 1582 veneticus
1037 1545 1172 1580 Vercel-

288 1601 386 1637 lensis
399 1600 579 1645 Episcopus
603 1599 699 1643 ponit
721 1598 755 1632 &
768 1596 878 1632 hanc.-
903 1596 1043 1639 Sedittofi
1057 1595 1176 1639 Epifio

285 1657 348 1696 pi,
373 1659 473 1694 utpote
484 1650 642 1685 violatores
654 1647 913 1690 Ecclefiasticorum
926 1648 1174 1691 privilegiorum,

284 1700 484 1746 permiserunt
490 1699 614 1743 suarum
620 1698 903 1741 partiumfautores
927 1706 1034 1740 rapere
1057 1699 1092 1730 θ’
1103 1698 1176 1729 diri-

284 1761 359 1797 pere
377 1751 455 1786 bona
472 1752 506 1785 Θ
517 1763 564 1784 res
576 1748 796 1790 Ecclefiarum,
824 1756 858 1781 ut
877 1746 1020 1789 eiusmodi
1041 1745 1173 1778 homines

288 1803 375 1845 effent
390 1801 448 1843 fibi
466 1806 665 1843 promptiores
690 1800 736 1831 ad
754 1807 838 1830 omne
863 1795 955 1839 nefas
980 1797 1174 1835 audendum,

288 1852 396 1896 quibus
406 1862 445 1884 ex
468 1849 674 1894 consuetudine
687 1850 758 1889 jam
768 1845 851 1889 quast
871 1851 904 1878 in
922 1853 1062 1877 naturam
1085 1842 1175 1886 versa

287 1902 332 1943 est
353 1901 476 1935 dulcedo
494 1902 756 1940 conjurationum,
783 1900 981 1937 rapinarum,
1007 1892 1176 1926 homicidio-

289 1963 374 1986 rum.
399 1949 614 1984 Henricianae
625 1947 658 1980 ἀ
671 1944 876 1981 Guibertinae
887 1944 1040 1978 faffionis
1051 1943 1175 1977 facino-

289 2013 325 2036 ra
346 2001 532 2036 Ventricus
557 1996 757 2033 transscribit
784 1996 819 2030 in
847 1994 975 2029 nostros
995 1993 1175 2036 Episcopos

291 2054 325 2087 &
336 2051 475 2086 milites.
510 2048 615 2095 Quid
627 2046 716 2080 enim
727 2045 761 2078 δε
769 2044 940 2079 Henricus
952 2043 986 2077 ὅ(
998 2042 1175 2077 Guibertus

292 2103 326 2137 in
351 2098 545 2143 diripiendis
570 2096 785 2131 Ecclefiarum
808 2093 907 2128 bonis
926 2094 1047 2127 fuerint
1072 2102 1175 2135 prom-

293 2149 449 2196 ptissimi,
475 2149 521 2182 est
545 2145 702 2181 omnibus
725 2153 857 2177 notum.
888 2141 993 2189 Qdd
1016 2142 1049 2176 ἀ
1072 2141 1175 2175 nostri

288 2201 415 2236 milites
428 2196 566 2233 eandem
576 2206 679 2229 artem
701 2204 780 2228 tunc
792 2193 1021 2231 exercuerint,
1049 2203 1118 2226 non
1129 2190 1175 2226 est

293 2248 531 2286 inficiandum.
559 2245 686 2281 Verum
708 2242 797 2288 quod
826 2241 928 2276 nostri
950 2241 1104 2286 Episcopi
1117 2241 1176 2276 ista

293 2300 524 2346 permiserint,
548 2297 594 2331 est
617 2295 696 2330 dura
718 2292 885 2329 calumnia
909 2318 916 2325 .
938 2291 1039 2327 Hanc
1067 2303 1104 2327 ut
1126 2292 1175 2326 illi

292 2353 314 2386 a
325 2354 355 2386 se
366 2360 535 2389 avertant,
561 2357 678 2382 omnes
692 2343 874 2379 istiusmodi
885 2353 1028 2387 raptores
1044 2353 1176 2377 excom-

285 2402 488 2442 municant,
515 2398 704 2442 &ipsorum
718 2395 846 2429 nullum
860 2403 937 2428 ante
949 2394 1066 2430 fastam
1088 2393 1177 2428 resti·

1240 1296 1403 1331 tutionem
1413 1299 1546 1342 prasens
1559 1299 1678 1334 Canon
1692 1301 1853 1346 permittit
1863 1302 2009 1338 absolvi.
2024 1303 2121 1339 Hinc

1240 1347 1440 1382 calumniam
1450 1348 1741 1387 denuocominent
1754 1351 1819 1387 haec
1832 1351 1990 1389 Venetici
1997 1353 2118 1389 verba

1242 1396 1321 1430 Otho
1346 1397 1481 1440 Ostiensis
1493 1398 1681 1443 Epistopuffi
1706 1399 1767 1436 hac
1778 1403 1893 1446 utique
1909 1404 1945 1438 in
1955 1402 2096 1449 Synodo
2106 1426 2120 1444 ‚
2139 1411 2199 1442 Fol·
2221 1422 2270 1447 71·

1240 1447 1345 1480 intulit
1349 1445 1384 1491 se
1392 1449 1529 1490 judicare
1538 1449 1644 1483 bonum
1666 1451 1817 1493 &justum
1837 1453 1908 1496 effe,
1933 1462 1966 1487 ut
1984 1465 2034 1488 res
2056 1457 2121 1488 Ec-

1240 1495 1418 1539 clefiarum,
1444 1511 1521 1542 quas
1542 1502 1685 1535 saxones-
1701 1512 1790 1545 atque
1813 1502 1961 1548 Thuringi
1981 1501 2120 1548 ufiarpas

1237 1545 1304 1590 sent
1329 1553 1362 1581 in
1379 1554 1517 1591 proprios
1537 1549 1608 1593 usus
1631 1575 1642 1591 ,
1664 1551 1882 1592 restituerentur
1897 1552 2038 1597 spoliatis
2056 1557 2120 1588 Ec·

1239 1596 1328 1639 closis
1348 1606 1438 1641 atque
1459 1599 1663 1641 Monasterus,
1690 1602 1792 1645 quibus
1805 1602 1930 1646 fuiffint
1952 1604 2058 1639 oblate
2082 1605 2121 1639 θ’

1240 1645 1431 1690 consecratae.
1460 1650 1540 1683 Haec
1552 1648 1706 1693 sentent&
1726 1664 1793 1686 cum
1808 1664 1867 1686 non
1881 1654 2028 1697 placuifflet
2041 1657 2119 1696 Epi-

1243 1696 1359 1739 scopu,
1383 1700 1484 1741 utpote
1502 1700 1675 1733 timentibus
1695 1701 1843 1742 offendere
1850 1701 2050 1746 pra-firmium
2065 1715 2118 1737 tto-

1242 1752 1396 1787 xiorum‚
1421 1753 1474 1790 qui
1493 1755 1612 1790 pariter
1637 1760 1838 1785 convenerant
1864 1754 1909 1785 ad
1929 1752 2118 1786 roborandae

1239 1804 1344 1838 partes
1364 1798 1573 1840 conjurationis
1593 1797 1688 1842 suae,
1714 1809 1786 1833 runc
1797 1802 1943 1844 rogabant
1963 1800 2046 1843 ipfi,
2073 1813 2117 1835 ro-

1237 1845 1355 1888 gabant
1388 1847 1423 1879 &
1445 1848 1499 1879 alii
1519 1850 1675 1889 Principes
1700 1851 1867 1892 saxoniae,
1892 1858 1926 1884 ut
1952 1850 2002 1884 bis
2026 1858 2118 1895 atque

1241 1892 1383 1937 eiusmodi
1404 1896 1526 1937 omiffis,
1550 1896 1723 1940 consentiret
1743 1906 1860 1933 cumeis
1881 1902 1927 1934 ad
1934 1912 1971 1934 ea
1985 1912 2053 1943 quae
2062 1913 2116 1935 cce·-

1236 1944 1345 1986 piffent
1354 1955 1459 1987 agere.
1489 1949 1525 1978 se
1535 1948 1654 1988 quidem
1664 1951 1846 1992 conveniffe,
1872 1959 1906 1983 ut
1926 1951 2116 1992 indurent,

1241 1994 1379 2037 quomodo
1397 1993 1558 2036 defendere
1563 1996 1673 2039 pofflmt
1689 2005 1800 2038 partes
1822 1998 1963 2039 &studia
1980 1998 2030 2042 sut
2040 2003 2117 2034 Gre-

1236 2047 1312 2088 gorii
1324 2045 1419 2085 Papae
1431 2066 1443 2082 ,
1470 2043 1588 2086 ejusque
1609 2045 1770 2090 anathema
1789 2053 1867 2080 oirca
1879 2051 1988 2092 Regem
2006 2052 2118 2086 Henrio‘

1241 2103 1307 2126 cum
1316 2102 1478 2133 renovare,
1504 2103 1539 2126 ac
1553 2094 1661 2135 populo
1675 2095 1808 2130 indicare
1820 2119 1831 2135 ,
1855 2098 1936 2139 quod
1954 2109 2117 2133 excommu-

1243 2148 1361 2177 nicatus
1368 2141 1407 2183 fit
1418 2147 1514 2175 omnis
1526 2168 1537 2184 ,
1563 2144 1598 2177 er
1604 2142 1713 2187 salvus
1722 2146 1774 2189 effe
1788 2158 1848 2180 non
1854 2148 1935 2189 poffit
1945 2171 1957 2188 ,
1983 2146 2117 2191 quisquis

1245 2197 1369 2229 Henrico
1380 2196 1453 2236 Regi
1460 2197 1492 2224 in
1502 2194 1599 2236 aliquo
1608 2201 1827 2231 communicarit
1837 2221 1845 2230 .
1871 2200 1957 2232 Tunc
1977 2199 2026 2232 ille
2037 2199 2118 2234 otho

1239 2241 1335 2282 flexus
1366 2242 1404 2283 est
1430 2243 1474 2275 ad
1498 2244 1684 2278 voluntatem
1722 2257 1820 2280 eorum
1841 2271 1853 2287 ‚
1889 2249 1927 2282 ό·
1958 2246 2116 2292 consenfit.

1243 2295 1327 2336 ,Quia
1351 2301 1442 2326 vento
1466 2298 1583 2337 agitata
1609 2296 1725 2328 arundo
1750 2296 1880 2334 exstitit.
1909 2297 1966 2331 Est
1981 2299 2118 2332 manife-

1244 2344 1289 2426 ih
1310 2342 1347 2400 in
1357 2341 1531 2378 Othonem
1551 2344 1585 2379 δε
1603 2355 1738 2380 omnem
1760 2343 1845 2381 hanc
1871 2346 2046 2391 Synodum
2065 2358 2117 2383 ca·

1257 2404 1369 2427 umnla
1380 2418 1390 2427 .

852 2605 1564 2655 CANoNVI.

362 2756 413 2802 N
449 2749 603 2801 eadem
641 2745 821 2815 Synodo
856 2744 1157 2813 PresbyteriS,
1191 2743 1467 2795 Diaconibus
1480 2782 1494 2807 ,
1532 2744 1872 2798 Subdiaconibus
1896 2762 2119 2815 perpetua,

301 2754 365 2977 I
400 2828 522 2889 juxta
555 2825 750 2870 Decreta
784 2814 1023 2866 sant‘Jcorum
1058 2818 1233 2865 Patrum
1267 2852 1281 2877 ,
1316 2813 1477 2866 indieca
1512 2816 1574 2866 est
1611 2820 1909 2869 continentia.

497 2952 994 2996 SCHOLION.

312 3095 656 3186 Dlspensatorias‚
682 3093 801 3138 quibus
824 3094 880 3129 sua
890 3092 1062 3129 adversum
1078 3091 1188 3135 couju-

436 3159 529 3192 gatos
555 3146 702 3180 Clericos
714 3145 854 3179 Decreta
875 3144 1025 3188 suspendi
1046 3143 1088 3177 ad
1112 3154 1188 3178 tern-

313 3213 373 3246 pus
385 3201 469 3243 jussit
490 3209 547 3241 per
558 3196 780 3230 Altmaunum
802 3194 1042 3228 Paffaviensem
1055 3193 1186 3237 Episco-

315 3262 393 3294 pum
413 3262 449 3284 ac
463 3250 556 3283 suum
581 3246 615 3280 in
629 3246 807 3280 Germania
829 3244 992 3289 Legatum
1014 3244 1192 3288 Gregorius

299 3299 493 3342 septimus,
521 3298 642 3331 litteras
663 3295 755 3340 supr&
776 3294 987 3329 audivimus.
1014 3295 1115 3328 Hanc
1133 3293 1191 3327 dis-

315 3350 541 3394 pensationem
553 3358 620 3381 non
647 3347 709 3380 effe
722 3344 855 3379 ulterius
878 3344 1080 3379 tolerandam
1095 3344 1195 3388 Lega-

315 3410 372 3433 tus
382 3396 476 3431 Otho
488 3409 528 3430 ex
541 3397 641 3431 causis
661 3396 786 3430 censuit
803 3419 814 3434 ‚
839 3394 978 3438 ideoque
999 3394 1103 3428 edidit
1124 3399 1192 3437 p'rae·

319 3452 443 3484 sentem
453 3446 627 3481 Canonem
641 3471 648 3479 .
674 3447 719 3480 Et
740 3446 848 3490 ipsum
871 3444 990 3480 exinde
1011 3444 1187 3479 Germania

1246 2942 1425 2978 custodivit
1436 2968 1443 2977 .
1473 2945 1584 2980 Etiam
1608 2944 1649 2980 de
1660 2945 1852 2981 Geberardo
1875 2943 2119 2980 Constantienfi

1249 2993 1413 3038 Episcopo
1426 3019 1438 3037 ,
1450 3007 1520 3030 uno
1531 3007 1571 3030 ex
1583 2995 1677 3040 hujus
1691 2995 1817 3039 Synodi
1834 2994 1984 3030 Patribus
1998 3019 2009 3035 ‚
2021 3004 2118 3039 quem

1250 3044 1283 3077 in
1308 3044 1480 3081 Urbanum
1501 3044 1676 3081 secundum
1697 3056 1866 3090 promotus
1880 3045 1976 3080 Otho
1996 3044 2055 3078 fibi
2067 3043 2122 3078 de·

1249 3094 1298 3128 dit
1311 3095 1346 3128 in
1361 3095 1555 3130 Germanica
1567 3096 1751 3140 Legatione
1762 3096 1971 3131 successorem
1980 3119 1992 3136 ‚
2010 3092 2121 3128 scribit

1251 3143 1445 3179 Bettholdus
1471 3146 1729 3180 Constantienfis
1749 3146 1896 3189 Ecclesiae
1923 3144 2095 3188 Presbyter
2110 3155 2123 3186 ;

1252 3195 1444 3229 Geherardus
1470 3195 1696 3238 constantienfis
1723 3195 1846 3238 Ecclefie
1871 3194 2033 3239 Episcopus
2060 3205 2122 3227 ma·
2141 3203 2174 3231 Α,
2192 3209 2277 3238 ςο94.

1247 3256 1343 3287 gnam
1356 3247 1496 3284 synodum
1508 3244 1679 3288 Constanti-5
1693 3252 1726 3280 in
1737 3246 1922 3280 bebdomada
1934 3244 2042 3287 majori
2050 3252 2121 3276 ante

1254 3293 1369 3337 Pascha
1392 3307 1457 3329 cum
1470 3296 1632 3329 Abbatibus
1647 3298 1817 3331 &clericis
1840 3293 2121 3332 innumerabilibus,

1254 3347 1287 3378 (θ’
1305 3356 1367 3379 cum
1392 3345 1520 3379 Ducibus
1543 3348 1576 3380 δ’
1595 3348 1714 3391 reliquis
1741 3348 1912 3388 Alemanm'e
1930 3341 2121 3384 Principibus

1253 3397 1385 3429 canonice
1418 3397 1595 3429 celebravit.
1621 3396 1722 3438 Ibique
1736 3398 1850 3436 multa,
1876 3407 1932 3437 que
1951 3394 2123 3437 corrigenda

1253 3456 1339 3480 crant
1361 3469 1372 3486 ,
1395 3451 1523 3479 correxit
1542 3470 1549 3478 .
1587 3446 1633 3479 lbi
1652 3452 1744 3480 etiam
1773 3450 2012 3479 incontinentiam
2038 3444 2134 3489 Pus--

1975 3492 2079 3532 hytero-
