2352 3756
111 2113 189 2151 Cap.
213 2121 241 2150 5.

124 2853 190 2883 Lib.
211 2864 238 2886 7,

100 2905 165 2932 cap.
195 2904 238 2922 ιι.

428 135 496 166 DE
535 119 805 163 ROMANA
844 114 1293 158 EPISCOPORUM
1329 125 1872 158 consncnnnoua.
1920 116 2008 173 383

250 203 348 237 lium.
381 200 444 236 Sed
465 212 520 244 per
541 199 590 242 jus
616 194 879 230 Patriarchicum
895 218 902 226 .
933 194 978 228 Et
1000 193 1081 241 quid
1098 205 1153 237 per
1200 201 1250 225 tur
1272 190 1391 223 tantum
1415 196 1450 222 tn
1471 199 1643 226 reverentia
1665 198 1797 238 quadam
1819 198 1852 230 ζῇ·
1874 195 2003 239 obsequio
2013 210 2081 241 erga

248 252 487 287 Occidentales
509 248 676 292 intelligat
700 246 838 279 Basilius
857 269 869 286 ,
907 244 1045 278 edicunt
1073 242 1140 278 haec
1201 242 1303 275 sedem
1329 238 1542 282 apostolicam,
1563 241 1621 282 sed
1640 250 1672 276 in
1693 258 1723 278 eo
1744 249 1904 288 precipue,
1931 249 2081 289 quodillae

248 303 371 337 ibidem
397 300 517 337 verba.-
546 301 604 332 Illa
629 308 705 330 nunc
720 295 846 338 factum
872 319 883 335 ,
908 306 977 337 quae
996 294 1081 336 prius
1108 299 1140 326 in

250 353 387 387 Marcello
409 358 605 396 patrarunt.
642 348 749 382 Notat
781 345 1004 381 Sardicensem
1036 346 1141 388 Syno-

248 405 330 439 dum
353 429 364 444 ‚
403 415 474 448 quae
498 399 698 435 Marcellum
720 397 863 440 Ancyrae
887 394 1140 439 Metropolitam

248 454 403 500 purgavit
425 464 463 487 ac
481 451 662 495 reparavit.
690 448 775 483 Eam
801 457 871 481 non
901 458 959 489 pro
970 446 1139 490 generali,

249 505 307 542 sed
331 504 506 539 dumtaxat
525 513 583 546 pro
594 497 787 534 Occidentis
798 493 1012 531 Patriarchali
1026 495 1139 542 habet:

250 555 298 589 Et
321 555 395 597 quis
417 553 537 588 nesciat
561 551 610 586 illi
638 549 774 584 adfuisse
802 547 986 590 Episcopos
1012 546 1115 582 Italos
1130 571 1141 587 ,

251 605 444 647 Hispanos,
472 604 575 637 Afros
595 627 606 643 ,
633 599 751 634 Gallos
772 622 783 638 ‚
811 597 1020 641 Illyricianos
1046 599 1062 630 .?
1099 598 1142 631 Et

253 654 445 699 dogmatica
458 665 495 688 ac
508 653 549 688 ab
559 650 714 686 omnibus
728 648 879 683 Ecclefiis
891 648 1027 690 probata
1041 673 1052 688 ‚
1079 659 1142 691 qua

253 707 381 739 sextam
415 704 590 749 Synodum
625 700 780 735 instruxit
814 700 950 733 Sanuus
978 696 1141 742 Agathou

254 754 435 796 Pontifex,
461 754 598 798 epistola
624 749 724 785 habet
751 748 842 783 hunc
865 747 1001 782 titulum
1025 762 1035 781 .·
1065 752 1143 792 Aga-

254 804 329 838 tbon
352 804 519 849 Episcopus
534 828 545 844 ,
570 806 681 836 Servus
698 799 851 843 servorum
873 800 928 829 Dei
953 822 962 836 ,
995 808 1062 831 cum
1082 803 1144 832 um·-

255 854 349 897 verfis
359 856 481 894 synodis
486 851 711 896 subjacentibus
723 849 851 881 Concilio
860 846 1025 889 apostolica:
1035 850 1122 883 Sedis
1138 874 1144 882 .

255 905 302 940 Et
321 905 407 939 inter
425 904 569 938 rationes
579 926 591 943 ‚
617 912 689 944 quae
701 897 882 942 postulatos
894 897 935 931 ab
947 898 1144 942 Imperatore

255 952 486 990 Constantino
516 961 633 997 quarto
661 950 803 994 Legatos
830 949 960 982 fuerant
988 961 1145 991 moratae,

256 1004 392 1040 adducit
414 1005 447 1038 δε
467 1002 526 1037 has
539 1015 550 1036 .·
581 1002 718 1034 Primam
729 999 850 1041 quidem
863 1021 873 1037 ‚
900 1000 982 1040 quod
991 996 1144 1044 numerosa

255 1055 414 1095 nostrorum
437 1051 649 1095 Epiftoporum
672 1050 830 1083 multitudo
852 1046 943 1091 usque
967 1052 1011 1083 ad
1036 1055 1147 1084 oceani

257 1109 400 1149 Regiones
421 1104 596 1137 extenditur
610 1126 620 1142 ‚
647 1102 731 1141 cujus
753 1106 871 1132 itineris
893 1101 1093 1145 longinquitas
1115 1107 1147 1134 in

257 1158 342 1189 multi
355 1158 496 1196 temporis
516 1150 630 1195 cursum
636 1151 803 1192 protelatur
815 1175 822 1182 .
851 1150 1050 1191 sperabamus
1064 1153 1148 1184 dein-

257 1207 297 1239 de*
329 1206 366 1239 de
399 1207 568 1237 Britannia
603 1200 786 1234 Theodorum
814 1199 1029 1242 confamulum
1057 1213 1146 1244 atque

258 1254 465 1298 Coepiscopum
475 1253 600 1294 nostrum
611 1274 622 1291 ‚
650 1262 769 1295 magnae
781 1248 893 1292 Insulae
905 1253 1080 1285 Britanniae
1095 1256 1146 1284 Ar-

256 1304 469 1350 chiepiscopum
490 1306 525 1338 (⁰5
548 1300 755 1345 Philosophum
768 1326 778 1342 ‚
804 1312 869 1334 cum
891 1302 962 1335 aliis
975 1307 1025 1345 qui
1037 1302 1148 1336 ibidem

257 1360 450 1391 demorantur
467 1380 478 1396 ,
503 1355 614 1388 exinde
634 1353 680 1385 ad
704 1350 832 1392 nostram
855 1353 1065 1387 Humilitatem
1085 1364 1143 1386 con-

251 1411 380 1451 jungere
401 1431 412 1446 ‚
450 1414 543 1448 atque
567 1400 701 1446 diversos
724 1401 814 1443 hujus
836 1402 962 1436 concilii
986 1401 1149 1446 Episcopos

257 1466 292 1492 in
316 1453 441 1497 diversis
466 1454 644 1499 Regionibus
658 1451 823 1492 constitutos
836 1477 846 1492 ,
874 1461 908 1486 ut
921 1453 1148 1495 &generalitate

258 1513 347 1542 totius
369 1507 494 1540 Concilit
519 1504 615 1545 nostra
634 1502 756 1546 servilis
772 1501 914 1546 suggestio
932 1503 1018 1544 fieret
1040 1528 1051 1544 ,
1079 1514 1114 1536 ne
1126 1502 1155 1544 fi

256 1560 375 1591 tantum
394 1565 471 1599 pars
495 1556 574 1598 quod
604 1553 749 1598 agebatur
772 1551 1006 1596 recognosceret,
1028 1561 1150 1595 partem

261 1610 388 1640 lateret.
421 1610 468 1639 Et
488 1606 624 1638 maxime
641 1609 714 1645 quia
739 1608 771 1635 in
797 1604 890 1635 medio
905 1608 1042 1647 gentium
1054 1628 1065 1643 ‚
1087 1612 1150 1636 tam

257 1656 545 1700 Longobardorum,
573 1654 664 1694 quam
688 1654 886 1693 stlavorum,
913 1664 1037 1686 necnon
1050 1656 1149 1686 Fran-

256 1718 376 1745 corum,
402 1706 580 1741 Gallorum,
605 1711 696 1743 atque
724 1703 946 1733 Britannorum
971 1725 982 1741 ,
1016 1704 1146 1742 plurimi

258 1755 506 1796 Confamulorum
529 1750 686 1791 nostrorum
711 1749 761 1791 effe
797 1748 954 1792 noscuntur
976 1775 983 1782 .
1021 1750 1150 1784 Diserte

257 1807 427 1850 profitetur
437 1802 500 1836 Gal
511 1802 560 1835 los
571 1825 582 1841 ‚
595 1800 782 1833 Germanos
798 1824 809 1839 ‚
835 1798 1003 1839 Francos,
1033 1799 1149 1841 Hispa-

258 1866 343 1895 nos,
370 1854 574 1892 Britannos,
601 1849 811 1894 Illyricianos
836 1848 997 1892 pertinere
1018 1848 1059 1883 ad
1089 1849 1149 1882 Pa-

257 1903 431 1939 triarchale
463 1900 659 1935 Concilium
694 1900 858 1932 Romanae
885 1897 1036 1931 Ecclesiae
1059 1923 1066 1929 .
1107 1899 1149 1931 Et

257 1954 338 1997 quid
358 1964 441 1997 opus
463 1950 575 1984 multis
588 1949 605 1980 ἐ
630 1949 667 1981 In
682 1947 786 1991 primo
800 1947 848 1980 sui
860 1947 966 1990 operis
979 1946 1066 1981 libro
1079 1947 1149 1981 Do-

258 2006 369 2042 minus
382 2000 658 2042 Archiepiscopus
672 1997 768 2030 babet
779 1994 867 2029 hanc
879 1996 1147 2030 conclufionem:

259 2055 412 2088 cordatus
438 2049 566 2089 Let‘lor,
586 2046 616 2089 fi
633 2044 765 2087 curiosius
779 2050 904 2078 rimetur
918 2069 929 2085 ‚
950 2044 1052 2084 statim
1066 2050 1147 2079 inve-

260 2111 322 2139 niet
350 2102 431 2146 quod
442 2101 541 2135 eodem
555 2098 639 2131 modo
650 2121 660 2137 ,
687 2107 742 2138 quo
752 2100 880 2137 quinque
892 2100 1025 2128 Orientis
1040 2099 1148 2130 Dioece-

254 2154 305 2199 ses
327 2161 372 2187 ita
387 2151 455 2196 suis
472 2148 660 2184 Primatibus
673 2145 922 2188 erantcommissae
936 2169 946 2185 ,
974 2155 1007 2178 ut
1016 2148 1148 2189 AEgypto

255 2204 390 2249 praeesset
411 2201 638 2235 Alexandrinus
666 2195 871 2235 patriarcba,
901 2199 1021 2229 Orienti
1048 2201 1147 2229 Antio-

257 2255 364 2290 chenus
376 2276 387 2292 ‚
413 2249 524 2291 Aliana·
549 2246 668 2289 Dioecesi
679 2245 843 2288 prefinus
859 2248 888 2278 E
892 2245 1024 2278 xarcbus
1036 2271 1046 2286 ,
1074 2249 1149 2279 Pon·

1204 300 1374 326 tenerentur
1401 289 1514 331 referre
1539 291 1585 322 ad
1610 295 1762 335 Pontifices
1783 296 1930 329 Romanor
1953 299 1990 329 de
2017 309 2084 338 que-

1197 341 1340 384 stionibus
1352 340 1562 383 difficilloribus
1573 341 1608 374 <5
1619 342 1763 385 ambiguis
1773 370 1783 385 ,
1811 358 1878 388 quae
1886 347 2060 379 incidebant
2075 371 2083 379 .

1206 398 1243 426 1n
1263 391 1319 435 qu'o
1338 396 1491 425 Romanus
1514 391 1658 433 Pontifex
1668 392 1804 425 utebatur
1810 397 1878 434 jure
1888 397 2013 439 quodam
2027 401 2085 430 Im-

1202 445 1334 486 pertali‚
1364 444 1446 485 quod
1456 442 1562 484 probat
1580 440 1752 485 supremam
1771 444 1834 482 ejus
1857 447 2082 480 aulloritatem.

1197 493 1335 537 ‘Frustra
1356 498 1434 527 enim
1454 491 1525 536 sunt
1546 491 1602 536 qut'
1622 504 1657 526 ea
1679 502 1807 535 querunt
1827 498 1859 525 in
1877 486 2086 536 Appellationi-

1199 541 1259 578 ⁴bus
1282 542 1516 588 Episcoporum,
1541 553 1608 586 qaae
1630 550 1662 576 in
1685 549 1779 577 veteri
1799 543 1928 584 Ecclefia
1950 556 2006 578 non
2017 552 2086 578 reci-

1204 594 1385 637 piebantur.
1415 594 1509 642 Qid
1519 605 1575 637 per
1601 595 1679 628 duas
1702 593 1832 628 Italicas
1852 593 2017 629 Dioeceses
2040 597 2089 629 in-

1211 645 1339 690 telligat
1353 646 1520 680 Dominus
1535 643 1812 687 Archiepiscopus
1824 667 1834 683 ,
1862 642 1964 678 edicit
1978 645 2012 677 in
2022 645 2089 679 alio
2108 649 2167 680 Lib.
2197 659 2224 680 1.

1209 694 1352 739 ejusdem
1365 696 1471 738 operis
1483 694 1587 729 libro:
1616 695 1708 728 Italia
1728 699 1760 727 in
1782 695 1858 727 duas
1871 693 2014 738 Dia-ceses
2026 705 2092 728 erat
2108 699 2172 729 ΕἰῑΡ·
2194 694 2226 724 ⁶*

1210 744 1331 788 divisa;
1359 747 1496 779 Italicam
1520 746 1624 787 nempe
1644 746 1678 779 Ca·
1695 745 1934 777 Suburbicariam
1950 770 1957 777 .
1987 744 2093 779 Porro

1209 797 1324 831 Italica
1346 795 1647 840 seuTranspadana
1669 793 1966 838 comprehendebat
1989 795 2096 839 Aqui-

1211 847 1305 891 lejam
1326 848 1359 882 ὃς
1379 846 1630 881 Mediolanum.
1658 845 1702 879 Et
1723 842 1814 887 quod
1835 845 2005 890 utriusque
2016 843 2096 880 civi-

1210 899 1287 932 tatis
1304 897 1522 941 Metropolita
1547 898 1669 940 semper
1687 895 1877 940 spectauerit
1899 893 1939 928 ad
1962 895 2098 931 Patriar-

1212 948 1342 983 chalem
1362 948 1510 983 Romani
1535 946 1691 991 Episcopi
1703 945 1900 989 Synodum,
1926 945 2096 980 Dominus

1214 999 1491 1042 Archiepiscopus
1513 997 1649 1033 nervose
1670 1009 1709 1032 ac
1735 995 1863 1031 erudite
1892 994 2017 1029 ibidem
2043 996 2097 1029 de·

1213 1049 1389 1084 monstrat.
1416 1048 1560 1083 Proinde
1582 1048 1691 1082 fabula
1716 1047 1775 1082 fibi
1786 1047 1842 1091 ipsi
1858 1057 1925 1080 non
1939 1044 2096 1080 cohaeret:

1214 1102 1316 1134 Nunc
1342 1111 1479 1134 omnem
1507 1099 1729 1133 Occidentem
1756 1122 1766 1138 ‚
1805 1108 1896 1131 nunc
1923 1108 2098 1140 utramque

1214 1148 1384 1185 dumtaxat
1405 1149 1553 1184 Italicam
1574 1149 1751 1182 Dioecefim
1766 1173 1776 1187 ‚
1803 1158 1892 1181 nunc
1918 1146 2021 1180 solam
2035 1147 2099 1181 Ita-

1214 1201 1290 1234 liam
1313 1200 1526 1235 Urbicariam
1549 1200 1687 1233 affirmat
1713 1199 1851 1242 spectare
1870 1197 2017 1232 adistam
2040 1198 2099 1241 Sy-

1216 1251 1356 1284 nodum.
1385 1250 1552 1284 Tendunt
1575 1247 1642 1284 haec
1656 1248 1793 1289 omnia,
1821 1249 1905 1283 utin
1926 1248 2102 1284 Ravenna·

1214 1300 1300 1335 tibus
1321 1301 1493 1344 Episcopis
1518 1301 1703 1344 frequenter
1722 1299 1897 1337 damnata,
1923 1297 2100 1333 &tandem

1216 1361 1367 1395 potenter
1385 1350 1494 1385 evulsa
1518 1348 1761 1394 Autocephalia
1774 1350 1915 1393 resurgat
1930 1349 1964 1381 in
1977 1349 2103 1383 Metro-

1217 1401 1333 1445 politas
1354 1402 1486 1436 Galliae.
1523 1402 1612 1435 Nam
1624 1401 1658 1435 &
1673 1400 1726 1434 hic
1738 1398 1801 1433 fuit
1814 1399 1929 1442 scopus
1942 1399 2103 1433 Hincma-

1215 1452 1240 1486 ri
1255 1452 1442 1488 Remenfis.
1473 1451 1570 1486 Certe
1582 1451 1751 1485 Dominus
1767 1448 2040 1492 Archiepiscopus
2053 1462 2105 1492 pa-

1216 1503 1280 1537 lam
1306 1501 1454 1546 praedicat
1477 1502 1552 1536 Sedi
1578 1498 1887 1543 Apostolicae‘nihil
1899 1498 1939 1533 ab
1952 1498 2019 1533 istis
2031 1499 2106 1542 Me-

1215 1552 1381 1597 tropolitis
1401 1552 1510 1587 deberi
1526 1577 1536 1592 ,
1564 1552 1620 1585 nisi
1637 1551 1738 1585 solam
1753 1550 1940 1584 difficilium
1955 1551 1989 1584 <Sc
2003 1550 2107 1584 ambi-

1214 1614 1354 1648 guarum
1378 1604 1546 1637 causarum
1570 1600 1788 1635 relationem.
1816 1601 1860 1634 Et
1885 1600 1958 1644 quis
1984 1602 2107 1635 nesciat

1214 1652 1302 1686 hunc
1326 1653 1389 1687 effe
1410 1652 1665 1696 propriissimum
1679 1649 1928 1694 Autocephaliae
1950 1648 2109 1685 char-aste-

1215 1703 1310 1736 rem?
1338 1702 1443 1735 Porro
1466 1702 1599 1741 fabula,
1626 1713 1697 1745 quae
1717 1701 1956 1745 Episcopornm
1969 1701 2110 1745 appella-

1215 1751 1325 1784 tiones
1347 1751 1487 1784 affirmat
1510 1752 1602 1784 fuiff'e
1626 1752 1757 1795 ignotas
1781 1752 1925 1794 antiquae
1937 1751 2110 1792 Ecclefiae‚

1213 1800 1259 1833 est
1287 1800 1418 1834 abunde
1439 1802 1544 1834 retusa
1570 1801 1606 1834 in
1633 1801 1866 1843 superioribus.

1264 1849 1430 1884 Omnium
1454 1849 1724 1883 occidentalium
1749 1850 1950 1884 Dioecefium
1977 1851 2112 1893 Episco‘

1214 1899 1246 1942 pi
1269 1908 1339 1933 non
1362 1899 1601 1934 tantummodo
1626 1900 1806 1942 spectarunt
1836 1901 1960 1943 semper
1980 1901 2020 1933 ad
2051 1901 2110 1934 Pa-

1215 1949 1423 1983 triarchalem
1443 1950 1591 1985 Romani
1616 1950 1765 1992 Episcopi
1781 1950 1956 1992 Synodum
1970 1976 1979 1990 ,
2009 1951 2060 1984 sed
2075 1952 2108 1985 δε

1215 1999 1317 2043 ipsam
1348 1999 1536 2033 constanter
1568 2000 1815 2043 frequentarunt
1840 2025 1847 2032 .
1886 2001 2020 2034 Etenim
2048 2000 2109 2034 Pa-

1213 2048 1397 2089 triarchali,
1423 2059 1523 2092 quarn
1549 2048 1725 2082 formando
1748 2050 1805 2082 suo
1827 2050 1868 2083 ad
1889 2050 2013 2084 sextam
2048 2052 2110 2094 Sy-

1214 2096 1340 2132 nodum
1363 2097 1517 2142 suffragio
1528 2097 1679 2132 athbuit
1692 2100 1826 2132 Sanctus
1844 2098 2002 2144 Agathou
2018 2126 2028 2141 ,
2050 2102 2108 2144 Sy-

1214 2148 1304 2183 nodo
1327 2146 1503 2182 adfuerunt
1525 2159 1595 2181 non
1618 2147 1676 2181 soli
1691 2159 1765 2181 cum
1780 2149 1997 2192 Suffraganeis
2009 2151 2105 2186 Man-

1214 2199 1320 2232 suetus
1342 2197 1601 2231 Mediolanenfis
1618 2222 1628 2238 ‚
1654 2208 1692 2231 ac
1719 2196 1880 2241 Agathou
1910 2194 2105 2243 Aquilejen-

1212 2249 1250 2282 fis
1274 2247 1513 2291 Metropolita,
1541 2247 1593 2281 sed
1617 2247 1717 2282 etiam
1742 2249 1914 2282 Adeodatus
1937 2249 2106 2293 Episcopus·

257 2311 316 2347 tice
335 2306 406 2338 vero
429 2299 579 2344 Caesareae
599 2304 632 2331 in
656 2298 852 2338 Cappadocia
878 2294 1042 2338 Episcopus
1068 2319 1080 2335 ‚
1115 2298 1149 2331 (ν
1206 2297 1313 2342 sanc‘le
1333 2297 1455 2340 Ecclefif
1482 2301 1663 2337 Leucorum,
1691 2301 1825 2342 Legatus
1850 2300 2033 2333 venerabilis
2055 2305 2103 2341 sy-

258 2355 409 2387 Thracicae
432 2349 774 2390 Constantinopolitanus
796 2372 806 2387 ,
833 2351 878 2379 ita
902 2344 1046 2388 Dioeceses
1070 2351 1149 2379 Occi-

257 2406 359 2438 dentis
382 2414 418 2437 ea
439 2406 552 2433 ratione
578 2398 777 2439 Metropolim
798 2395 863 2439 suis
887 2397 1060 2429 concredita
1079 2396 1147 2438 fue·

257 2460 320 2488 rint
334 2479 344 2494 ,
370 2462 403 2486 ut
416 2456 548 2485 Romano
558 2446 723 2491 Episcopo,
752 2456 899 2489 tanquam
911 2451 1000 2479 totius
1014 2448 1148 2480 Occiden-

257 2512 300 2539 tis
333 2501 516 2538 Patrtarcba
538 2525 549 2540 ‚
583 2498 730 2543 subessent
751 2523 758 2530 .
788 2497 831 2531 Et
855 2496 983 2530 erudite
1011 2496 1147 2539 probat.

259 2556 371 2589 Etiam
390 2566 431 2587 ex
455 2550 587 2586 laudato
599 2548 664 2591 jam
677 2548 798 2592 Magni
814 2546 924 2580 Basilii
937 2545 1146 2582 testimonio.

309 2603 412 2651 Qod
426 2599 624 2637 nominatim
638 2597 898 2632 Mediolanenfis
922 2606 1018 2640 atque
1044 2596 1151 2641 Aqui-

260 2656 384 2699 1<·jens1s
399 2651 624 2694 Metropolitae
645 2647 874 2682 Patriarchico
902 2645 1064 2681 Romanae
1089 2647 1149 2682 Ec·

258 2805 558 2846 Attamenaffirmare
567 2801 632 2834 licet
643 2800 720 2833 duas
744 2797 890 2841 Dioeceses
916 2799 1038 2831 Italicas
1061 2801 1145 2832 sedis

258 2856 422 2899 Apostolicae
434 2853 606 2893 constitutis
619 2852 736 2883 omnino
755 2850 884 2892 paruiffe
900 2856 958 2890 per
979 2847 1053 2881 illas
1075 2860 1146 2883 tem-

254 2907 403 2949 pestates,
430 2905 511 2946 quod
531 2902 674 2940 Synodum
696 2902 763 2941 ejus
793 2898 1035 2933 Patriarcbalem
1049 2900 1145 2938 consti-

258 2965 394 2995 tuerent,
419 2964 451 2987 ut
474 2953 546 2986 alibi
559 2951 681 2990 ostendi.
710 2954 748 2983 At
758 2959 874 2984 caeterae
893 2951 1060 2983 Occidentis
1077 2953 1145 2984 Pro-

258 3013 360 3047 vincte
386 3004 564 3037 tenebantur
590 3002 634 3034 ad
655 3013 720 3034 eam
740 3006 861 3033 mittere
886 3000 1044 3033 relationes
1070 3009 1143 3034 tam-

258 3069 349 3100 quam
370 3055 414 3087 ad
432 3053 532 3086 Sedem
546 3076 556 3092 ‚
582 3057 614 3084 in
634 3064 695 3092 qua
718 3050 860 3092 residebat
889 3053 1082 3092 Principatus
1096 3055 1145 3085 se-

258 3109 308 3140 dts
322 3104 487 3148 Apostolicae
499 3128 509 3143 ‚
534 3102 612 3134 unde
622 3102 700 3144 fides
714 3109 898 3134 manaverat
909 3106 941 3132 in
957 3103 1132 3142 Provincias

259 3162 354 3191 Roma
372 3156 437 3198 ergo
459 3161 524 3186 erat
547 3151 630 3184 velut
653 3157 768 3184 matrix
788 3151 860 3193 fidei
880 3175 890 3190 ,
931 3150 1054 3193 Ecclefie
1075 3157 1144 3186 vero

258 3216 420 3249 ceterarum
442 3204 609 3236 Occidentis
635 3204 863 3234 ProvincIarum
888 3209 974 3232 erant
985 3201 1067 3245 velut
1078 3205 1144 3237 colo-

258 3264 318 3292 niae
338 3256 472 3299 quedam
497 3252 536 3286 ab
559 3263 595 3285 ea
614 3251 684 3284 urbe
701 3253 867 3293 pendentes
884 3276 890 3283 .
919 3255 956 3283 In
974 3264 1029 3294 quo
1033 3251 1141 3293 similes

257 3318 346 3343 erant
374 3302 507 3346 Ecclest'is
535 3302 672 3335 1tal1‘cis.
701 3301 744 3334 Et
771 3301 854 3334 infra
877 3313 883 3332 :
923 3301 1066 3343 subjetlio
1091 3305 1144 3338 illa

262 3362 491 3392 Provinciarum
510 3353 677 3386 occidentis
687 3376 697 3392 ,
724 3362 791 3393 quae
804 3352 847 3382 ad
855 3352 997 3389 synodum
1010 3356 1144 3387 Patriar·

256 3409 369 3442 chalem
387 3411 550 3439 Romanam
575 3413 632 3437 non
650 3402 845 3445 pertinebant
872 3426 883 3443 ,
920 3413 977 3436 non
1003 3403 1143 3448 versaba-

250 2705 359 2740 ›clefiae
375 2705 454 2749 jugo
476 2702 561 2735 olim
585 2699 788 2739 subfuerint‚
817 2698 986 2731 Dominus
1012 2511 1169 3178 Archel

258 2758 410 2799 pise-opus
422 2754 522 2787 etiam
537 2753 569 2785 in
584 2750 652 2783 alio
665 2750 712 2782 sui
724 2749 832 2791 operis
845 2747 930 2781 libro
954 2747 1143 2791 profitetur:

1212 2350 1282 2382 nodi
1301 2357 1357 2390 per
1379 2350 1547 2382 Galliarum
1570 2352 1751 2381 Provincias
1772 2348 1934 2388 constitutae
1957 2376 1965 2383 .
2007 2353 2100 2386 Felix

1212 2397 1378 2442 Episcopus
1405 2397 1585 2440 Arelatensis
1611 2397 1748 2440 Ecclefiae
1764 2425 1775 2440 ‚
1817 2403 1951 2443 Legatus
1974 2412 2103 2436 venera-

1212 2449 1281 2483 bilis
1305 2451 1410 2489 synodi
1429 2458 1484 2492 per
1511 2449 1678 2482 Galliarum
1707 2452 1887 2482 Provincias
1912 2448 2096 2491 constitutae.

1214 2504 1366 2533 Taurinus
1395 2503 1544 2533 Diaconus
1568 2497 1749 2532 venerabilis
1776 2502 1882 2538 synod}
1903 2509 1960 2542 per
1985 2504 2100 2536 Gallia‘-

1210 2562 1275 2582 rum
1301 2553 1479 2584 Provincias
1504 2548 1674 2590 constitute.
1704 2549 1813 2583 Etiam
1841 2549 1947 2585 adfuit
1975 2552 2100 2594 Wilfh-

1211 2602 1267 2633 olus
1291 2599 1457 2644 Episcopus
1469 2598 1574 2643 sanc‘le
1597 2598 1720 2641 Ecclefie
1742 2600 1935 2642 Εὸονατεης,
1962 2606 2097 2647 Legatus

1209 2650 1390 2684 venerabilis
1413 2652 1517 2689 synodi
1538 2658 1594 2692 per
1625 2651 1821 2684 Britanniam
1846 2651 2023 2694 constitute.
2052 2653 2097 2688 Et

1209 2702 1282 2744 quis
1307 2700 1429 2735 nesciat
1453 2701 1591 2743 primam
1618 2698 1843 2735 Arelatensem
1869 2726 1881 2742 ,
1905 2703 1958 2736 cui
1986 2703 2098 2738 adfue-

1208 2761 1283 2785 runt
1296 2752 1449 2785 omnium
1465 2749 1737 2785 Occidentalium
1752 2750 1950 2786 Dioecefium
1964 2752 2098 2797 Episco-

1209 2803 1239 2845 pi
1262 2827 1272 2842 ,
1302 2801 1396 2835 fuisse
1421 2801 1594 2835 dumtaxat
1616 2799 1871 2836 Patriarchalem
1894 2802 1913 2833 ?
1945 2802 2095 2838 Plurima

1209 2853 1283 2885 sunt
1312 2849 1471 2894 ejusmodi
1493 2850 1663 2895 exempla.
1692 2852 1736 2886 Et
1762 2852 1850 2886 inter
1873 2853 1999 2893 multa,
2025 2864 2094 2895 quae

1209 2902 1355 2936 Romani
1382 2900 1515 2945 Imperii
1538 2913 1593 2944 per
1614 2901 1772 2935 Barbaros
1797 2902 1951 2936 laceratio
1977 2903 2093 2936 intulit

1209 2953 1380 2992 Ecclefiae‚
1408 2951 1622 2986 incommoda
1646 2953 1781 2986 Sanetus
1793 2951 2093 2986 AvitusViennen-

1209 3004 1244 3037 fis
1257 3002 1476 3046 Metropolita
1490 3003 1523 3037 in
1536 3001 1650 3036 litteris
1660 3001 1701 3036 ad
1719 3002 1918 3036 Faustum&
1942 3003 2092 3044 Symma-

1209 3053 1308 3088 chum
1331 3053 1561 3087 Romanorum
1574 3054 1746 3086 Senatores
1760 3052 1898 3094 ponit&
1910 3050 1993 3086 hoc:
2021 3055 2091 3086 Pri-

1208 3105 1287 3138 mum
1307 3103 1416 3145 fuerat
1437 3104 1510 3136 talis
1523 3114 1618 3136 rerum
1628 3101 1723 3143 status
1735 3100 1967 3143 dcfidemndus,
1994 3112 2028 3136 ut
2038 3101 2094 3145 ipsi

1203 3163 1260 3197 per
1288 3166 1339 3189 nos
1362 3153 1464 3188 urbem
1491 3153 1554 3187 orbi
1581 3152 1779 3187 venerabilem
1801 3160 1859 3193 pro
1884 3153 2088 3194 dependendis

1207 3208 1335 3239 Divinit·
1358 3202 1553 3246 humanisque
1574 3212 1776 3245 expeteremus
1799 3202 1921 3243 officIIs.
1947 3204 2007 3235 sed
2014 3209 2089 3245 quia

1207 3256 1286 3297 istud
1300 3257 1371 3297 jam
1394 3256 1508 3287 dudum
1525 3262 1582 3295 per
1603 3259 1746 3285 rationem
1766 3259 1928 3293 temporum
1934 3253 2002 3296 fieri
2009 3253 2086 3296 posse

1206 3307 1349 3349 cessavit,
1375 3306 1516 3338 vellemus
1545 3304 1597 3336 vel
1615 3315 1645 3335 eo
1660 3302 1830 3346 securitati}
1857 3307 1991 3339 accedere
2015 3326 2026 3341 ,
2050 3310 2086 3335 ut

1206 3362 1315 3399 quaein
1325 3354 1414 3398 causa
1439 3359 1584 3386 communi
1602 3352 1768 3396 supplicari
1785 3359 1913 3393 oportet,
1940 3352 2086 3392 Amplitu.

1207 3409 1244 3441 olo
1269 3405 1366 3448 vestra
1386 3414 1622 3449 congregatorum
1648 3405 1747 3446 Gallie
1771 3404 1958 3438 sacerdotum
1967 3403 2086 3436 relatio.

2003 3461 2040 3484 ne
