2372 3756
412 105 529 152 ‚³188

346 190 449 235 ,ipsum
463 197 566 235 corpus
575 180 761 232 antitypum.
787 181 834 224 Et
854 187 896 224 ad
922 189 1077 234 Apostoli
1100 190 1141 224 de
1166 190 1233 223 Eu-

344 239 505 285 charistiae
531 240 743 283 perpetuitate
767 238 903 275 verbum
926 266 937 281 ‚
973 243 1070 273 Donec
1108 245 1234 277 veniat,

348 297 618 325 commentatur:
645 292 726 335 ,Quis
750 299 850 325 autem
870 292 980 324 venit?
1007 291 1158 324 Videbunt
1180 292 1232 322 Fi-

901 96 1579 152 (Ezss'n'itr'ar1o

1294 187 1441 223 fidelibus
1474 189 1581 232 pueris
1603 212 1615 230 ,
1649 190 1707 234 qui
1733 202 1842 227 veram
1867 194 2009 230 Domini
2035 199 2168 231 earnem

1292 237 1444 281 quotidie
1457 239 1650 280 profitentur
1661 240 1697 274 in
1715 242 1846 285 sumpto
1865 243 1883 275 *a
1894 247 1924 278 se
1934 247 2145 281 Sacramento
2156 270 2168 287 ,

1291 288 1376 322 dixit
1400 289 1488 331 posse
1510 299 1567 322 aut
1589 289 1708 334 corrigi
1729 300 1786 325 aut
1808 291 1970 328 confundi
1991 320 2000 329 .
2038 296 2170 332 Eodem

346 343 424 377 lium
437 339 566 375 bominis
577 342 747 376 venientem
759 347 792 376 in
805 340 930 374 nubibus
941 341 1023 382 coeli,
1038 339 1185 376 videbunt
1197 343 1242 379 in*
1290 348 1485 381 argumento
1507 339 1685 374 Armenios
1705 339 1830 375 invadit
1853 341 2038 385 Patriaxcha
2063 345 2168 381 Isaac.

347 402 436 434 quem
447 399 679 434 compunxerunt
692 417 699 424 .
727 392 817 435 ‚Quid
826 395 918 434 igitur
930 390 1011 427 illud
1028 388 1230 431 compunllum
1291 387 1442 423 Errorem
1465 389 1583 430 istum,
1609 390 1668 432 qui
1689 390 1790 425 solam
1813 392 2033 429 Divinitatem
2056 397 2089 431 in
2115 399 2170 441 §2-

339 440 382 484 ,est
395 440 412 473 ἒ
437 445 535 476 Latus
549 467 557 475 .
581 444 680 476 Latus
695 444 767 475 vero
779 440 817 481 est
826 445 954 482 corporis
963 464 974 481 ‚
1001 451 1059 473 non
1074 443 1238 481 Divinitas

343 497 387 524 tis
398 516 405 523 .
432 491 472 525 In
485 490 689 526 Eucharistia
701 501 770 524 non
786 489 888 524 Verbi
903 490 1121 527 Divinitatem
1135 511 1147 528 ,
1172 486 1226 522 sed

341 542 450 576 solum
463 541 603 576 Domini
615 551 732 584 corpus
741 540 775 574 dc
786 540 977 584 sanguinem
990 538 1178 573 manducari
1191 538 1225 571 &

340 590 408 627 bibi
421 592 556 637 garrivit
567 590 739 637 Nestorius
753 614 763 630 ‚
789 600 887 633 atque
897 589 977 624 inde
986 587 1144 623 conclusit
1158 586 1225 621 haec

319 642 440 680 ‘etiam
463 641 553 681 sola,
581 651 649 675 non
663 639 845 675 verdistam
863 639 956 674 fuisse
971 640 1004 673 in
1017 636 1132 672 vifibili
1155 638 1223 671 Do-

338 692 424 727 mini
437 690 614 734 supposito.
644 690 779 733 Utique
791 701 831 724 ex
846 689 973 724 laudata
997 688 1129 733 regula.
1157 685 1223 722 Re-

336 741 417 786 gula
427 740 512 784 apud
523 739 671 784 Maiores
682 739 807 774 nostros
817 740 880 774 fuit
898 737 982 773 adeo
993 738 1086 773 firma
1096 761 1108 779 ,
1136 746 1173 772 ut
1179 749 1221 772 ex

334 792 406 834 ipsa
416 790 566 837 adversus
577 790 742 834 peffimam
755 790 963 834 peffimorum
986 787 1220 823 Armeniorum

334 839 551 886 Religionem
579 840 698 875 scribat
724 841 868 884 ipsorum
897 837 1085 873 Patriarcba
1108 837 1219 872 Isaac:

334 895 469 925 Armenii
478 890 639 925 terribilem
642 891 770 936 Juliant
788 889 983 929 Halicarnaffi
1003 900 1038 922 ac
1061 887 1219 931 Aphtarto-

333 942 500 981 docitarum
525 939 657 982 haeresim
681 939 884 980 instaurantes
899 964 910 980 ,
932 951 967 972 ac
987 940 1092 981 palam
1109 938 1218 978 Christi

331 995 574 1024 Incarnationem
599 989 770 1029 abolentes,
801 997 911 1034 negant
929 988 1078 1028 Christum
1098 988 1216 1034 consub-

274 1051 277 1053 ·
323 1040 467 1082 stantiale
497 1040 579 1074 nobis
606 1048 731 1082 corpus,
757 1041 880 1084 craffum
902 1049 937 1072 ac
958 1041 1079 1073 mortale
1092 1062 1103 1078 ‚
1126 1047 1216 1073 terre-

322 1088 456 1134 'numque
468 1115 478 1132 ‚
504 1101 615 1129 necnon
627 1090 814 1132 corruptibile
829 1091 862 1124 ὑ·
875 1099 1003 1123 creatum
1014 1114 1024 1130 ‚
1051 1101 1088 1122 ex
1111 1092 1215 1122 Maria

735 1142 911 1184 ,Quinimmo
932 1148 1034 1182 corpus
1054 1151 1112 1173 non
1130 1140 1214 1172 obno-

324 1191 410 1224 xium
422 1197 599 1234 corruptioni
614 1215 624 1232 ‚
649 1188 757 1234 subtile
770 1214 781 1231 ,
808 1191 976 1232 impaffibile
987 1215 997 1231 ,
1023 1190 1189 1223 immortale
1200 1215 1211 1231 ,

324 1247 508 1275 increatum.
538 1245 578 1276 Ac
589 1266 599 1283 ,
627 1247 767 1284 inquiunt
778 1265 788 1281 ‚
809 1239 892 1283 visus
907 1239 945 1281 est
957 1240 1039 1273 homo
1049 1249 1083 1273 ut
1096 1240 1191 1273 voluit
1204 1263 1213 1278 ‚

322 1295 580 1335 manducavitque
603 1293 638 1326 ά·
660 1291 752 1325 bibit.
777 1294 853 1327 Tum
874 1291 978 1324 rursus
1003 1289 1079 1324 banc
1100 1301 1211 1332 quoque

322 1347 549 1384 incorpoream,
575 1353 610 1375 αι·
621 1348 759 1375 materiae
769 1349 922 1382 expertem
946 1351 1067 1373 carnem
1085 1341 1206 1381 penitus

319 1403 484 1435 negantes,
513 1395 596 1427 &ex
617 1393 770 1424 immundo
793 1393 827 1425 ὁ·
850 1389 958 1429 christi
982 1389 1056 1429 hoste
1080 1388 1209 1432 ipsbrum

316 1442 513 1484 pordefielsas
519 1442 649 1483 fabulas
663 1438 912 1482 comminiscentes
926 1464 935 1480 ,
960 1441 1087 1474 eandem
1111 1438 1208 1483 ipsam

317 1491 492 1533 invisibilem
507 1516 517 1531 ‚
542 1494 737 1535 immortalem
750 1515 760 1531 ‚
788 1501 822 1523 ac
845 1496 1045 1532 incorruptam
1063 1499 1184 1523 carnem
1196 1515 1205 1530 ‚

315 1547 348 1574 in
376 1552 519 1574 naturam
555 1545 740 1574 Divinitatis
769 1542 955 1574 demutatam
991 1542 1080 1579 ajunt
1109 1565 1120 1582 ,
1154 1552 1205 1574 nee

314 1591 466 1631 christum
487 1591 652 1625 humanam
678 1600 819 1624 naturam
841 1597 874 1623 in
894 1591 960 1634 ipsa
981 1589 1108 1633 servare
1133 1596 1204 1623 inco-

326 1143 451 1185 Virgine
478 1139 663 1184 adsunspfiffe
690 1165 696 1173 .

313 1643 421 1675 lumem
444 1669 452 1681 ,
481 1655 537 1675 non
562 1651 665 1684 corpus
686 1640 820 1684 ejusdem
843 1640 989 1683 nobiscum
1006 1639 1201 1683 substantiae·‚

313 1704 373 1735 non
395 1704 515 1726 carnem
537 1694 572 1726 (¹5
592 1694 648 1734 ossa
672 1716 683 1732 ,
721 1703 777 1724 non
801 1700 889 1733 eaput
911 1715 921 1731 ,
950 1702 1008 1724 non
1034 1701 1140 1723 manus
1167 1703 1203 1726 ac

307 1745 425 1788 pedes,
455 1755 512 1776 non
539 1742 663 1784 bonffnis
687 1741 814 1784 figuram
838 1766 848 1782 ‚
871 1739 930 1785 sed
948 1739 1069 1783 faeHum
1088 1739 1201 1782 fimpli-

307 1789 394 1834 soem,
420 1805 455 1826 ac
479 1802 634 1833 expertem
659 1791 866 1833 compositionis
892 1816 903 1833 ,
942 1792 1083 1834 quomodo
1109 1791 1197 1825 habe*

309 1842 366 1885 bat
393 1853 463 1878 ante
490 1843 727 1886 Incarnationem
743 1867 750 1874 .
782 1848 877 1885 Atque
902 1849 935 1875 ut
960 1842 1057 1875 mellis
1070 1851 1125 1875 aut
1137 1853 1199 1876 ace·

310 1899 336 1937 ei
358 1904 450 1937 gutta
473 1918 484 1934 ,
521 1900 615 1927 maris
639 1895 743 1937 pelago
769 1897 928 1926 commixta
952 1917 963 1934 ,
997 1901 1088 1935 atque
1112 1898 1145 1926 in
1169 1905 1200 1928 eo

309 1942 432 1985 mersa,
459 1956 516 1978 non
541 1946 671 1986 amphus
694 1945 781 1977 oculis
808 1942 962 1986 conspicua
980 1943 1017 1982 est
1031 1967 1042 1984 ,
1067 1952 1120 1977 aut
1147 1955 1199 1979 nec

307 1993 456 2037 eonfifltt3
485 1999 529 2027 ita
544 2019 554 2035 ‚
582 2001 739 2036 inquiunt,
767 1995 801 2028 Θ
827 1994 909 2036 quod
933 1992 1069 2033 christus
1094 1995 1196 2038 affam-

303 2044 363 2086 pfit
388 2053 489 2084 corpus
515 2070 526 2085 ,
553 2044 703 2088 confusum
728 2046 763 2078 (9⁹
789 2042 960 2086 immersum
985 2048 1121 2078 Deitatis
1143 2055 1198 2087 pe·

308 2094 376 2138 lago
401 2119 411 2135 ,
439 2095 525 2128 haud
550 2097 686 2136 deinceps
712 2100 746 2127 in
766 2092 826 2136 ipso
847 2100 978 2127 cernitur
997 2118 1007 2134 ‚
1036 2103 1090 2129 aut
1113 2096 1198 2136 confi-

301 2144 357 2184 stit
380 2147 520 2184 incolume
533 2170 543 2184 ,
570 2156 618 2181 nec
635 2143 746 2187 J'ervat
757 2152 898 2176 naturam
918 2142 1027 2186 suam,
1053 2154 1107 2177 aut
1129 2153 1197 2187 pro·

301 2202 468 2237 prietatem
487 2201 597 2229 retinet
611 2209 622 2227 .·
651 2201 743 2236 Atque
754 2195 828 2232 aueo
840 2204 898 2227 non
911 2195 980 2228 duae
994 2219 1005 2234 ,
1031 2200 1171 2237 inquiunt
1183 2221 1195 2237 ,

302 2247 426 2279 'naturae
447 2244 519 2289 fiant
551 2252 583 2277 in
609 2245 723 2284 Christo
751 2248 882 2278 Deitatis
908 2256 942 2279 ac
967 2243 1170 2278 humanitatis
1183 2268 1194 2284 ,

303 2294 360 2340 fed
384 2308 444 2328 una
469 2298 633 2328 dumtaxat
649 2321 660 2336 ,
686 2305 749 2328 tota
780 2298 914 2329 DeitatIs
938 2320 944 2327 .
972 2298 1077 2339 ‚Quare
1101 2301 1194 2329 etiam

307 2345 443 2387 Ecclesia
466 2345 629 2380 catholica
651 2347 827 2379 traditiones
853 2369 864 2385 ‚
901 2347 935 2380 ό·
956 2345 1067 2385 Christi
1091 2347 1194 2379 sacra-

306 2406 494 2435 mentorum,
520 2405 574 2438 pro
598 2401 685 2431 unius
712 2397 793 2429 illius
807 2404 925 2429 naturae
937 2402 1071 2436 ratione,
1101 2407 1192 2438 quam

306 2445 516 2490 blasphemant
542 2445 702 2487 inchristo
716 2471 726 2486 ‚
752 2453 903 2479 mutantes
917 2470 928 2485 ,
948 2445 1085 2486 similiter
1097 2458 1192 2479 novas

305 2498 403 2530 moliti
423 2495 519 2540 sunt,
545 2509 580 2531 ac
601 2499 855 2530 sacramentorum
882 2502 1110 2529 communionem
1124 2519 1133 2535 ,
1160 2497 1195 2528 id

304 2546 365 2588 est,
388 2554 482 2589 panis
505 2545 707 2590 sacrificium,
732 2552 782 2589 qui
802 2544 839 2585 es}
862 2545 1050 2585 Christicaro
1064 2568 1074 2583 ‚
1099 2545 1192 2578 haud-

304 2606 454 2639 'quaquam
479 2596 591 2638 Christi
619 2600 675 2630 Dei
686 2605 788 2639 corpus
800 2596 974 2638 appellant,
1000 2600 1045 2631 utt'
1056 2594 1191 2636 christus

304 2646 367 2690 ipse
391 2649 472 2680 dixit
486 2672 495 2688 ‚
518 2646 577 2691 sed
596 2650 765 2680 Deitatem.

354 2697 573 2741 Halicarnasii
586 2697 620 2731 in
635 2697 730 2732 Caria
754 2696 936 2740 Episcopus
956 2695 1128 2740 Julianus&
1152 2707 1190 2730 ac

305 2757 414 2780 caetera
454 2747 667 2789 Eutychianae
705 2747 831 2790 Hydrae
856 2747 962 2790 capita
989 2757 1057 2780 non
1087 2744 1188 2783 seiam

305 2797 444 2841 figuram
470 2797 680 2839 praedicarunt
703 2797 737 2831 in
765 2796 990 2837 Euchariffia,
1019 2797 1070 2830 sed
1085 2796 1190 2830 omni-

305 2846 351 2880 πὸ
371 2847 471 2880 etiam
499 2846 666 2880 veritatem
692 2872 700 2887 2
735 2846 783 2880 Ita
822 2848 1006 2881 audivimus
1032 2847 1122 2888 supr&
1149 2846 1190 2881 ab

308 2895 483 2930 Anastasio
507 2896 630 2936 Sinaita
646 2921 653 2928 .
680 2897 728 2931 At
751 2897 919 2931 veritatem
941 2897 1067 2938 deviam
1090 2897 1188 2930 &fal-
1211 2908 1213 2911 ·

305 2948 390 2980 firm.
417 2946 537 2979 Talem
563 2956 694 2979 carnem
719 2946 865 2981 &talem
876 2949 1069 2991 sanguinem
1082 2948 1188 2981 cense-

305 2996 385 3031 bant
409 2997 442 3030 in
468 2996 680 3034 Sacramento
697 3020 707 3035 ,
733 2996 864 3039 qualem
885 2996 1106 3031 credebantiu
1119 2997 1188 3030 visi-

308 3046 366 3080 bili
404 3046 545 3081 Domini
572 3046 735 3089 supposito
757 3071 765 3078 .
805 3046 848 3080 Et
872 3048 948 3088 quia
972 3047 1120 3082 Armenii
1147 3058 1185 3081 ac

302 3098 358 3130 aiii
386 3096 560 3140 julianistas
584 3097 617 3130 in
632 3097 761 3130 sedente
773 3096 812 3130 ad
826 3097 891 3131 Dei
905 3097 1008 3132 Patris
1020 3098 1186 3132 dexteram

305 3146 440 3181 Christo
466 3146 590 3181 nullam
610 3147 751 3190 amplius
761 3157 891 3181 carnem
905 3157 959 3181 aut
972 3148 1185 3192 sanguinem,

303 3196 357 3229 sed
378 3196 559 3232 delirabant
583 3198 685 3232 solam
721 3197 874 3239 superesse
902 3198 1071 3232 Deitatem
1092 3221 1104 3238 ,
1139 3197 1185 3231 ita

304 3245 339 3278 ὅ(
367 3244 450 3280 hanc
478 3248 576 3281 solam
599 3246 782 3283 delirabant
805 3246 839 3280 in
864 3247 1074 3282 Sacramenta
1095 3272 1102 3279 .
1141 3247 1185 3281 Et

303 3293 436 3338 quidem
457 3296 580 3339 Hydrae
603 3298 791 3340 Principem
818 3321 830 3338 ‚
864 3295 1053 3341 imperitum
1075 3298 1184 3332 senem

304 3343 526 3387 Eutychetem
540 3371 551 3385 ,
579 3346 682 3382 hocce
701 3346 815 3392 gladio
841 3349 1005 3391 aggressus
1024 3347 1086 3389 fuit
1112 3347 1187 3381 Ma-

302 3404 388 3452 gnus
409 3394 498 3440 Papa
517 3396 607 3439 Leo.
634 3397 711 3443 Ejus
735 3397 931 3443 imperitiam
953 3397 997 3437 ab
1007 3397 1183 3453 ipsigetiain

1288 448 1457 473 eramento
1483 439 1625 475 adstruat
1647 465 1658 481 ,
1694 442 1799 475 asserit
1824 444 1887 477 effe
1912 444 2093 480 nefandum
2129 459 2168 482 ac

1286 487 1508 523 detestabilem
1530 490 1617 534 apud
1641 501 1758 525 omnes
1768 489 1998 536 Christianos,
2024 493 2168 540 ideoque

1287 539 1320 572 ἀ
1342 537 1527 582 hujusmodi
1551 541 1614 575 esse
1636 539 1730 575 illum
1749 566 1760 582 ‚
1797 542 1852 585 qui
1874 543 1974 579 talem
1999 542 2166 581 Christum

1286 587 1343 622 fibi
1366 589 1471 635 fingat
1491 592 1526 624 in
1552 591 1656 625 coelo.

1334 638 1463 679 Eodem
1490 651 1688 686 argumento
1712 642 1847 677 Sanetus
1868 643 2017 688 Cyrillus
2039 645 2165 681 invadit

1284 687 1495 725 Nestorium.
1523 691 1740 727 Dominicam
1761 692 1795 726 in
1821 693 2021 731 Eucharistia
2032 707 2165 732 carnem

1282 739 1421 774 affirmat
1439 740 1557 776 debere
1577 743 1642 775 effe
1664 740 1908 778 vivificatricem
1928 769 1938 786 ,
1964 756 2003 780 ac
2029 746 2165 781 immor-

1283 789 1418 825 talitatis
1437 791 1471 831 ὃς
1492 791 1809 836 incorruptibilitatis
1820 793 2024 831 donatricem
2037 820 2050 838 ‚
2074 795 2163 831 ideo·

1279 849 1343 882 que
1361 852 1430 875 non
1452 841 1540 885 posse
1558 842 1620 876 effi:
1640 843 1828 878 communis
1845 845 1899 879 seu
1909 845 1979 889 puri
1993 845 2162 888 hominis,

1281 889 1332 924 sed
1354 890 1527 926 necessari&
1548 892 1610 927 esse
1631 892 1871 928 Dei-Hominis
1892 920 1903 936 ,
1941 896 2088 931 hominis
2114 898 2163 930 as·

1280 940 1398 982 sumpti
1421 941 1457 974 in
1479 942 1640 976 Divinam
1652 943 1718 979 Dei
1732 941 1835 978 Verbi
1847 946 2035 988 personam.
2064 946 2159 981 Hinc

1278 988 1376 1024 infert
1397 989 1557 1033 ejusmodi
1579 990 1751 1028 hominem
1761 995 1854 1029 fuiffe
1865 1006 1923 1039 pro
1935 997 2030 1030 nobis
2044 1007 2158 1035 natum

1277 1049 1318 1072 ex
1344 1038 1484 1087 Virgine
1511 1065 1523 1082 ‚
1558 1039 1594 1075 in
1615 1052 1709 1077 cruce
1736 1045 1858 1087 passum
1879 1070 1890 1086 ,
1930 1046 2108 1081 excitatum
2137 1046 2157 1081 ὲ

1277 1089 1414 1123 mortuis
1431 1113 1443 1132 ‚
1484 1091 1519 1125 ἀ
1542 1089 1607 1134 jam
1634 1091 1742 1127 sedere
1765 1092 1806 1127 ad
1827 1095 1992 1129 dexteram
2030 1096 2158 1131 Pati-ie*

1277 1139 1359 1186 Qiae
1384 1140 1498 1175 omnia
1523 1141 1693 1186 insigniter
1712 1142 1893 1193 confirmati
1905 1146 1993 1180 aliud
2019 1147 2087 1189 ejus
2113 1146 2155 1182 ad

1275 1189 1419 1224 Nestorii
1444 1191 1570 1226 Asserta
1583 1191 1808 1234 Responsum.
1836 1194 1938 1240 Quod
1951 1195 1984 1228 in
2001 1196 2155 1231 Euchari-

1276 1238 1332 1272 stia
1355 1251 1422 1275 uon
1448 1240 1590 1279 Domini
1606 1241 1854 1283 Divinitatem,
1882 1245 1934 1278 sed
1959 1245 2061 1279 solam
2089 1258 2156 1280 car·

1274 1299 1347 1323 nem
1369 1290 1605 1331 manducemus
1626 1313 1637 1331 ‚
1661 1293 1775 1326 multis
1803 1293 1935 1328 blaterat
1959 1295 2155 1336 Nestorius,

1270 1339 1303 1372 &
1327 1340 1452 1372 firmare
1470 1350 1574 1374 tentat
1596 1351 1636 1374 ex
1658 1343 1779 1375 carnali
1804 1343 2095 1386 Capharnaitarum
2107 1357 2155 1380 er·

1272 1399 1363 1422 rore:
1391 1389 1551 1424 Verborum
1572 1389 1784 1433 sublimitatem
1807 1404 1862 1424 non
1874 1395 2004 1426 tulerunt
2016 1395 2154 1437 caphae

1271 1444 1361 1473 naitae
1387 1464 1397 1480 ,
1433 1450 1470 1472 ex
1508 1439 1627 1484 inscitia
1661 1443 1811 1484 putabant
1838 1446 1998 1477 Dominum
2027 1443 2152 1487 fitadere

1269 1490 1567 1534 antropopbagiam„
1583 1491 1734 1526 Affirmar
1761 1492 1884 1526 nullam
1913 1495 2153 1536 manducanda

1269 1538 1465 1575 Divinitatis
1490 1542 1705 1584 suspicionem
1728 1541 1957 1586 Capharnaitis
1978 1545 2152 1586 incidisse,

1266 1587 1406 1633 ideoque
1431 1591 1481 1625 isti
1505 1593 1751 1626 manducationi
1773 1593 1900 1628 nullum
1921 1593 2151 1630 &Dominicis

1265 1640 1371 1674 verbis
1398 1643 1460 1675 esic
1485 1642 1738 1676 fundamentum
1764 1654 1820 1676 aut
1847 1644 2034 1679 fomentum
2057 1671 2065 1678 .
2105 1645 2151 1681 Et

1266 1690 1413 1732 Cyrillus
1437 1692 1607 1733 respondet
1628 1704 1655 1724 τ’
1681 1697 1773 1735 Atqui
1796 1705 1832 1727 ea
1851 1704 1897 1730 res
1924 1696 2061 1738 quomodo
2088 1706 2148 1729 non

1263 1749 1344 1773 certa
1358 1739 1396 1781 fit
1421 1741 1656 1786 antropophagia
1680 1742 1696 1774 ?
1722 1746 1791 1786 ‚Quo
1817 1746 1889 1777 verb
1914 1747 1998 1778 modo
2018 1743 2148 1787 sublime

1262 1789 1360 1823 adhuc
1379 1798 1436 1824 erit
1458 1792 1538 1826 illud
1559 1793 1720 1832 mysterium
1743 1817 1754 1833 ,
1776 1793 1801 1834 fi
1821 1804 1878 1827 non
1904 1794 2000 1838 ipsum
2019 1805 2055 1828 ex
2082 1798 2146 1839 Deo

1263 1843 1356 1874 Patre
1379 1842 1507 1875 Verbum
1526 1844 1577 1886 effe
1607 1845 1719 1887 mtffum
1737 1845 1900 1878 dixerimus
1914 1870 1925 1886 ‚
1952 1847 1986 1880 U
2011 1846 2147 1885 miffionis

1261 1891 1376 1924 modurn
1398 1892 1511 1934 confeffl
1524 1893 1675 1935 fuerimus
1700 1895 1752 1937 effe
1761 1893 1857 1937 ipsam
1870 1894 2143 1930 humanationem?

1263 1941 1414 1981 Affirmat
1436 1943 1626 1982 Nestorium
1649 1945 1820 1979 manifeste
1839 1946 1943 1979 altero
1968 1944 2049 1989 pede
2078 1943 2146 1979 labi

1262 1994 1292 2026 in
1320 1994 1367 2027 Ca
1374 1991 1608 2036 pharnaiticam
1619 1996 1768 2030 foveam:
1798 1993 1932 2038 Utpote
1943 1994 2142 2039 quinudum

1261 2044 1430 2078 hominem
1457 2046 1572 2079 sentiat
1596 2047 1630 2080 in
1644 2046 1854 2080 Sacramento
1867 2045 1971 2086 sumi,
1996 2045 2148 2089 >ideoque

1259 2105 1369 2137 puram
1393 2105 1503 2137 putam
1517 2119 1528 2135 ,
1554 2096 1629 2130 licet
1652 2107 1719 2129 non
1745 2094 1904 2128 visibilem
1924 2094 1958 2129 &
1980 2105 2146 2138 apertam,

1259 2154 1370 2178 tamen
1393 2145 1531 2179 velatam
1552 2157 1590 2180 ac
1616 2145 1812 2180 invisibilem
1823 2144 2023 2189 dogmatizet
2034 2154 2144 2184 antroe

1260 2245 1382 2288 auderet
1402 2243 1497 2287 ipsum
1526 2249 1583 2278 Dei
1605 2245 1733 2278 Verbum
1754 2251 1787 2278 in
1796 2250 1924 2286 corporis
1935 2254 2077 2278 naturam
2090 2246 2144 2288 effe

1260 2303 1409 2327 mutatum
1431 2318 1443 2334 ‚
1467 2293 1616 2338 accusaret
1635 2294 1788 2337 quispiam
1810 2318 1821 2335 ‚
1855 2295 1889 2328 et
1909 2296 2031 2336 quidem
2048 2297 2142 2335 jure,

1257 2345 1338 2385 quod
1375 2346 1521 2377 Dominus
1538 2350 1605 2378 'non
1631 2345 1750 2388 dixiffet
1771 2369 1782 2386 ,
1818 2345 2004 2387 cum-corpus
2031 2345 2140 2387 daret,

1257 2396 1384 2435 Accipite
1406 2395 1441 2428 (θ’
1465 2396 1646 2438 manducate
1665 2417 1678 2433 ‚
1714 2403 1776 2432 Hoc
1799 2394 1840 2435 est
1860 2405 1927 2429 mea
1955 2398 2142 2437 Divinitas,

1256 2454 1323 2486 quie
1339 2452 1397 2484 pro
1421 2444 1505 2476 vobis
1523 2445 1710 2489 frangitur-5
1737 2448 1803 2486 Et,
1831 2448 1894 2479 Hoc
1918 2443 1979 2484 est;
1998 2445 2140 2489 ¹nonsati-

1250 2499 1319 2536 guis
1340 2504 1423 2526 meus
1437 2516 1447 2531 ,
1466 2493 1526 2537 scd
1548 2498 1726 2533 Divinitas,
1756 2504 1824 2536 quae
1841 2501 1898 2535 pro
1920 2494 1995 2528 vobi
2013 2495 2139 2536 effundi-

1254 2552 1324 2576 tur.
1350 2547 1443 2576 Nunc
1470 2546 1542 2578 verb
1562 2546 1627 2577 cum
1650 2544 1746 2587 ipsum
1770 2543 1922 2584 Verbum,
1949 2547 2031 2586 quod
2056 2549 2137 2579 Deus

1254 2601 1337 2633 erat,
1359 2600 1518 2634 proprium
1533 2592 1705 2636 fibifecerit
1716 2602 1820 2636 corpus
1830 2602 1935 2628 natum
1945 2606 1982 2628 ex
1993 2590 2115 2629 muliere
2126 2617 2137 2634 ‚

1254 2653 1347 2686 neque
1367 2643 1458 2676 uliam
1480 2652 1534 2676 aut
1553 2643 1758 2687 alterationem
1779 2653 1841 2678 aut,
1853 2649 2045 2678 mutationem
2065 2653 2138 2687 per-

1253 2695 1375 2734 tulerit,
1402 2696 1543 2736 quomodo
1566 2706 1624 2728 non
1644 2706 1762 2737 aequum
1775 2694 1847 2735 fuit
1862 2692 1927 2734 fine.
1934 2695 1990 2728 ullo
2013 2696 2136 2728 menda·

1252 2749 1295 2778 cio
1317 2743 1400 2780 nobis
1426 2746 1540 2786 dicere,
1568 2750 1697 2787 Accipite
1710 2769 1720 2785 ,
1748 2744 1909 2785 comedite,
1937 2748 1997 2777 Hoc
2020 2745 2058 2785 est
2076 2756 2137 2779 cor-

1250 2802 1307 2836 pus
1336 2796 1456 2828 meum?
1483 2796 1560 2827 Cum
1570 2804 1667 2828 autem
1676 2795 1742 2838 effet
1754 2800 1824 2828 vita
1837 2818 1848 2834 ‚
1868 2803 2017 2836 tunquam
2029 2797 2111 2828 Deus
2121 2819 2132 2835 ,

1253 2851 1352 2877 vitam
1370 2842 1459 2885 fimul
1482 2847 1516 2879 Θ
1542 2845 1700 2887 vivificum
1729 2845 1807 2878 illud
1830 2842 1942 2885 effecit.
1971 2844 2035 2878 Dei
2063 2855 2135 2878 ver-

1254 2893 1332 2929 bum
1345 2896 1406 2928 ess'e
1427 2905 1589 2930 mutatum
1610 2896 1644 2928 in
1667 2905 1796 2929 carnem
1818 2892 1973 2934 dixerunt
1999 2893 2134 2937 quidam

1254 2938 1511 2988 Apollinarissae.
1542 2946 1644 2993 Qod
1672 2956 1780 2980 tamen
1800 2943 1838 2978 in
1849 2941 2051 2988 Eucharistia
2063 2956 2138 2979 nort

1251 3004 1322 3032 vera
1349 3006 1425 3030 caro
1447 3020 1457 3036 ‚
1483 2993 1634 3040 search
1661 2994 1913 3029 manducaretur
1939 2994 2110 3030 Divinitas
2121 3019 2139 3040 ,-

1251 3044 1404 3080 videntur
1427 3057 1494 3080 non
1516 3043 1680 3080 blateraffe
1696 3057 1704 3076 :
1718 3042 1900 3077 Videntur-
1921 3043 2063 3079 timuisse
2089 3046 2133 3079 la*-

1252 3094 1344 3137 pides
1363 3094 1467 3131 fidelis
1487 3094 1620 3138 populi,
1648 3095 1705 3138 qui
1728 3103 1871 3128 carnem?
1884 3094 1903 3128 ὲ
1916 3092 2031 3129 seillic
2043 3105 2133 3132 man-

1250 3144 1362 3187 ducari
1373 3145 1517 3180 audierat
1528 3145 1651 3188 semper
1662 3146 1697 3178 in
1713 3143 1856 3178 Ecclesia
1868 3168 1879 3185 ‚
1899 3144 1933 3178 &
1943 3144 2131 3181 constanter

1250 3194 1399 3230 credebat
1410 3220 1418 3227 .
1443 3195 1617 3242 Qudquid
1632 3195 1670 3228 sit
1682 3218 1692 3239 ‚
1702 3194 1766 3237 jam
1777 3194 1962 3230 audivimus
1975 3194 2008 3235 id
2021 3193 2131 3238 poste&

1250 3244 1343 3283 fuisse
1362 3258 1404 3279 ex
1429 3245 1562 3279 adverso
1584 3244 1745 3288 principio
1772 3244 1966 3282 blateratum
1990 3245 2009 3279 ἃ
2035 3243 2131 3286 Iulia.

1213 3299 1215 3302 ⁴
1251 3294 1359 3329 nistis.
1389 3296 1441 3329 Ex
1465 3294 1583 3339 quibus
1603 3294 1761 3330 omnibus
1782 3295 1873 3330 vides
1897 3304 2003 3332 veram
2017 3304 2133 3327 actea·

1211 3350 1214 3351 ’
1251 3345 1313 3378 lem
1338 3346 1526 3379 Dominicae
1538 3345 1721 3380 substantiae
1734 3345 1767 3378 iu
1783 3342 1983 3379 Eucharistia
1996 3344 2131 3385 praesen-

1250 3397 1330 3432 tiam
1344 3395 1361 3431 a
1373 3396 1496 3442 cunetis
1506 3404 1588 3434 tuuc
1599 3396 1700 3439 eriam
1709 3392 1880 3437 Haereticis
1890 3392 1982 3436 fuisse
1996 3404 2132 3478 Ξφηεοιε

2023 3453 2081 3483 iter

1261 2194 1478 2238 pophagiam.
1508 2195 1550 2229 Et
1575 2194 1667 2229 infr&-⁴
1680 2196 1803 2240 pergit.
1829 2196 1860 2228 Si
1881 2195 1947 2237 effet
1962 2200 2023 2238 'qui
2045 2196 2143 2230 dicere
2163 2179 2235 2221 cap
2255 2181 2285 2218 7¹
