2352 3756
638 91 935 124 seruitum
971 75 1290 120 ROMANUM
1327 78 1702 129 CoucitlnM.

260 171 368 201 etonem
377 162 416 197 ab
425 172 457 196 eo
469 169 635 205 acciperent
647 186 654 194 .
684 163 827 202 Dataque
852 164 982 192 oratione
994 157 1143 214 respondit

259 221 356 248 omnis
372 214 500 256 populus
513 239 523 254 ,
551 217 659 246 Amen.
687 214 733 243 Et
755 219 834 243 mota
854 208 891 249 est
911 214 1021 242 navit.
1048 208 1138 242 Etin

193 280 195 282 ·
256 275 357 307 opere
366 264 406 298 de
418 265 616 299 Francorum
632 261 738 295 Gestis
748 259 926 295 Aimoinus
937 256 1140 292 Monachus:

78 313 141 346 Lib.
170 325 195 344 ι.
259 315 392 356 Populus
413 318 564 348 Romanus
582 310 812 356 proficiscentem
831 310 973 352 Vigili'um
998 307 1144 351 usquead

74 362 137 391 ‘²9‘
156 366 202 385 ²²·
258 371 369 399 navim
389 363 574 408 prosecutus,
598 361 767 405 postulabat
783 368 817 394 ut
826 358 1055 392 benedic‘lionem
1076 358 1139 391 illis

258 417 363 450 daret.
391 417 464 458 ,Qua
488 414 609 447 tradita·
629 439 639 454 ‚
666 421 745 445 mota
767 409 805 450 est
825 412 918 442 navis
940 433 947 440 .
976 407 1138 464 (Eredebat

257 466 399 509 populus
422 464 588 509 vigilium
610 463 655 497 ab,
675 460 810 496 inimica
831 458 866 491 ὅτ.
888 457 1009 515 crud-eli
1024 458 1138 492 Theo·

256 515 338 549 dora
357 514 608 554 trucidandum,
635 509 892 554 ideoqueipsum
914 507 1059 563 fib¹.J²¹.²²
1076 507 1137 542 effe

257 566 292 598 in
306 563 476 598 extremis.
506 563 548 596 Et
566 563 630 597 hoc
641 562 773 595 firmant
784 559 952 601 sequentia
964 558 1039 591 libri
1050 557 1136 591 Pon·

258 614 391 648 tificalis
412 614 526 648 verba:
551 614 691 646 uidentes
711 613 858 647 Romani,
879 609 960 650 quod
969 617 1051 639 mota
1068 607 1134 665 esset

257 671 351 697 navic
363 689 374 704 ,
395 670 501 706 inqua
515 662 638 706 sedebat
658 661 784 704 Vigiliur
798 682 809 699 ,
835 663 923 699 coepit
939 658 1064 698 populus
1082 669 1134 697 Ja-

257 714 339 748 “lare
353 714 414 756 post
433 724 498 746 eum
518 714 634 754 lapides
647 735 657 751 ,
675 710 771 753 fustes
794 719 859 742 cum
875 707 998 740 calcibus
1012 730 1022 746 ,
1042 707 1076 739 (τ
1087 707 1132 767 diz

257 775 337 804 cere,
366 769 483 796 Fames:
499 770 550 794 tua
572 772 667 795 tecum
683 785 690 792 .
714 759 886 791 Mortalitas
911 765 1022 789 tecum.
1051 758 1132 790 Male

251 812 351 854 fecisti
370 814 517 845 Romanis
538 834 550 850 ‚
569 811 644 843 male
666 813 806 842 invenias
826 829 836 844 ‚
853 805 901 838 ubi
923 807 1017 839 vadis
1029 831 1036 838 .
1064 806 1132 839 Ex·

256 864 354 906 ponit
365 861 517 895 laudatus
536 858 727 895 Monachus
739 871 750 891 .·
771 861 844 895 Non
864 854 985 896 defuere
1001 864 1103 889 tamen
1118 880 1129 896 ,

256 924 327 954 quos
347 911 456 953 injusta
474 909 599 952 expulfio
618 909 740 948 sylverii
760 912 796 940 in
806 907 906 939 odium
926 904 1012 947 ipfius.
1020 910 1130 939 excita-

257 968 307 996 vit
330 986 338 994 .
363 965 402 994 lili
420 961 535 1003 lapides
556 959 615 1001 post
645 959 727 992 illum
747 981 758 998 ,
784 957 836 1004 ve(
851 955 990 998 quaelibet
1008 958 1130 990 telorum

249 1022 362 1056 genera
379 1011 450 1053 fors
471 1010 615 1044 obtulerat
638 1033 649 1049 ,
683 1010 832 1049 jacientes
864 1005 1124 1039 conviciabantur.

252 1060 405 1104 'Populus
425 1071 492 1096 erat
513 1059 678 1094 divisusin
704 1058 787 1091 duas
805 1057 976 1090 {astionem
1001 1056 1094 1090 Hinc
1111 1055 1130 1088 ὲ

255 1111 419 1146 pontifice
441 1136 452 1152 ,
471 1120 568 1155 quem
588 1109 739 1151 deinceps
762 1118 829 1140 non
853 1105 1034 1139 videndum
1057 1117 1130 1140 cen-

253 1161 367 1195 sebant
388 1185 400 1201 ,
421 1162 479 1195 alii
500 1158 720 1203 supplicabant
740 1155 888 1191 benedici
913 1179 922 1196 ,
942 1155 1000 1188 alii
1024 1156 1128 1198 ipsum

252 1221 432 1245 onerarunt
453 1208 755 1244 maledictionibus.
778 1205 833 1240 Ad
845 1204 1007 1240 coelestem
1028 1205 1127 1262 tritam

251 1260 472 1306 migrantibus
499 1260 638 1294 Piorum
669 1256 843 1292 animabus
875 1266 936 1289 nos
957 1280 966 1295 ,
994 1254 1128 1289 Divinae

252 1311 419 1353 Majestati
441 1303 742 1346 commendandos,
765 1306 819 1338 ista
837 1304 1022 1339 humilitate
1042 1316 1128 1338 com-

252 1361 466 1395 mendamus.
492 1359 543 1393 Sic
561 1358 651 1401 supra
673 1355 885 1391 audivimusa
908 1355 1037 1397 Magno
1049 1356 1124 1389 Gre-

252 1411 352 1454 gorio
371 1436 378 1443 .
416 1409 576 1442 Eamdem
608 1408 769 1441 rationem
802 1402 886 1447 apud
909 1403 1126 1437 Guilielrnum

253 1458 576 1493 Malrnesberiensem
610 1458 783 1490 confirmat
818 1456 951 1488 Sanctus
983 1454 1099 1487 Lauxo
1117 1476 1128 1492 ‚

251 1508 348 1542 Prior
369 1509 474 1542 Sancti
488 1507 672 1541 Pancratii.
699 1505 834 1539 Etenim
858 1505 892 1537 in
905 1503 1056 1537 extremis
1076 1502 1127 1537 be-

251 1558 409 1592 nedicens
433 1556 589 1591 omnibus
602 1556 664 1590 suis
689 1553 938 1594 Confratribus,
960 1554 1125 1596 &rogatus

250 1617 287 1641 ut
307 1609 392 1650 apud
413 1610 572 1640 Dominum
587 1630 599 1646 ,
626 1606 670 1638 ad
685 1616 771 1647 quem
793 1603 874 1643 ibat,
900 1614 1000 1637 eorum
1016 1603 1126 1636 'memor

252 1659 318 1700 effer
350 1682 362 1698 ,
397 1665 486 1698 caput
511 1655 682 1689 inclinando
715 1653 907 1696 benigntffime
945 1657 1096 1694 acquievit
1119 1678 1126 1684 .

253 1707 368 1740 Aliam
390 1706 549 1740 rationem
569 1703 705 1740 adduxit
726 1705 926 1737 Fortunatus
949 1701 1130 1745 Episcopus

250 1754 461 1791 Pistavienfis
481 1781 492 1789 .
518 1756 560 1789 Et
583 1755 719 1798 plurima
739 1753 814 1786 sunt
843 1751 1005 1794 ejusmodi
1022 1762 1129 1807 estern-

249 1807 306 1850 pla
324 1831 332 1839 .
354 1805 460 1854 Qod
483 1807 571 1839 enim
583 1804 683 1839 etiam
705 1803 838 1837 Sanctus
851 1801 990 1836 isidorus
1011 1800 1128 1852 Hispa-

247 1856 343 1889 lenfis
354 1854 647 1898 Archiepiscopus,
665 1851 818 1886 Thomas
838 1850 1026 1885 Patriarcha
1039 1850 1131 1884 Con-

246 1905 564 1949 stantinopolitanus
585 1928 596 1944 ,
622 1903 754 1938 Sanctus
781 1900 920 1935 Livinus
951 1900 1130 1935 Flandren·

245 1955 328 1989 {ium
351 1954 553 1999 Apostolus,
578 1954 713 1989 Sanstus
735 1949 935 1985 Godefridus
946 1950 1127 1993 Episcopus

248 2003 501 2045 Ambianenfis,
521 2004 655 2037 Sanstus
666 2001 847 2044 Stephanus
869 2000 1022 2038 Dienfis‚
1045 2000 1122 2033 San-

248 2057 318 2088 Rus
349 2054 544 2087 Laurentius
575 2052 775 2094 Iustinianus
798 2073 814 2089 2
839 2050 973 2083 sanetus
997 2050 1122 2082 Franci-

246 2105 318 2138 scus
337 2127 348 2144 ,
379 2102 501 2146 aliique
523 2101 636 2145 paffim
658 2100 737 2134 boni
761 2099 819 2132 viri
844 2098 902 2132 suo
923 2098 1047 2154 populo
1066 2110 1121 2132 aut

245 2152 380 2187 familiae
414 2153 448 2186 in
470 2150 623 2186 extremis
659 2148 844 2183 solemniter
876 2146 1121 2189 benedixerint,

245 2202 367 2238 docent
392 2201 579 2235 authentica
602 2199 745 2245 ipsorum
761 2199 825 2231 asta
849 2223 856 2230 .
888 2196 1003 2232 Plures
1022 2197 1118 2232 etiam

245 2252 366 2295 scripto
390 2253 448 2285 suo
468 2250 659 2285 testamento
685 2248 876 2298 indiderunt
899 2247 1001 2281 varias
1027 2246 1119 2282 bene·

243 2301 420 2336 dictiones.
441 2301 607 2344 lnfignem
621 2324 633 2340 ,
654 2310 751 2342 quam
774 2299 829 2331 sua
850 2305 954 2330 mater
978 2298 1122 2332 moriens

244 2349 334 2384 dedit
355 2349 509 2385 omnibus
519 2350 582 2384 suis
599 2348 766 2392 prolibus,
787 2346 1048 2381 benedictionem
1066 2358 1120 2381 ex-

243 2400 341 2443 ponit
356 2400 394 2434 in
417 2400 485 2434 vita
497 2399 613 2434 sororis
624 2399 683 2433 suae
694 2399 812 2432 Sanstae
824 2397 978 2430 Macrinae
988 2398 1120 2454 sanstus

243 2449 425 2494 Gregorius
444 2449 628 2493 Episcopus
648 2447 826 2490 Nyflenus.
848 2444 938 2501 Vide
959 2445 1121 2503 &episto-

240 2499 326 2540 lam,
351 2498 450 2541 quam
462 2499 534 2533 fitiae
543 2500 605 2532 suae
614 2498 808 2542 Margaretae
831 2494 1037 2531 novissimam
1048 2496 1119 2530 scri-

240 2550 303 2593 psit
323 2548 453 2592 Martyr
462 2546 613 2582 Thomas
630 2547 749 2582 Morus
761 2571 768 2578 .
1035 2594 1042 2604 .

290 2597 489 2642 Respondeo
507 2595 649 2633 fecundo
670 2621 682 2637 ‚
702 2596 870 2630 solennem
901 2595 934 2630 δε
955 2594 1116 2653 publicam

240 2647 505 2683 benedictionem
518 2646 662 2691 impendi
673 2646 754 2681 olim
766 2645 903 2689 potuisse
923 2645 942 2679 a
954 2645 1027 2679 solis
1041 2645 1116 2689 Epi-

235 2698 344 2742 scopis
368 2723 375 2730 .
412 2697 526 2732 Palam
547 2698 580 2732 id
610 2697 697 2730 lucet
725 2707 766 2729 ex
788 2695 915 2737 Rejenfi
947 2692 1082 2737 Synodo
1105 2720 1111 2727 .

237 2748 319 2782 Haec
327 2748 416 2782 enim
428 2747 639 2782 Armentario
649 2770 659 2787 ,
672 2757 769 2789 quem
782 2745 816 2778 in
832 2744 1025 2779 Ebredunen
1032 2746 1112 2786 sem,

237 2798 471 2833 maritimarum
494 2797 633 2841 Alpium
655 2795 948 2839 Metropolitanam
968 2817 980 2834 ,
999 2793 1115 2841 Cathe-

237 2849 329 2882 dram
355 2848 424 2882 duo
457 2846 563 2881 solum
594 2846 748 2890 Episcopi
780 2844 968 2879 ordinarant
998 2855 1111 2880 contra

237 2897 394 2931 Canones
415 2922 426 2938 ,
447 2898 570 2931 inflixit
592 2896 832 2941 degradationis
849 2904 978 2937 poenam
993 2918 1004 2934 ,
1023 2894 1056 2928 δε
1075 2896 1112 2930 si-

238 2946 309 2981 mul
330 2947 483 2990 impartiit
505 2945 628 2989 aliquid
648 2944 781 2991 gratiae.
812 2944 894 2978 Eam
917 2944 1017 2987 ipsam
1041 2956 1110 2990 gra-

238 2995 340 3035 tiam,
362 3007 461 3039 quam
481 2996 639 3031 conversis
660 2994 956 3029 Novatianenfium
978 2993 1108 3037 Episco-

236 3044 288 3088 pis
306 3045 382 3079 fecit
401 3047 531 3080 octavus
550 3046 670 3080 Canon
693 3045 864 3079 Nicaenus.
891 3044 932 3076 Ei
952 3043 986 3076 in
999 3045 1105 3090 aliqua

235 3104 325 3128 extra
347 3094 439 3129 illam
457 3095 667 3130 Provinciam
687 3091 872 3129 Parochiali
896 3093 1039 3130 Ecclesia
1059 3095 1107 3129 in-

234 3143 334 3177 dulsit
353 3144 467 3178 donati
488 3145 598 3179 locum
617 3143 851 3187 Chorepiscopi
868 3154 943 3177 curn
956 3142 1042 3178 hisce
1053 3146 1106 3179 tri-

235 3193 294 3228 bus
319 3194 518 3237 Episcopalis
537 3194 639 3228 officii
659 3193 883 3228 functionibus
904 3205 911 3224 :
941 3195 1023 3234 Posfit
1043 3196 1103 3237 plc-

60 3234 130 3277 0²1³·
139 3246 167 3275 3·
184 3249 213 3276 4·
232 3245 298 3279 bem
312 3243 369 3286 fibi
388 3237 562 3286 ¹commissam
594 3243 760 3277 benedicere
782 3266 793 3282 ‚
819 3240 986 3285 Neophytos
1005 3245 1103 3286 confir-

233 3307 336 3337 mare,
358 3294 434 3328 &in
450 3293 578 3337 publica
591 3292 735 3327 Ecclesia
745 3292 829 3336 apud
855 3293 1013 3327 Divinam
1031 3294 1102 3329 Ma-

233 3346 378 3391 iestatem
403 3343 598 3387 Apparitura
615 3341 716 3386 sedere
737 3352 807 3377 ante
829 3341 1011 3383 Presbyteros
1031 3368 1039 3377 .
1062 3344 1099 3380 In
1163 3347 1249 3391 Mffa
1282 3346 1330 3388 est*
1354 3373 1360 3379 .

333 3393 444 3436 christ.
460 3396 538 3437 Lupi
548 3397 645 3436 opera
654 3394 743 3426 T.V1.

1141 931 1152 1296 l

1204 157 1279 191 solis
1291 157 1331 191 ad
1343 158 1413 201 ejus
1423 170 1530 195 curam
1545 165 1758 206 spectantibus
1766 167 1847 202 vicis
1858 178 1913 205 aut
1923 171 2018 205 castel
2024 173 2072 216 lis,

1203 207 1237 241 in
1253 208 1502 243 nullacivitate.
1529 212 1910 259 EtadjunxitSynodus:
1939 224 2071 257 Etinter

1203 263 1335 291 minutas
1357 258 1410 291 bas
1431 258 1603 302 discuffiones
1624 264 1658 295 <st
1679 267 1848 306 indefinitas
1875 293 1885 309 ‚
1911 270 2008 313 vtjs'um
2031 273 2070 313 est

1202 314 1280 340 omni
1301 309 1467 348 Presbytero
1483 318 1539 352 per
1550 310 1697 351 famulas
1710 335 1720 351 ‚
1743 322 1796 353 per
1816 328 1899 359 agros
1911 343 1921 359 ,
1943 327 2070 363 perpri-

1202 367 1295 391 vatas
1315 359 1413 392 domos
1438 384 1449 400 ‚
1471 368 1531 402 pro
1553 360 1686 404 defiderio
1700 362 1832 403 fidelium
1849 390 1859 405 ‚
1887 368 2068 407 facultatem

1200 407 1410 443 benedictionis
1433 416 1567 452 aperire,
1592 413 1675 453 quod
1692 413 1922 453 nonnullasjam
1941 421 2069 456 Provin.

1199 463 1259 490 cias
1280 458 1385 492 babere
1400 458 1563 502 succurrit.
1593 465 1669 494 Huic
1686 471 1784 495 autem
1803 468 1893 495 etiam
1915 470 1945 497 tn
1969 472 2068 505 Eccle.

1195 506 1304 547 st‘arum
1329 509 1487 550 Plebibus,
1511 519 1566 552 per
1586 513 1651 544 loca
1659 521 1760 545 tamen
1789 518 1885 555 mogi‘s
1906 517 1998 556 quam
2011 528 2067 561 pen

1197 558 1284 591 urbes
1303 583 1314 599 ,
1340 558 1391 592 hoc
1410 560 1488 593 idem
1508 559 1606 604 visum
1625 561 1664 602 est
1685 562 1873 597 tribuendum
1897 589 1904 596 .
1931 564 2070 603 Benedi-

1196 608 1292 642 cendi
1313 609 1449 643 facultas
1467 612 1568 655 usque
1587 623 1665 645 tunc
1684 623 1751 646 erat
1779 613 1952 658 Episcopis
1968 619 2071 662 usque

1195 657 1280 691 adeo
1312 660 1466 694 reservata
1494 685 1505 702 ,
1540 672 1578 694 ut
1607 661 1790 705 Presbyteri
1823 674 1879 706 per
1907 666 2069 709 familias,

1194 719 1290 752 agros
1309 733 1320 749 ‚
1345 721 1383 743 ac
1400 709 1542 753 priv-atas
1558 709 1677 745 domos
1700 722 1845 746 exercere
1868 714 1967 757 ipsam
1988 727 2069 752 tunc

1193 758 1326 800 quidem
1347 759 1527 802 inciperent
1554 785 1566 802 ,
1599 759 1651 795 sed
1671 762 1763 796 simul
1785 772 1967 806 paterentur
1986 768 2070 802 mul-

1193 816 1260 841 tam
1298 808 1536 853 Episcoporum
1576 811 1866 850 contradistionem
1896 838 1903 845 .
1940 815 2070 862 Nempe

1192 857 1282 899 quod
1306 859 1460 903 Episcopi
1486 861 1518 894 in
1539 857 1624 905 agris
1645 872 1683 896 ac
1703 863 1836 905 privatis
1856 861 2009 900 domibus
2024 879 2070 902 ra-

1191 906 1228 939 ro
1250 917 1436 950 apparerent
1454 935 1464 950 ‚
1494 911 1754 946 benedictionem
1777 913 1796 947 ὲ
1820 914 1883 947 suis
1903 913 2070 959 Presbyte-

1192 956 1233 988 ris
1253 957 1415 999 postulare
1437 965 1534 1004 coepit
1555 962 1735 996 Galliarum
1757 963 1897 1007 populus
1919 979 1926 998 :
1954 967 2070 1010 Coepe-

1191 1015 1267 1039 runt
1287 1007 1320 1040 δί
1341 1006 1524 1051 Presbyteri
1551 1022 1709 1046 attentare
1731 1037 1739 1045 .
1768 1013 1811 1047 Et
1829 1026 1870 1047 ex
1889 1016 2069 1054 rationibus

1191 1054 1257 1090 haec
1283 1057 1437 1100 synodus
1460 1059 1622 1095 inductam
1649 1063 1917 1099 consuetudinem
1941 1067 2070 1102 admisit

1190 1117 1227 1138 ac
1250 1108 1398 1148 probavit
1419 1132 1429 1143 2
1453 1109 1497 1143 Et
1519 1109 1764 1154 Chorepiscopo
1791 1116 2001 1150 Armentario
2020 1117 2070 1150 in-

1189 1153 1286 1190 dulfit
1312 1157 1434 1199 aliquid
1461 1159 1597 1202 amplius
1623 1172 1633 1192 2
1667 1161 1804 1196 Indulsit
1829 1164 1932 1207 ipsum
1967 1166 2069 1201 etiam

1195 1204 1347 1239 Plebibus
1374 1209 1455 1240 intra
1493 1210 1623 1244 suorum
1636 1210 1781 1248 vicorum
1807 1214 1840 1247 &
1862 1215 2069 1251 castellorum

1195 1254 1342 1290 Basilicas
1363 1256 1552 1293 benedicere
1574 1258 1724 1303 publice,
1749 1269 1847 1305 atque
1864 1264 1908 1301 ita
1934 1266 2012 1300 fecit
2026 1272 2071 1299 in-

1184 1304 1324 1346 feriorem
1346 1305 1488 1349 Episcopo
1508 1333 1518 1349 ‚
1548 1310 1719 1349 Presbytero
1738 1310 1919 1355 superiorem
1939 1340 1945 1346 .
1974 1317 2071 1362 Qo-

1191 1354 1273 1388 circa
1297 1365 1377 1389 tunc
1387 1357 1587 1401 Presbyter-is
1597 1360 1794 1397 etiamintra
1819 1364 1888 1398 suas
1912 1364 2071 1401 Eccleiias

1193 1415 1257 1438 non
1273 1404 1388 1439 licebat
1399 1418 1442 1450 po
1449 1409 1526 1449 pulo
1537 1408 1725 1445 benedicere
1739 1436 1746 1444 .

1242 1453 1401 1490 Eamdem
1420 1457 1628 1501 disciplinam
1639 1461 1747 1498 firmat
1759 1461 1958 1507 Agathenfis
1968 1467 2073 1509 Syno-

1190 1502 1266 1536 dus.
1297 1505 1342 1538 Et
1362 1508 1520 1541 nosturna
1548 1509 1707 1544 &diurna
1719 1511 1826 1546 officia
1845 1512 1994 1549 adfirmat
2007 1516 2074 1559 pari

1191 1553 1293 1588 modo
1314 1553 1503 1590 celebranda
1525 1558 1559 1592 &
1572 1557 1613 1593 ab
1635 1560 1805 1604 Episcopis
1825 1563 1859 1596 ὃς
1872 1565 1889 1597 a
1905 1565 2075 1610 Presbyte-

1190 1602 1231 1636 ris
1247 1627 1258 1643 ,
1283 1613 1381 1645 atque
1401 1605 1567 1651 subjungit
1594 1621 1601 1640 :
1628 1613 1675 1644 Et
1696 1611 1786 1644 Plebs
1807 1614 1923 1648 collcc‘la
1947 1622 2075 1650 oratione

1189 1653 1235 1683 ad
1243 1652 1416 1696 vesperam,
1448 1657 1487 1689 ab
1506 1656 1650 1700 Epifiopo
1672 1672 1736 1693 cum
1749 1660 1949 1701 benediHione
1973 1667 2075 1699 dimit-

1191 1708 1292 1734 tatur.
1319 1702 1486 1738 Permittit
1513 1706 1546 1740 id
1567 1707 1637 1741 fieri
1659 1708 1676 1741 a
1696 1711 1768 1743 solo
1794 1712 1960 1758 Episcopo
1976 1738 1985 1747 .
2009 1715 2075 1749 Lu-

1190 1760 1242 1784 cet
1261 1762 1302 1786 ex
1335 1752 1402 1787 alio
1425 1753 1566 1790 Canone
1587 1769 1595 1788 :
1623 1759 1865 1795 Renedtfflonem
1883 1762 1979 1806 super
2007 1767 2075 1798 Ple·
2090 1771 2166 1812 capi
2178 1773 2246 1811 ’μί

1190 1800 1256 1833 bem
1275 1801 1439 1845 tnEcclefia
1441 1804 1574 1845 fundere
1590 1830 1601 1847 ,
1626 1808 1806 1847 Presbyterts
1821 1815 1945 1854 penitus
1969 1827 2028 1849 non
2039 1817 2074 1849 Ιί-

1189 1851 1278 1886 cebit.
1308 1853 1419 1899 Qare
1440 1854 1518 1889 &in
1539 1854 1604 1890 hoc
1625 1858 1788 1894 Canone:
1816 1864 1918 1906 ΜὶΗΪπ
1940 1866 1989 1898 die
2015 1868 2074 1898 Do·
2089 1890 2131 1920 Ca
2161 1890 2164 1895 ,
2226 1891 2229 1895 -

1189 1906 1293 1933 minico
1311 1903 1331 1933 ἃ
1354 1905 1547 1939 Saecularibus
1567 1914 1646 1940 totas
1666 1915 1781 1950 teneri,
1802 1910 1926 1953 speciali
1949 1916 2074 1950 ordina·
2106 1909 2109 1912 ¹
2133 1897 2162 1928 p.
2180 1898 2228 1927 η’

1188 1955 1265 1984 tione
1281 1958 1475 1995 praectpimus
1488 1978 1499 1995 ,
1524 1961 1570 1989 ita
1581 1965 1613 1990 ut
1622 1967 1692 1991 ante
1710 1958 1940 1999 benedtfflonem
1974 1967 2072 2001 sacer-

1189 2001 1268 2033 dotis
1278 2004 1509 2046 egredipopulus
1522 2017 1580 2039 non
1588 2007 1754 2051 praesumat
1765 2036 1772 2043 .
1798 2012 1878 2048 Hoc
1890 2039 1902 2055 ,
1912 2013 2069 2059 inquam,

1189 2049 1223 2082 in
1241 2050 1380 2085 Canone
1406 2061 1472 2087 vox
1496 2079 1506 2095 ,
1531 2058 1672 2090 Sacerdos
1695 2083 1707 2099 ,
1733 2062 1893 2105 accipitur
1918 2077 1977 2108 pro
1996 2067 2069 2100 solo

1188 2098 1369 2144 Episcopo.
1398 2102 1464 2136 Vel
1484 2105 1571 2139 certe
1594 2118 1651 2149 per
1672 2109 1853 2146 Sacerdotis
1873 2113 2068 2152 benedicun-

1189 2158 1262 2182 nem
1288 2149 1485 2196 intelligitur
1503 2154 1659 2197 postrema
1681 2157 1786 2192 Miffae
1807 2160 1953 2197 Collesta
1966 2189 1973 2196 .
2001 2165 2066 2200 Ca-

1189 2209 1308 2233 nonem
1333 2202 1424 2236 enim
1445 2203 1490 2238 ita
1513 2204 1676 2239 intellexit
1697 2208 1898 2246 Walafridus
1923 2213 2061 2249 Strabo:

1185 2249 1337 2282 statutum
1345 2250 1383 2290 est
1395 2253 1596 2295 Aurelianenfi
1613 2258 1741 2290 Concilio
1752 2282 1763 2298 ‚
1789 2267 1823 2292 ut
1839 2264 1967 2305 populus
1989 2274 2061 2301 ante
2078 2270 2154 2310 Cap.
2171 2283 2220 2304 aa.

1186 2298 1410 2334 benedictionem
1431 2303 1594 2337 Sacerdotis
1622 2316 1681 2339 non
1701 2309 1869 2352 egredlatur
1892 2313 1930 2346 de
1951 2317 2057 2358 Mlffa.

1185 2349 1265 2393 ,ραι-
1275 2348 1435 2384 benedictio
1448 2355 1623 2398 intelligitur
1632 2357 1689 2389 illa
1694 2359 1802 2393 ultima
1816 2362 1980 2398 sacerdotis
1995 2377 2061 2399 ora·

1183 2404 1241 2430 tio.
1270 2398 1313 2432 Et
1335 2400 1369 2433 in
1391 2402 1530 2438 secunda
1544 2403 1585 2438 ad
1596 2405 1669 2439 suos
1679 2406 1720 2441 de
1731 2407 1965 2448 Ecctefiasticis
1975 2415 2059 2451 Offi-

1183 2445 1242 2480 ciis
1253 2447 1353 2485 libros
1373 2453 1560 2494 praefatione
1572 2453 1756 2491 Amalarius
1777 2460 1974 2499 Fortunatus
1990 2465 2058 2500 lau-

1182 2496 1239 2551 dat
1264 2498 1457 2541 postremam
1493 2504 1597 2538 Miffae
1623 2505 1802 2543 conectam
1825 2535 1837 2551 ‚
1861 2513 1896 2547 &
1917 2517 2056 2558 exponit

1182 2557 1248 2588 eJus
1267 2548 1430 2585 rationem
1454 2562 1492 2586 ac
1501 2555 1633 2596 scopum
1646 2580 1653 2587 .
1679 2557 1776 2597 Inista
1787 2563 1934 2601 noviffima
1950 2572 2055 2599 oratio-

1182 2606 1219 2629 ne
1240 2596 1417 2633 benedicitur
1432 2604 1575 2644 populus.
1604 2606 1692 2647 ‚Quid
1706 2609 1773 2640 vult
1791 2609 1846 2648 ista
1867 2612 2052 2650 benedifflot

1181 2647 1319 2690 Pugnare
1331 2651 1399 2682 vult
1411 2674 1422 2690 ,
1449 2658 1549 2695 utique
1558 2662 1660 2687 contra
1679 2656 1846 2699 diabolum,
1874 2663 1980 2706 &ejus
1989 2664 2053 2707 insi-

1180 2697 1265 2729 dias.
1292 2698 1374 2744 Quae
1383 2702 1497 2736 onmia
1516 2702 1612 2737 latius
1620 2706 1757 2748 exponit
1778 2709 1811 2742 in
1826 2712 1922 2746 tertio
1944 2713 2027 2749 libro
2042 2739 2050 2747 ·
2069 2726 2139 2763 cap.
2153 2727 2202 2757 ’9.6.

1181 2745 1223 2778 Et
1233 2746 1268 2780 in
1288 2750 1402 2783 animae
1423 2762 1553 2795 gemma
1577 2753 1752 2790 Honorius
1773 2758 2050 2805 Augustodunen-
2072 2775 2115 2799 ²7·

1179 2795 1217 2830 sis
1228 2809 1238 2829 .·
1265 2801 1385 2840 Oratio,
1410 2802 1620 2845 quampostea‚
1636 2804 1746 2849 utique
1757 2809 1828 2852 post
1841 2816 2047 2849 communio·

1178 2855 1253 2878 nem
1263 2858 1338 2882 ante
1346 2849 1393 2884 Ite
1404 2852 1502 2887 Miffa
1512 2852 1578 2893 est,
1603 2854 1765 2899 Episcopus
1785 2860 1858 2893 dicit
1870 2884 1881 2900 ,
1905 2863 1943 2902 est
1961 2864 2045 2898 bene·
2063 2879 2124 2910 Lib,
2152 2890 2178 2913 ι,

1175 2895 1261 2928 dimo
1272 2921 1282 2937 ,
1307 2910 1367 2940 qua
1379 2902 1522 2936 Dominus
1543 2902 1735 2947 adscensurus
1742 2907 1845 2949 fideles
1870 2911 2021 2947 benedixit
2033 2938 2041 2947 .
2060 2928 2127 2958 cap.
2141 2925 2190 2958 65.

1176 2945 1343 2982 EtGuido
1365 2949 1479 2986 Abbas
1491 2951 1713 2998 Micrologus:
1741 2961 1970 2994 communicatio
1987 2972 2040 3004 po-

1169 2997 1234 3037 puli
1245 3005 1341 3039 typum
1355 3007 1436 3042 gerit
1447 3002 1525 3035 illius
1547 3010 1701 3045 convivit,
1727 3010 1806 3048 qaod
1821 3021 1876 3042 non
1882 3009 1971 3052 semel
1982 3016 2038 3046 Do-

1172 3052 1267 3079 minus
1279 3048 1340 3090 post
1351 3049 1690 3095 Resurrecqionemsuam
1700 3066 1765 3088 cum
1777 3057 2038 3105 Difi·ipulisini1ffe

1171 3098 1293 3139 legitur.
1321 3105 1381 3133 Hos
1404 3106 1495 3134 etlam
1509 3102 1572 3144 post
1596 3106 1730 3137 ultimum
1747 3114 1917 3142 convivium
1938 3111 1976 3143 ab
1999 3118 2037 3146 ils
2058 3109 2129 3147 Cssl'·
2143 3120 2178 3143 20

1170 3145 1333 3189 dffcefficrus
1350 3154 1383 3182 in
1404 3152 1505 3184 coelum
1525 3152 1679 3188 benedixit
1702 3167 1708 3185 :
1737 3158 1813 3187 sicut
1839 3159 1872 3191 a&
1894 3162 2034 3195 Sacerdos

2083 248 2156 290 Cap.
2167 253 2199 282 ὑὶ

1163 3198 1303 3238 populum
1322 3209 1385 3239 cum
1397 3207 1524 3235 oratIone
1540 3202 1603 3243 post
1626 3211 1851 3239 communionem
1868 3207 2010 3245 benedicit
2023 3238 2034 3254 ‚

1167 3246 1302 3280 videlicet
1313 3250 1453 3286 cumcito
1465 3251 1632 3295 discessurus
1653 3252 1692 3292 est
1710 3254 1788 3287 abeo
1801 3280 1808 3287 .
1836 3257 2030 3299 Affirmatid

1166 3297 1234 3329 fieri
1261 3297 1331 3340 post
1362 3300 1585 3343 orationem·‚
1618 3313 1687 3343 quae
1715 3303 1834 3339 dicitur
1859 3319 1933 3342 ante
1953 3333 1964 3350 ,
1989 3316 2034 3345 Ite

1401 3352 1459 3384 An
1502 3351 1699 3399 walafridus
1729 3354 1843 3390 Strabo
1871 3381 1883 3399 ,
1911 3370 2034 3395 memo-

1491 3416 1495 3420 ’
1603 3403 1636 3439 Χ
1687 3413 1707 3451 3
1939 3409 1985 3443 ria
