2372 3756
350 121 447 155 210
516 138 537 160 e.

866 107 1509 151 Dissethrr10⁴
1567 147 1569 150 ἵ
1637 94 1681 158 3

281 190 379 226 fistiae
398 189 604 234 Praeffieamm
621 188 798 225 {patribus
809 189 1022 223 miraculum:
1050 183 1154 233 Q0d
1227 183 1424 219 invisibilem
1459 197 1499 221 ac
1529 161 1727 231 spiritualem
1752 189 1927 228 Dominici
1961 197 2106 239 corporis

284 250 400 284 corpus
410 242 445 274 in
456 240 540 274 coelo
551 239 691 275 existens
702 242 806 283 pascat
820 240 942 273 nostras
953 239 1077 272 animas
1090 236 1158 269 exi-

285 290 404 324 fientes
414 291 448 322 in
462 300 542 324 terra
554 313 563 323 .
591 290 775 325 Audiamus
785 291 854 333 ejus
874 287 989 323 verba:
1015 285 1138 330 Obsecro
1149 308 1159 324 ,

286 351 328 372 an
336 350 374 372 ex
397 338 518 382 Physicis
543 341 703 374 didicimus
724 339 874 380 Christum
892 339 1019 381 perinde*
1041 341 1159 370 animas

287 388 421 429 nostrasti
431 391 497 424 coelo
504 388 622 434 pascere
631 402 720 424 carne
729 388 787 432 sua
797 414 808 430 ‚
832 397 921 430 atque
941 395 1063 429 corpora
1077 394 1160 428 pane

289 440 325 472 ό·
337 444 407 472 vino
428 442 575 474 aluntur?
600 442 684 473 Unde
708 439 772 472 haec
793 444 877 471 carni
899 443 1020 477 virtus,
1044 443 1079 468 ut
1097 440 1161 467 anl-

290 500 355 521 mas
368 490 523 532 vivificet?
550 490 745 522 Naturaliter
757 500 814 521 non
833 487 900 530 fier!
921 498 1020 520 omnes
1043 486 1158 518 dicent.

291 544 443 575 Humana
453 545 565 573 rationi
577 537 671 572 nihilo
681 544 775 581 magls
794 538 925 579 placebit
940 543 1098 580 penetrare
1119 534 1164 566 ad

287 603 343 625 *nos
357 591 592 632 Cbrtsltcarnem
605 612 615 628 ‚
642 597 675 621 ut
695 588 775 620 nohis
791 586 831 629 fit
851 588 1042 620 alimentum.
1074 587 1163 616 Dent-

290 653 349 685 que
361 641 492 684 quisquis
504 639 667 672 doctrinam
677 636 801 678 nostram
817 637 983 680 gustaverit
994 659 1006 675 ‚
1030 640 1163 676 captetur

291 698 325 725 in
336 694 564 724 admirationem
584 699 705 722 arcanae
723 691 779 720 Dei
799 692 943 729 potentiae
959 711 966 718 .
993 683 1045 725 Jstt
1066 691 1163 716 autem

290 741 359 774 bom·
368 742 431 780 eJ‘us
446 740 550 773 zelotae
560 739 734 772 miraculum
739 736 795 778 sibt
798 736 960 778 fabricant
969 760 980 776 ‚
1001 745 1057 777 quo
1064 732 1164 777 subla-

289 798 320 822 to
332 787 479 833 evanescit
490 792 570 823 Deus
595 786 653 832 lpse
670 799 735 821 cum
751 785 808 830 sua
822 791 980 828 potentia.
1007 783 1164 819 Praedicat

286 839 358 873 duo
392 839 547 874 miracula
569 863 578 871 .
604 837 720 872 Primo
739 859 751 876 ‚
776 835 864 880 quod
886 834 1069 869 Dominica
1088 845 1164 869 caro

255 931 257 934 Α
289 890 399 934 'pascat
409 891 508 923 etiam
520 889 662 925 animas.
690 884 860 927 Secundo,
879 886 972 929 ⁴qnod
982 886 1049 928 ipsa
1060 885 1094 919 in
1104 895 1166 919 εω-

292 941 326 973 lo
339 940 440 983 posita
454 940 560 983 pascat
571 937 694 971 animas
706 936 863 981 degentes
873 937 909 969 in
919 946 1024 976 terra,
1049 934 1165 979 nempe

287 990 417 1024 animas
428 988 469 1023 ad
482 989 512 1023 se
522 987 686 1032 perfidem
698 984 930 1022 adscendentes
943 1009 951 1018 .
968 985 1072 1033 Qod
1085 985 1163 1030 quid

290 1039 335 1073 est
348 1039 435 1074 aliud
450 1038 547 1084 quam
561 1037 781 1082 impugnata&
795 1036 937 1071 Calvino
956 1036 991 1070 δὲ.
1009 1035 1163 1070 damnata

290 1090 481 1124 Dominicae
491 1089 596 1123 carnis
607 1087 817 1122 manducatio
838 1098 893 1130 per
913 1085 1014 1119 solam
1036 1084 1135 1119 fidem
1147 1086 1164 1118 ἒ

291 1141 340 1174 Ita
353 1138 566 1183 Sophisticis,
592 1138 632 1171 de
657 1137 776 1181 quibus
787 1148 846 1171 nos
867 1136 1016 1176 accusat,
1040 1134 1165 1170 subtili·

291 1190 414 1225 tatibus
425 1188 602 1233 simplicem
615 1187 728 1232 populi
740 1186 838 1221 fidem
849 1185 980 1220 dolosus
1002 1185 1086 1220 Erro
1105 1186 1164 1220 cir-

288 1239 494 1276 cumscribit.
521 1237 755 1272 EtDominica
766 1248 843 1271 caro
854 1259 866 1276 ‚
889 1236 984 1271 sinos
999 1235 1039 1270 ad
1063 1236 1163 1279 ipsam

289 1290 525 1326 adscendamus
542 1290 575 1323 in
586 1288 704 1323 coelum
717 1312 727 1327 ‚
754 1286 925 1331 quomodo
935 1285 975 1319 ad
989 1296 1049 1319 nos
1072 1296 1165 1328 pene-

290 1334 355 1376 t'rat
369 1341 403 1375 in
415 1349 512 1374 terras
523 1340 540 1371 ἒ
567 1337 817 1382 Νεωρὲνῑιὸιιῖα
831 1335 888 1370 fibi
901 1335 956 1378 ipsi
966 1347 1034 1368 non
1062 1335 1163 1369 cohae-

291 1402 338 1426 ret
361 1416 368 1424 .
406 1390 494 1425 Ficta
520 1389 565 1423 est
586 1397 697 1423 contra
721 1386 883 1430 propriam
907 1384 1160 1425 conscientiam,

289 1441 382 1485 cujus
395 1438 568 1475 adversum
581 1439 612 1472 se
623 1438 781 1472 clamores
802 1446 899 1470 nemo
917 1433 1020 1478 potest
1045 1434 1164 1470 exstin-

289 1502 407 1537 guere.
672 1520 675 1524 .

341 1539 505 1574 Unicum.
523 1536 662 1581 proinde
680 1536 800 1578 erroris
825 1534 1077 1570 fundamentum
1098 1534 1140 1569 est
1155 1558 1165 1574 ‚

290 1588 380 1635 quod
387 1588 577 1624 Dominica
587 1598 664 1621 earo
677 1598 743 1621 non
760 1585 854 1630 poffit
865 1585 990 1620 includi
1003 1585 1089 1620 intra
1114 1596 1165 1628 pa-

290 1651 367 1674 nem
379 1640 412 1674 &
425 1639 539 1672 vinum
551 1662 560 1670 .
586 1635 690 1686 Qod
704 1637 762 1670 ista
774 1635 911 1670 inclusio
921 1645 1020 1678 cogat
1042 1645 1097 1669 aut
1124 1635 1164 1669 ad

289 1689 510 1725 Dominicum
522 1699 638 1731 corpus
647 1686 884 1721 detrahendum
894 1686 914 1719 ἐ
923 1685 1010 1718 coelo
1023 1708 1033 1724 ,
1059 1692 1116 1718 aut
1125 1684 1165 1718 ad

290 1740 395 1785 ipsum
407 1737 598 1773 donandum
611 1736 738 1770 infinita
749 1737 782 1769 ὃ(
793 1735 989 1777 ubiquitaria
1008 1734 1165 1768 extensio-

290 1802 333 1825 ne
345 1814 355 1830 ‚
381 1798 436 1823 aut
446 1787 486 1822 ad
500 1785 691 1831 ponendum
707 1785 739 1819 in
751 1785 898 1828 plurimis
908 1783 1054 1818 discretis
1067 1784 1147 1817 locis
1159 1807 1167 1815 .

290 1843 370 1875 Duo
384 1839 557 1882 posteriora
571 1835 777 1880 impoffibilia
790 1859 799 1875 ‚
828 1834 969 1876 primum
978 1834 1087 1867 censet
1098 1833 1167 1867 Do-

291 1890 405 1924 minici
427 1888 574 1932 corporis
596 1887 709 1931 gloriae
729 1883 896 1919 adversum
917 1909 923 1915 .
952 1883 1164 1918 Dominicam

292 1940 350 1974 sub
364 1947 445 1983 pane
455 1950 492 1972 ac
508 1938 588 1972 vino
600 1935 808 1971 existentiam
817 1934 908 1968 varie
926 1933 1164 1968 calumniatur.

292 1991 446 2026 Affirmat
456 1987 678 2023 Dominicum
690 1996 806 2028 corpus
817 1996 872 2028 per
887 1994 946 2018 nos
956 1983 1047 2027 adfigi
1057 1983 1166 2017 albedi-

293 2046 342 2081 ni,
371 2049 403 2073 ut
409 2039 464 2082 sub
477 2036 542 2081 ipsa
553 2038 645 2070 lateat
660 2037 695 2070 (θ’
718 2041 866 2077 operiatur
879 2059 886 2066 .
914 2034 957 2068 Et
974 2033 1145 2068 concludit
1161 2046 1168 2065 ε

294 2092 425 2125 Proinde
439 2089 488 2121 hoc
510 2095 541 2120 r'n
563 2088 684 2119 Summa
701 2084 868 2126 proftc‘lum
892 2084 1031 2117 videmus
1053 2083 1107 2123 ista
1125 2088 1167 2116 tn-

179 2020 274 2054 N-t3.

289 2137 409 2185 geniosa
430 2137 601 2181 subtilitate
624 2159 634 2174 ,
659 2144 693 2167 ut
714 2140 807 2175 panis
827 2142 883 2174 pro
907 2136 968 2166 Deo
991 2132 1168 2167 haberetur.

249 2195 251 2197 ’
294 2191 356 2225 Ait
369 2188 458 2232 quod
474 2187 573 2225 localis
584 2183 754 2228 praesenttae
769 2182 925 2216 Architecti
935 2193 1051 2225 corpus
1071 2182 1166 2217 Chri-

295 2241 334 2274 sti
358 2239 543 2273 substantiae
565 2235 658 2280 panis
682 2233 892 2278 permisceant
916 2246 923 2265 :
960 2232 1063 2280 Qod
1084 2232 1167 2266 Chrt-

289 2290 329 2331 stt
341 2298 444 2331 corpus
458 2299 540 2330 pane
551 2285 719 2319 includant
732 2296 738 2315 :
766 2283 984 2330 Qod-ipsitm
996 2284 1073 2326 pani
1083 2284 1159 2316 melu

184 2326 224 2355 N·
238 2334 278 2359 15·
298 2342 374 2374 dant
388 2364 397 2378 ‚
424 2337 550 2382 infigant
563 2361 574 2376 ‚
601 2332 856 2377 circumstabant.
884 2332 1083 2376 Respondeo
1104 2331 1170 2366 haec

186 2368 279 2401 Nm
296 2390 412 2424 omnia
423 2387 486 2423 effe
496 2384 624 2421 abunde
637 2385 668 2418 in
680 2383 894 2427 superioribus
904 2382 1071 2426 expedita.
1104 2381 1171 2416 Ad-

297 2441 373 2475 dere
386 2450 496 2473 tamen
521 2437 602 2470 volo
625 2435 785 2479 insignem
807 2432 917 2468 locum
941 2432 1097 2476 publicati
1119 2444 1172 2476 per

301 2489 457 2534 Iacobum
483 2488 672 2522 Gretzerum
693 2483 862 2516 Anastasis
878 2483 1026 2517 Sinaitae.
1059 2482 1174 2517 Domi·

300 2541 414 2575 micum
427 2549 542 2582 corpus
554 2547 630 2571 ante
650 2533 827 2579 passionem
849 2533 942 2567 fuisse
965 2532 1174 2576 corruptibile

302 2590 508 2627 &mortale,
533 2586 602 2631 post
625 2583 890 2620 resurrefflonem
912 2583 975 2616 effe
992 2582 1175 2617 immortale

303 2654 401 2687 atque
422 2636 669 2682 incorruptibile
682 2636 713 2669 ὅ(
726 2635 868 2667 multum
890 2633 1020 2667 diversis
1042 2633 1177 2677 qualita-

306 2693 393 2727 tibus
404 2700 554 2725 ornatum
566 2687 764 2722 demonstrat
775 2684 941 2728 insigniter
952 2707 964 2724 ‚
990 2694 1088 2727 atque
1109 2694 1179 2726 pro-

307 2743 474 2785 sequitur:
505 2742 649 2771 Dominus
665 2745 736 2768 ante
744 2736 897 2776 paffionem
919 2744 1070 2776 nunquam
1096 2732 1180 2776 visus

309 2791 347 2832 est
359 2789 522 2831 indiverfis
543 2789 611 2821 Iocis
624 2810 634 2826 ,
659 2784 776 2825 tametfi
786 2794 903 2827 poterat
916 2808 927 2824 ,
953 2795 990 2817 ne
1009 2789 1100 2818 inane
1116 2782 1180 2827 spe-

310 2842 405 2875 c‘lrum
428 2851 461 2872 ac
479 2835 662 2880 phantasma
678 2834 859 2878 censeretur,
881 2835 939 2878 sed
957 2839 1101 2867 commum·
1122 2845 1181 2867 cor-

200 2907 236 2936 Ν4
250 2914 279 2941 ²3
310 2901 414 2935 potum
437 2900 514 2922 more
540 2890 575 2921 de
598 2890 654 2920 loco
674 2885 845 2918 movebatur
864 2886 908 2917 ad
925 2886 1016 2918 Iocum
1032 2910 1040 2917 .
1067 2888 1107 2917 At
1121 2881 1181 2926 post

314 2939 554 2985 refitsct'tationem
579 2948 616 2969 ex
642 2941 765 2968 mortuis
790 2959 799 2974 ,
838 2943 952 2976 corpore
970 2936 1042 2975 jam
1067 2936 1179 2979 agilita-

316 3003 366 3031 te,
392 2995 558 3028 tenuitate,
585 2989 619 3020 (θ’
644 2984 921 3025 incorruptibilitate
937 2986 1091 3027 praedtto,
1120 2983 1183 3027 abs-

316 3054 371 3085 que
396 3042 454 3074 ullo
478 3038 615 3079 obstaculo
636 3041 734 3077 potuit
770 3037 804 3067 (vt
825 3033 916 3076 clausit
937 3033 1087 3077 sepulchro
1108 3030 1189 3077 egre-¹

319 3095 350 3125 dt
375 3116 383 3131 ,
421 3093 454 3124 (9¹
479 3097 533 3131 per
559 3084 674 3129 clausas
688 3087 804 3125 januas
826 3086 940 3128 ingredi
965 3097 977 3118 .·
1013 3087 1059 3117 Et
1082 3085 1184 3118 eadem

318 3142 390 3174 hora
414 3141 491 3173 illius
517 3139 597 3178 diei,
623 3147 677 3178 quo
691 3133 848 3177 surrexit,
874 3135 938 3167 cum
947 3135 1016 3174 jam
1021 3133 1086 3177 sera
1097 3134 1161 3177 effet
1174 3156 1185 3173 ‚

323 3189 516 3232 Ialterofolqu,²
540 3190 574 3222 a&
595 3184 755 3229 Discipulis
776 3184 911 3217 euntibus
931 3191 963 3217 in
977 3187 1120 3217 Emmaus
1134 3191 1184 3224 ap·

318 3244 422 3283 paruit
441 3263 447 3268 .
474 3242 505 3272 51·
527 3247 625 3270 autem
647 3235 685 3268 ab
708 3231 771 3277 ipso
789 3239 905 3267 unionis
929 3237 1048 3268 exordio
1063 3234 1183 3275 prorsui

323 3298 389 3323 erat
412 3286 639 3330 incorruptibilt's
650 3309 661 3325 ,
686 3296 736 3317 cur
757 3295 813 3316 non
833 3290 925 3318 etiam
946 3292 1016 3317 ante
1033 3284 1187 3326 paffionem

322 3341 401 3372 omni
417 3343 499 3369 carm·
537 3338 638 3369 eadem
661 3334 732 3367 hora
753 3340 785 3366 in
803 3333 923 3375 diversis
945 3335 1013 3367 locis
1036 3358 1046 3373 ,
1074 3333 1188 3375 formis

1223 235 1258 268 in
1272 233 1426 276 mysterio
1437 235 1646 279 existentitus
1655 239 1842 282 persuadeat
1854 241 2084 286 impossibilem
2093 270 2105 287 ‚

1224 284 1386 328 sepulchri
1408 286 1550 331 lapidem
1575 288 1611 321 ἀ
1622 289 1745 322 clausas
1757 288 1870 332 januas
1879 302 1980 337 negat
1991 295 2014 328 a
2024 297 2106 330 refu.

1223 336 1339 371 scitato
1363 338 1514 372 Domino
1539 338 1632 372 fuine
1651 348 1835 382 penetrata.
1862 339 1907 374 Et
1917 353 2034 387 negare
2053 346 2107 381 de-

1224 387 1281 422 bet
1298 412 1305 418 .
1333 386 1467 423 Etenim
1479 387 1548 431 ejus
1561 389 1697 430 unicum
1708 389 1856 425 adversus
1867 385 2106 431 Eucharistiae

1225 436 1476 472 fundamentum
1499 437 1623 476 est;ista
1647 439 1887 483 impoffibilittts
1907 466 1915 474 .
1944 442 1988 477 Et
2006 443 2106 485 ipsam

1227 488 1376 522 laudatus
1398 487 1586 523 Anastasius
1610 489 1719 523 lucide*
1754 501 1792 524 ac
1813 490 1940 526 fortiter
1970 493 2105 527 evertit.

1229 538 1303 572 Nec
1322 539 1363 572 de
1386 539 1464 577 suo,
1491 539 1543 573 sed
1563 550 1605 572 ex
1617 540 1767 573 unanimi
1790 543 1942 576 omnium
1953 541 2109 578 Christia-

1228 598 1347 623 norum
1368 611 1378 628 ‚
1408 589 1508 622 etiam
1529 598 1615 623 tunc>
1631 590 1843 634 grassantium
1867 592 2107 627 Haereticorum

1228 639 1320 673 sensu
1342 638 1386 672 est
1407 638 1555 673 locutus.
1583 638 1627 673 Et
1648 639 1739 683 quod
1760 639 1942 685 gloriosum
1965 640 2107 677 Domini

1228 700 1345 733 corpus
1356 688 1455 722 etiam
1469 688 1503 722 in
1522 689 1717 724 consecratis
1741 701 1796 734 per
1807 690 1946 734 plurima
1957 693 2107 735 quotidie

1229 740 1341 774 altaria
1360 738 1529 773 elementis
1553 738 1670 774 doceat
1683 740 1825 784 replicari
1838 733 1921 782 sest
1942 742 2033 786 supra
2054 742 2108 778 de-

1229 789 1462 824 monstratum.
1491 788 1593 834 Qod
1606 790 1710 834 ipsum
1721 791 1756 824 in
1770 789 1966 826 authenticis
1975 790 2016 826 de
2026 803 2110 827 tem-

1229 849 1308 883 pore
1332 838 1534 874 sermonibus
1552 839 1650 874 docet
1660 840 1794 875 Sanctus
1811 841 2016 886 Augustinus
2034 867 2041 874 .
2068 841 2106 876 In
2123 845 2179 875 Ser.
2190 853 2256 879 1⁴0.

1231 890 1434 924 Emmauntis
1452 898 1546 926 coena
1555 889 1694 925 affirmat
1712 891 1731 924 ὲ
1754 890 1906 925 Domino
1925 892 2017 927 fluisse
2028 904 2107 926 con·
2122 892 2248 924 “im-3·

1229 940 1383 974 secr-atam
1395 964 1405 980 ,
1431 939 1464 973 ὅ(
1476 939 1496 973 ὲ
1506 939 1604 974 nobis
1614 940 1764 985 quotidie
1786 941 1967 975 consecrari
1977 940 2106 977 Eucha-

1229 989 1351 1023 ristiam
1366 1013 1376 1029 ,
1402 991 1435 1023 δε
1445 987 1592 1034 adjungit
1603 990 1770 1025 adomnes
1781 990 2001 1026 Christianos:
2029 995 2107 1025 Con-

1225 1038 1336 1084 fhletur
1347 1038 1591 1080 refraaertopants
1602 1063 1610 1071 .
1639 1037 1780 1081 Absenttae
1791 1044 1911 1074 Domini
1930 1052 1987 1075 non
2007 1040 2045 1082 est
2057 1041 2106 1075 ab·

1224 1088 1324 1133 sentia
1333 1114 1341 1122 .
1370 1089 1479 1122 Habeto
1487 1088 1582 1131 fidem
1594 1111 1606 1128 ,
1627 1089 1665 1122 Θ
1674 1097 1771 1122 tecum
1780 1090 1915 1134 est'quem
1924 1103 1984 1125 non
1995 1093 2083 1125 vides
2095 1116 2102 1124 .

1230 1139 1354 1184 utique
1373 1139 1522 1173 occultus
1548 1138 1582 1172 ἀ
1602 1149 1733 1183 opertus
1752 1138 1810 1173 sub
1829 1141 2022 1179 consecratis
2043 1141 2106 1175 ele-

1232 1189 1367 1225 mentis.
1393 1190 1441 1224 Ita
1466 1188 1535 1223 illic
1547 1187 1754 1234 Augustinus
1776 1189 1940 1233 see-ipsum
1961 1188 2104 1234 pluribus

1230 1239 1386 1284 exponit.
1412 1238 1516 1286 Qiod
1540 1239 1645 1281 ipsum
1667 1238 1777 1273 lucide
1796 1239 1893 1274 tradit
1915 1239 2107 1275 insecundo

1233 1291 1374 1323 sermone
1385 1288 1425 1322 de
1437 1287 1540 1322 verbis
1550 1287 1705 1331 Apostoli
1717 1312 1729 1329 ,
1754 1289 1788 1323 δι
1800 1289 1834 1323 in
1847 1287 1962 1324 habito
1972 1300 2048 1324 ante
2060 1289 2108 1323 al-

1230 1350 1297 1374 tare
1308 1338 1348 1372 ad
1360 1335 1558 1382 Neophytos
1565 1335 1714 1373 sermone
1725 1360 1736 1377 ,
1761 1348 1859 1379 quem
1871 1338 1966 1373 nobis
1977 1339 2011 1373 in
2024 1339 2107 1373 libro

1230 1389 1270 1422 de
1279 1388 1447 1431 Baptismo
1457 1384 1631 1431 AEhtiopis
1642 1385 1818 1421 custodivit
1829 1387 2109 1433 sanetusFulgeu.

1230 1436 1295 1474 tius'
1304 1462 1312 1470 .
1340 1438 1382 1472 Et
1395 1439 1429 1471 in
1444 1437 1559 1472 litteris
1569 1434 1608 1470 ad
1620 1436 1815 1471 Anatolium
1829 1436 2108 1481 Constantinopo-

1232 1490 1369 1522 litanum
1382 1487 1581 1531 Episcopum
1603 1487 1740 1523 Sanetus
1752 1486 1822 1521 Leo
1836 1487 1982 1532 Magnus
2002 1487 2107 1522 osten-

1230 1540 1396 1583 ditveram
1421 1537 1454 1572 ἀ
1467 1535 1879 1572 nobiscbnsubstantialem
1888 1548 2018 1572 carnem
2029 1538 2107 1572 fuis-

1232 1591 1262 1622 se
1285 1586 1466 1623 Mediatori
1492 1586 1719 1626 necessariam,
1743 1586 1779 1621 ἀ
1804 1586 1927 1632 pergit:
1954 1589 2048 1622 Altter
2071 1593 2105 1621 tn
2122 1611 2218 1645 59-40·

1230 1637 1356 1680 Ecclefia
1369 1640 1424 1671 Dei
1435 1661 1446 1678 ,
1471 1647 1539 1679 quae
1550 1644 1654 1680 corpus
1669 1635 1707 1676 est
1717 1635 1828 1678 cbrtstt
1838 1662 1849 1678 ‚
1875 1648 1925 1671 nec
1944 1647 2014 1670 rata
2031 1635 2104 1680 fiant
2120 1656 2173 1687 ηρ
2187 1658 2214 1676 2,

1228 1691 1249 1721 5
1250 1689 1399 1730 acerdotta
1412 1712 1422 1728 ,
1450 1698 1499 1719 nec
1510 1697 1586 1719 vera
1610 1684 1756 1730 sacrificia
1768 1710 1780 1727 ,
1805 1685 1861 1726 nifi
1876 1693 1909 1720 tn
1923 1686 2021 1727 nostra
2034 1695 2106 1730 pro,-

1225 1743 1353 1780 prietate
1382 1745 1496 1770 naturae
1508 1747 1599 1769 verus
1621 1747 1673 1769 nos
1686 1735 1828 1777 Pontifex
1851 1737 2032 1778 reconciliet,
2057 1747 2108 1770 ve·

1229 1799 1281 1820 rus
1294 1786 1482 1821 -tmmacalatt
1504 1789 1581 1829 Agnt
1598 1784 1725 1830 sanguis
1736 1787 1892 1820 emundet.
1921 1788 1988 1831 ,Qut
1997 1787 2064 1820 licet
2072 1791 2107 1820 itt

1234 1840 1333 1870 Patrts
1338 1835 1378 1879 fit
1388 1838 1513 1870 dextera
1524 1832 1595 1878 cons
1590 1842 1696 1869 mutus
1705 1860 1717 1876 ‚
1743 1842 1775 1869 tn
1785 1836 1889 1869 eadem
1897 1844 1996 1870 tamen
2006 1847 2106 1877 carne,

1229 1898 1317 1929 quam
1322 1885 1443 1931 sumpfit
1464 1897 1500 1919 ex
1514 1890 1657 1928 Virgine,
1683 1887 1904 1919 sacramentum
1920 1891 2107 1929 propinatio-

1231 1944 1276 1970 nis
1285 1942 1449 1979 exequitur.
1463 1934 1626 1969 Animalis
1637 1935 1794 1969 Calvinus
1805 1935 1960 1979 spiritales
1970 1935 2104 1981 gloriosi

1229 1986 1372 2031 corporis
1383 1986 1474 2020 dotes
1487 1996 1554 2020 non
1566 1984 1725 2019 intellexit
1735 2009 1746 2025 ,
1771 1994 1828 2018 aut
1838 1985 1935 2019 finxit
1957 1987 1975 2020 a
1987 1985 2018 2019 se
2037 1996 2106 2020 non

1233 2036 1393 2080 intelligi.
1420 2036 1465 2070 Et
1475 2034 1561 2069 certe
1572 2045 1648 2068 caro
1665 2035 1699 2068 ὅ(
1712 2035 1839 2078 sanguis
1852 2034 1918 2068 Dei
1927 2035 2104 2080 Regnum,

1232 2088 1279 2121 uti
1292 2085 1448 2129 poffidere
1458 2096 1525 2118 non
1539 2084 1669 2128 possunt
1680 2106 1691 2123 ‚
1703 2084 1747 2118 ita
1758 2094 1818 2118 nec
1829 2084 2019 2129 intelligere.
2031 2083 2108 2118 Por-

1232 2138 1269 2171 ro
1280 2135 1497 2170 Dominicum
1506 2145 1623 2178 corpus
1633 2134 1823 2178 profitemur
1832 2134 1888 2169 sub
1899 2133 2110 2178 mysteriiele·

1231 2186 1350 2221 mentis
1360 2184 1567 2220 contineri&
1576 2185 1719 2227 operiri,
1732 2195 1801 2217 non
1815 2195 1925 2218 tamen
1934 2184 2022 2228 affigi
2038 2207 2048 2223 ,
2060 2183 2107 2217 in-

1233 2235 1390 2276 cludi‚aut
1403 2233 1630 2270 circumscribi.
1643 2232 1841 2275 Huiusmodi
1854 2245 1948 2268 voces
1960 2233 2108 2268 laborant
2146 2271 2148 2277 A

1232 2285 1438 2330 cacophonia
1450 2309 1461 2325 ,
1472 2285 1506 2318 ὅ(
1519 2285 1592 2317 sunt
1604 2283 1762 2317 offenfivae
1773 2282 1898 2327 piarum
1909 2283 2036 2317 aurium
2049 2307 2058 2315 .

1283 2335 1466 2370 Audiamus
1491 2333 1526 2367 &
1545 2332 1635 2368 aliud
1646 2332 1787 2376 palmare
1798 2333 1931 2367 Calvini
1942 2343 2111 2377 argumen-

1234 2398 1305 2421 tum
1318 2411 1325 2417 .
1350 2383 1503 2419 Nostram
1527 2383 1568 2418 de
1582 2382 1763 2417 Dominico
1776 2384 1861 2417 intra
1873 2381 2110 2417 Eucharistiam

1233 2433 1385 2471 invisibili
1408 2444 1542 2476 corpore
1578 2432 1758 2467 doctrinam
1795 2434 1934 2477 exponit
1960 2457 1972 2474 ‚
1997 2433 2109 2467 nescio

1235 2497 1333 2531 quem
1358 2482 1559 2528 paradoxum
1578 2481 1620 2516 de
1642 2483 1759 2517 visibili
1785 2484 1818 2517 ἀ
1840 2482 1948 2517 adhuc
1970 2483 2108 2517 interris

1236 2534 1366 2570 mortali
1386 2543 1520 2577 corpore
1539 2543 1678 2567 errorem
1696 2533 1825 2578 affingit
1837 2533 2027 2577 quibusdam
2038 2533 2109 2566 Do-

1235 2584 1375 2620 &oribus
1407 2581 1604 2617 scholasticis
1624 2606 1636 2622 ,
1662 2593 1758 2626 atque
1786 2584 1993 2627 >prosequitur
2014 2593 2022 2613 ε
2050 2583 2109 2615 Am
2123 2593 2158 2624 N,
2179 2601 2222 2628 17,

1236 2637 1324 2678 paula
1338 2634 1473 2678 argutius
1493 2633 1648 2666 elabuntur
1660 2657 1671 2672 ‚
1695 2641 1796 2675 corpus
1820 2632 1891 2672 boc,
1915 2633 1996 2674 quod
2014 2636 2046 2664 tn
2058 2634 2109 2665 Sa-

1238 2695 1385 2720 cramenta
1407 2685 1496 2716 datur
1521 2707 1532 2724 ‚
1554 2681 1709 2727 gloriosum
1730 2682 1781 2725 effe
1804 2691 1894 2724 atque
1926 2682 2109 2715 immortale.

1240 2742 1342 2778 Itaque
1368 2733 1446 2768 nibil
1467 2733 1517 2776 effe
1542 2731 1684 2776 absurdi,
1703 2732 1734 2774 fi
1749 2733 1886 2773 pluribus
1911 2738 1945 2765 tn
1977 2733 2045 2764 locis
2056 2755 2075 2772 ‚.
2085 2730 2116 2773 fi

1242 2788 1315 2819 nullo
1336 2787 1393 2818 loco
1406 2808 1416 2824 ,
1435 2781 1466 2825 fi
1472 2783 1554 2816 nulla
1568 2782 1672 2824 forma
1685 2806 1695 2821 ,
1715 2780 1772 2825 sub
1785 2784 1971 2815 sacramento
1988 2787 2111 2815 contine-

1241 2848 1308 2869 tur.
1335 2836 1395 2868 Sed
1417 2844 1516 2876 quaero
1539 2857 1550 2873 ‚
1576 2832 1660 2874 quale
1681 2833 1775 2865 dabat
1798 2830 1955 2874 Discipults
1976 2830 2111 2870 Cbrtstus

1238 2888 1337 2928 pridte
1346 2886 1434 2927 quam
1444 2890 1593 2926 pateretur
1605 2882 1622 2914 ἓ
1646 2885 1692 2914 An
1704 2893 1760 2914 non
1772 2883 1865 2915 verba
1870 2880 1982 2927 sopiant
2005 2890 2113 2914 morta-

1240 2939 1266 2969 le
1279 2937 1371 2975 tllud,
1398 2935 1478 2977 quod
1491 2933 1583 2975 paul&
1599 2931 1660 2974 post
1671 2932 1848 2965 tradendum
1862 2941 1947 2972 erat,
1975 2932 2083 2974 dedisse
2094 2931 2113 2962 ,ἶ

1238 2992 1267 3032 J
1271 2999 1320 3021 am
1332 2995 1423 3025 ante,
1448 2988 1609 3025 inquiunt,
1631 2980 1849 3025 gloriamsuam
1869 2982 1966 3015 tribus
1979 2980 2113 3024 Discipu-

1244 3039 1282 3069 lrs
1303 3042 1333 3068 in
1354 3043 1451 3069 monte
1470 3030 1698 3075 conspiciendam
1722 3032 1894 3073 praehuerat
1914 3057 1922 3064 .
1950 3032 2060 3065 Verum
2078 3032 2114 3064 id

1246 3088 1360 3129 quidem
1373 3110 1382 3124 ,
1403 3082 1459 3127 sed
1477 3095 1516 3115 ear
1528 3082 1666 3115 claritate
1681 3082 1798 3125 gustum
1818 3082 2050 3115 immortalitatis
2068 3082 2116 3113 ad

1248 3138 1346 3169 boram
1354 3134 1488 3177 praebere
1508 3133 1568 3164 illis
1581 3133 1692 3166 voluit.
1721 3134 1839 3166 Interea?
1860 3143 1917 3166 non
1927 3136 2071 3175 reperient
2081 3131 2116 3162 tl-

1247 3190 1283 3220 lic
1302 3187 1408 3227 duplex
1429 3191 1529 3224 corpus
1542 3206 1552 3221 ‚
1574 3181 1632 3225 sed
1653 3192 1744 3215 unum
1759 3184 1855 3223 illud,
1883 3184 1964 3226 quod
1982 3179 2114 3221 Christus

1244 3236 1376 3280 gestabat
1397 3258 1407 3274 ,
1435 3244 1512 3266 nova
1527 3234 1623 3275 gloria
1644 3242 1798 3265 ornatum.
1825 3233 1902 3265 Cum
1920 3233 1990 3266 verb
2011 3239 2115 3272 corpus

1246 3286 1329 3330 suum
1340 3292 1372 3318 in
1379 3289 1483 3327 prima
1493 3293 1573 3315 coena
1584 3282 1770 3324 dtflribueret
1779 3308 1789 3323 ‚
1815 3282 1986 3316 imminebat
1988 3282 2059 3322 jam
2070 3278 2119 3312 bo-

1251 3350 1286 3369 ra
1295 3360 1305 3374 ‚
1331 3347 1391 3376 qua
1401 3337 1420 3366 ἂ
1435 3334 1645 3376 Deopercuffus
1668 3335 1702 3367 Θ
1713 3332 1887 3365 humiliatus
1897 3356 1908 3372 ‚
1928 3331 1989 3373 fine
1999 3331 2098 3363 decore
2109 3354 2121 3369 ,

320 3385 472 3431 acfigurt‘s
481 3382 753 3429 conspiciendumse
763 3383 922 3418 exhibuit?
948 3383 1130 3425 Calvinus,
1154 3391 1191 3417 ut
1252 3396 1285 3419 ut
1296 3383 1420 3429 leprosus
1426 3386 1540 3426 jaceret
1553 3408 1560 3415 .
1587 3387 1718 3417 Tantum
1740 3380 1838 3422 abest,
1862 3391 1895 3415 ut
1914 3390 1982 3415 tunc
1997 3380 2124 3424 gloriam

2025 3432 2081 3463 Re-
