2352 3756
332 102 426 163 248

257 187 504 225 communicare
524 184 636 226 simul,
662 187 721 221 suo
741 196 853 221 tamen
865 185 1025 221 ordine&
1038 184 1136 219 loco:

259 240 388 274 Omnes
407 235 651 271 communicare
673 235 743 280 post
766 234 928 271 laudatam
940 235 1137 270 benedictio-

259 299 357 323 nem.
386 286 431 320 Et
451 286 555 330 ipsum
575 285 711 320 abusum
730 286 823 320 fuisse
845 285 881 320 in
896 285 1058 328 Hispania
1071 295 1135 318 cor·

260 339 382 373 testum
394 361 405 376 ‚
431 336 528 371 docet
537 336 671 380 antiqua
683 336 780 370 Mifl'a
791 334 1007 369 Mozarabum
1025 360 1032 366 .
1063 334 1138 368 Ete-

261 388 332 423 nim
353 386 422 421 illic
441 386 524 421 dista
547 386 727 421 Dominica
748 385 898 419 oratione
909 384 1066 419 Sacerdos
1079 384 1137 418 fla·

260 438 323 471 tim
345 437 469 481 frangit
489 435 650 476 hostiam,
674 435 709 468 ὅ(
732 435 905 468 Diaconus
925 432 1085 468 declamat
1096 432 1136 466 ad

261 487 419 533 populum
443 500 454 519 .-
480 487 642 520 Humiliate
663 497 717 518 vos
741 485 786 516 ad
802 482 1030 517 benedictionem
1053 507 1061 515 .
1094 483 1137 516 Et

260 547 341 572 tunc
375 535 529 572 Sacerdos
566 534 688 578 populo
730 533 908 569 solenniter
943 532 1110 567 benedicit
1131 557 1138 564 .

261 578 395 623 Exinde
417 588 516 621 semet
538 585 643 627 ipsum
666 582 912 623 communicat,
937 581 1056 616 deinde
1083 593 1139 625 po-

262 638 398 682 pulum.
426 637 468 669 Et
489 634 568 668 hinc
591 632 703 668 Guido
727 632 840 667 Abbas
863 631 983 666 labitur
1002 657 1013 672 ,
1050 631 1138 674 quod

261 686 328 722 haec
350 685 524 730 postulatio
546 685 599 718 seu
616 683 803 718 benedictio
825 683 923 717 fuerit
943 682 1023 716 olim
1047 683 1142 716 reser.

260 748 334 772 vata
353 735 539 778 Episcopis.
568 734 703 768 Etenim
716 733 774 767 ista
787 732 971 766 benedictio
981 741 1048 766 erat
1059 742 1140 767 tunc

259 785 444 821 Missalium
463 784 586 820 rituum
610 782 828 818 substantialis
841 793 910 826 pars
920 792 961 816 ex
975 780 1139 825 Apostoli·

259 847 301 870 eo
326 836 487 872 Canone:
515 833 560 868 Et
579 834 676 877 plena
691 831 827 877 publicae
844 832 944 866 etiam
967 832 1073 866 Missae
1088 843 1138 867 ce-

259 885 398 920 lebratio
418 895 597 926 numquam
621 884 682 918 suit
702 884 856 917 reservata
868 881 1059 927 Episcopis,
1084 890 1139 917 aut

258 937 459 980 Presbyteris
479 933 668 968 interdicta.

311 986 404 1020 Alter
424 983 593 1018 Guidonis
614 983 722 1027 lapsus
741 982 810 1023 est,
835 981 925 1025 quod
946 982 1035 1017 dicat
1050 984 1137 1017 solos

258 1034 542 1071 communicantes
571 1032 652 1067 olim
684 1032 822 1067 adfuiffe
853 1034 1137 1068 Sacramentorum

258 1086 483 1125 confedioni,
510 1084 562 1117 seu
585 1080 689 1117 Miffae
702 1083 888 1118 Sacrificio.
915 1082 978 1117 Per
989 1093 1138 1118 commu-

257 1137 407 1171 nicantes
427 1133 585 1176 intelligit
604 1145 659 1167 cos
673 1158 684 1174 ,
707 1133 825 1177 quibus
846 1134 979 1167 Sanitus
1003 1133 1135 1177 Cypria·

256 1198 319 1220 nus
340 1185 451 1229 paffim
476 1182 585 1218 scribit
604 1184 667 1218 effe
682 1185 738 1225 ‚ius
764 1188 1032 1217 communicationis
1055 1208 1067 1224 ,
1101 1185 1134 1217 ἃ

255 1247 340 1280 quos
351 1235 478 1277 antiqui
490 1234 644 1269 Canones
656 1245 774 1269 vocant
784 1260 791 1267 .
820 1233 969 1275 Perfec‘los
982 1257 992 1273 ,
1007 1235 1039 1268 ὃς
1052 1238 1136 1267 Com-2

254 1290 439 1321 manicantes
461 1297 526 1318 cum
549 1283 711 1317 oblatione.
741 1285 878 1319 Certum
899 1284 945 1318 est
958 1295 1023 1317 non
1040 1284 1136 1318 hosce

254 1337 365 1378 solos,
394 1336 446 1370 sed
467 1335 567 1369 etiam
591 1334 776 1376 Confistentes
800 1334 934 1368 adfuisie
961 1334 1135 1368 conficien-

254 1387 306 1421 dis
317 1386 550 1421 Sacramentis.
580 1385 714 1418 Etenim
728 1384 746 1417 ὲ
759 1383 983 1419 Substratione
994 1384 1033 1416 ad
1047 1384 1135 1421 Con-

253 1436 431 1471 fistentiam
452 1434 622 1469 translatio
643 1433 855 1478 transferebat
880 1432 898 1466 ὲ
918 1431 1134 1468 Narthecead

252 1486 453 1525 Ecclesiam,
479 1484 640 1526 dabatque
659 1483 708 1524 jus
732 1483 948 1528 participandi
974 1483 1048 1516 solis
1068 1494 1134 1516 ora-

251 1535 419 1574 tionibus,
446 1535 499 1567 seu
522 1531 653 1566 videndi
677 1533 710 1567 &
730 1530 1077 1573 audiendtsacrificii,
1104 1542 1136 1567 at

250 1598 322 1622 non
346 1586 387 1620 de
410 1585 480 1628 ipso
492 1582 765 1618 communicandi
782 1607 790 1615 .
816 1582 1134 1622 Tertiuxmoceffi

249 1635 342 1680 quod
365 1646 481 1671 omnes
501 1644 582 1668 tunc
604 1633 763 1667 sacrificio
776 1631 943 1675 praesentes
952 1633 1135 1667 communi-

249 1696 362 1728 carent
386 1710 396 1726 ,
434 1695 489 1718 aut
507 1684 752 1719 communicare
774 1682 931 1717 deberent
951 1708 958 1715 .
1001 1684 1133 1720 Etenim

249 1736 474 1771 Confistentes
499 1735 746 1768 communicare
779 1744 847 1765 non
871 1742 1021 1774 poterant
1044 1758 1051 1770 ,.
1091 1733 1134 1766 Et

250 1787 343 1832 quod
365 1784 504 1819 Perfeffl
527 1808 537 1825 ‚
559 1782 688 1827 quoties
709 1783 841 1816 aderant
862 1783 1023 1817 sacrificio
1044 1805 1055 1822 ,
1083 1782 1137 1816 de·

250 1837 382 1872 buerint
393 1834 434 1870 de
445 1835 514 1878 ipso
525 1834 771 1867 communicare
784 1855 794 1871 ,
819 1832 913 1870 nullo
926 1832 1019 1874 poffit
1032 1832 1134 1865 firma-

252 1887 277 1921 ri
301 1881 499 1922 authentico
520 1883 730 1918 testimonio.
759 1883 876 1916 Fateor
897 1882 931 1915 in
945 1882 1060 1916 multis
1074 1882 1135 1916 Ec-

252 1938 354 1971 ciefiis
375 1934 652 1970 communicasse:
680 1932 806 1966 Vertim
827 1931 913 1966 addo
928 1944 995 1966 non
1009 1932 1134 1966 debuis-

253 1990 286 2023 se
298 2013 306 2020 .
333 1987 428 2021 Hinc
445 1985 535 2020 enim
547 1983 587 2018 de
596 1983 791 2027 quotidiana
804 1982 916 2026 populi
928 1982 1135 2016 communio·

254 2050 296 2073 ne
318 2039 450 2073 fuerunt
473 2035 555 2069 olim
584 2032 832 2077 disparatiffima:
858 2033 1050 2066 sanctorum
1076 2030 1135 2064 Pa·

253 2099 339 2122 trum
361 2085 528 2121 sententiae
550 2109 557 2116 .
586 2084 661 2118 Nec
685 2083 775 2117 aliud
797 2084 954 2117 evincunt
974 2082 1134 2126 antiquae,

254 2148 392 2185 quarum
417 2135 563 2179 plurimae
585 2134 766 2167 etiamnum
786 2132 954 2174 supersunt
965 2131 1000 2165 in
1009 2130 1137 2166 hodier-

253 2201 301 2225 no
310 2185 451 2226 missali,
476 2182 546 2227 post
559 2182 830 2217 communionem
842 2180 1014 2215 Coiieuae.
1043 2181 1136 2220 Licet

255 2239 413 2284 pleraeque
435 2235 594 2279 peractam
617 2233 729 2277 populi
761 2231 1036 2266 communionem
1069 2231 1137 2265 lau-

255 2290 335 2324 dent
344 2312 355 2328 ,
383 2286 473 2319 nulla
497 2294 606 2318 tamen
619 2282 724 2316 asserit
736 2293 869 2316 omnem
882 2281 1038 2325 populum
1050 2293 1138 2315 com·

257 2337 436 2373 municaffe
447 2360 454 2368 .
481 2335 629 2381 Qartus
642 2333 746 2375 lapsus
759 2332 803 2366 est
818 2357 829 2372 ,
857 2331 946 2374 quod
963 2331 1140 2376 quadrage·

258 2390 375 2424 fimum
393 2394 546 2429 quartum
569 2381 765 2428 Agathenfis
785 2381 930 2416 Concilii
966 2382 1138 2417 Canonem

261 2440 349 2474 dicat
375 2435 620 2470 essedumtaxat
631 2431 893 2472 provincialem,
922 2431 1062 2476 ideoque
1073 2431 1139 2477 ejus

262 2486 496 2524 authoritatem
520 2495 586 2517 non
608 2483 698 2525 poffe
720 2481 855 2515 extendi
879 2481 1068 2515 adomnem
1081 2482 1141 2515 Ec·

263 2539 404 2574 clesiam.
434 2535 567 2570 Etenim
588 2532 694 2576 ipsum
717 2530 833 2566 firmari
847 2531 1033 2566 audivimus
1044 2532 1142 2565 etiam

266 2588 308 2624 ab
327 2588 401 2622 aliis
422 2584 565 2630 Synodis
585 2584 687 2618 totius
722 2582 902 2616 Gallicanae
936 2582 1142 2616 Dioeceseos.

268 2640 314 2674 Et
337 2637 371 2672 in
393 2638 506 2678 scripta
529 2633 700 2668 adversum
723 2630 985 2675 Chorepiscopos
1007 2632 1047 2665 ad
1061 2631 1146 2664 Afri-

270 2700 358 2724 canae
381 2685 528 2722 Ecclefiae
540 2683 713 2719 Antistites
727 2678 869 2726 Epistola
882 2683 1015 2716 Sanctus
1026 2682 1145 2715 Dama-

272 2740 325 2773 sus
346 2736 502 2771 Pontifex
523 2735 609 2769 inter
630 2736 800 2767 reservatas
823 2733 993 2775 Episcopis
1009 2731 1146 2766 functio-

275 2795 331 2822 nes
351 2788 452 2820 etiarn
476 2787 567 2828 ponit
583 2798 594 2818 s
621 2785 764 2825 Populum
776 2782 958 2815 benedicere.
985 2782 1062 2817 Scio
1074 2781 1148 2824 Epi-

275 2836 394 2872 stolam
417 2834 503 2868 hanc
520 2836 582 2868 effe
594 2833 800 2868 stramineam
813 2833 847 2866 &
860 2833 998 2875 spuriam
1011 2857 1018 2864 .
1045 2830 1148 2881 Qod

277 2884 407 2922 abunde
429 2884 576 2918 constare
598 2885 690 2925 poffit
713 2883 764 2916 vel
786 2893 877 2917 exeo
890 2882 982 2923 solo,
1008 2883 1097 2925 quod
1109 2880 1148 2915 ad

279 2937 472 2971 Africanam
491 2932 669 2967 Ecclefiam
683 2931 801 2966 >scribat
811 2943 924 2966 contra
937 2931 1151 2974 Chorepisco-

279 2998 358 3031 pos:
385 2985 446 3018 Illa
467 2982 637 3020 enirn2hos
657 2985 824 3024 nunquam
845 2979 975 3016 habuit.
1004 2981 1150 3024 Epistola

280 3037 412 3071 interim
435 3033 479 3068 est
499 3033 655 3077 dogmate
676 3033 749 3065 sana
763 3055 772 3070 ,
799 3042 895 3075 atque
916 3031 1069 3072 antiqua.
1096 3030 1151 3063 Est

281 3085 389 3120 ostavi
410 3082 510 3118 saeculi
532 3084 646 3118 foetus.
677 3082 719 3115 Et
732 3082 846 3123 scripta
858 3079 1034 3115 videturab
1045 3080 1154 3123 aliquo

281 3138 452 3179 Hispano.
478 3134 586 3167 Hasce
606 3131 694 3166 enim
719 3141 840 3165 merces
859 3132 966 3165 nescio
987 3131 1059 3172 quis
1070 3129 1154 3174 apud

283 3187 451 3227 Hispnnos
474 3184 650 3216 Saracenos
672 3181 859 3225 negotiator
876 3181 1016 3215 isidorus
1036 3179 1153 3214 detulit

284 3235 321 3268 in
347 3234 514 3268 Franciam
537 3255 547 3272 ,
583 3232 616 3265 &
641 3243 715 3264 cum
745 3230 816 3264 aliis
835 3231 936 3273 ipsam
958 3230 1080 3271 ubique
1102 3239 1154 3273 per

285 3283 482 3317 Francorum
505 3283 621 3328 Regna
634 3281 804 3315 seminavit
821 3279 1005 3324 Riculphus
1014 3280 1156 3324 Mogon-

287 3333 365 3367 tinae
389 3331 537 3365 Eccl=s1ae
558 3332 670 3366 tertius
694 3332 871 3374 Episcopus
899 3330 967 3373 post
1003 3330 1155 3366 San-stum

291 3380 491 3429 Apostolum
512 3381 742 3419 Bonifacium.
766 3379 912 3419 Proinde
923 3379 1156 3425 Hispaniarum

642 99 686 145 S.
725 98 1045 147 Gneoonrt
1083 112 1320 144 SEPTIMI
1358 100 1731 150 Powrwtcrs

1204 182 1412 225 disciplinam
1424 184 1534 227 laudat
1547 185 1695 229 Epistola
1705 210 1716 225 ‚
1740 195 1837 232 atque
1849 188 1894 224 ita
1904 189 2004 227 etiam
2017 189 2088 226 illic

1202 231 1388 267 benedictio
1398 234 1511 276 populi
1522 246 1589 269 erat
1607 235 1683 269 solis
1694 236 1864 280 Episcopis
1880 240 2034 276 reservata
2044 266 2052 274 .

1251 282 1404 316 Eundem
1425 284 1519 318 fuiffe
1542 284 1652 320 omnis
1663 286 1787 320 Latinae
1798 286 1946 324 Ecclefiae
1953 301 2080 326 morem

1200 330 1404 366 demonstrat
1425 334 1532 370 avitus
1554 335 1637 369 ritus
1656 336 1782 371 Latinae
1805 336 1910 372 Miss‘z
1923 362 1935 379 ‚
1960 339 2001 374 de
2011 352 2081 384 quo
2096 349 2173 387 cip.
2189 357 2236 386 5¹·

1199 380 1314 416 Guido
1335 382 1469 418 Abbas:
1496 388 1574 417 Hinc
1597 387 1633 419 <⁸2⁰
1651 387 1709 419 illa
1726 386 1898 430 confitetudo
1918 390 2005 431 apud
2022 401 2081 423 mo-

1198 433 1305 465 dernos
1329 446 1345 473 ,⁴
1365 445 1435 475 que
1459 445 1518 467 non
1531 433 1602 476 fuit
1625 437 1709 478 apud
1730 444 1869 480 antiquat
1886 462 1899 480 ,
1925 439 2083 483 „inoleviffr

1200 483 1321 515 videtur
1340 507 1352 524 ,
1387 492 1421 516 ut
1439 484 1474 517 i'n
1495 486 1565 517 aliis
1593 487 1774 527 temporibus
1798 494 1892 522 ctiam
1915 489 2082 528 Presbyteri

1192 531 1256 573 post
1269 532 1363 573 'finem
1385 534 1477 576 Miffae
1487 534 1661 569 benedicant
1674 561 1685 577 ‚
1711 549 1750 571 ne
1757 540 1897 581 populum
1906 545 1952 573 ita
1963 539 2082 575 henedi-

1198 581 1312 623 c‘ii‘onc,
1339 590 1372 616 ut
1393 590 1590 619 communione
1610 593 1771 628 privatum
1792 587 1939 632 disteden
1953 596 2082 632 permit-

1199 641 1291 665 tant.
1320 633 1455 678 Agitde
1480 635 1820 685 Qadragesimalium
1842 639 2012 676 Miffarum
2028 643 2079 676 su·

1201 693 1254 725 per
1275 684 1435 727 populum
1461 683 1745 722 benedictionibus
1768 714 1774 721 .
1802 689 1930 736 Qaerit
1952 702 2009 725 cur
2027 690 2078 726 hae

1200 731 1271 766 solae
1291 733 1386 768 ,istam
1408 734 1668 771 benedictionem
1693 737 1858 774 habeant?
1885 741 1929 774 Et
1947 742 2077 784 respon—

1200 779 1276 816 det:
1302 790 1474 819 orationem
1491 784 1582 828 super
1600 789 1708 830 populo
1721 794 1754 820 in
1765 790 2075 834 ‚Quadragefimaideo

1195 830 1447 875 frequentamus,
1473 842 1544 878 quia
1561 847 1626 870 cum
1649 841 1790 879 majorem
1808 841 1969 879 confflc‘i'um
1990 845 2077 883 inje-

1193 884 1291 922 juniis
1312 886 1347 919 er
1370 887 1551 920 mationibus
1573 897 1675 921 contra
1679 887 1858 931 spirituales
1868 896 2016 934 nequitias
2025 891 2075 937 su-

1199 938 1307 966 mimus
1329 958 1340 974 ,
1365 936 1516 977 neceffario
1537 949 1589 970 nos
1609 939 1766 975 instantius
1790 943 1852 973 Deo
1872 944 2076 977 commendare

1200 983 1354 1017 debemus.
1383 989 1468 1017 Nam
1485 993 1577 1019 oratio
1596 988 1658 1028 post
1680 993 1916 1025 communionem
1929 1001 1987 1035 pro
2002 992 2076 1037 fiilis

1198 1034 1480 1067 communicantibus
1500 1033 1573 1077 solet
1595 1048 1683 1071 orare
1706 1063 1713 1070 .
1751 1042 1883 1082 Populus
1904 1052 2005 1076 autem
2027 1042 2081 1086 etlt'

1199 1084 1330 1125 quotidie
1339 1090 1372 1116 in
1384 1083 1616 1128 ,Quadragest‘ma
1624 1093 1783 1121 conveniat
1793 1113 1804 1128 ,
1830 1102 1887 1123 non
1897 1100 1997 1126 tamen
2009 1105 2076 1137 quo-

1199 1135 1294 1174 tidie,
1322 1142 1355 1168 ut
1368 1134 1506 1186 deberet,
1531 1144 1743 1170 communicat.
1770 1141 1822 1171 Ne
1843 1151 1909 1185 ergo
1919 1148 1964 1176 ita
1972 1149 2076 1177 oratio-

1198 1195 1255 1224 ne,
1281 1192 1314 1217 ut
1336 1189 1541 1219 Communione
1552 1196 1687 1228 careret,
1713 1189 1832 1230 affecta
1843 1191 1882 1230 est
1891 1191 2076 1235 oratiofiiper

1195 1235 1355 1276 populum,
1382 1241 1415 1268 in
1440 1246 1498 1277 qua
1521 1246 1578 1268 non
1600 1238 1637 1269 dc
1658 1245 1937 1282 communicatione,
1958 1242 2076 1286 sedpro

1196 1286 1297 1325 populi
1314 1284 1492 1324 protectione
1504 1284 1672 1328 specialiter
1695 1295 1797 1322 oratur
1816 1314 1823 1321 .
1850 1293 1888 1323 In
1913 1295 2077 1328 Dominicis

1199 1341 1299 1367 tamen
1322 1335 1425 1367 diebus
1449 1345 1506 1366 non
1531 1337 1658 1374 dicitur,
1683 1344 1753 1379 quia
1759 1340 1926 1381 genuflexio
1934 1351 2075 1384 vetatur,

1199 1395 1265 1425 quae
1293 1383 1359 1416 huic
1384 1389 1511 1417 orationi
1534 1386 1554 1419 ὁ
1572 1387 1680 1428 popula
1702 1390 1871 1429 antiquitus
1887 1390 2077 1434 persolveba-

1199 1443 1267 1474 tur,
1294 1435 1347 1467 vel
1364 1435 1464 1475 potius
1486 1435 1574 1475 ideo,
1601 1443 1672 1478 quia
1691 1449 1791 1471 omnes
1804 1441 1904 1479 juxta
1917 1440 2075 1481 attestatio-

1201 1495 1266 1516 nem
1288 1483 1387 1516 5anc‘3i
1410 1483 1544 1525 Ambrosii
1565 1491 1598 1516 in
1617 1487 1720 1520 diebus
1743 1491 1905 1523 Dominicis
1923 1498 2076 1526 communi-

1199 1545 1262 1567 care
1288 1535 1428 1568 deberent
1453 1559 1464 1574 ,
1501 1535 1605 1577 quibus
1637 1538 1672 1570 (ν’
1698 1544 1791 1571 oratio
1806 1538 1869 1581 post
1892 1544 2076 1578 Communia-

1201 1596 1264 1616 nem
1276 1592 1334 1626 pro
1354 1584 1551 1619 benedictione
1567 1583 1699 1628 sufficere
1716 1589 1808 1631 poffet
1822 1613 1830 1622 .
1856 1589 1940 1638 Qae
1949 1602 1984 1626 ut
1996 1598 2076 1628 don-

1201 1636 1326 1674 firmet,
1352 1633 1462 1668 denuo
1481 1636 1587 1669 asserit
1610 1637 1698 1671 solos
1715 1638 2007 1676 Communicantes
2017 1643 2072 1678 seu

1201 1685 1360 1718 Perfestos
1380 1685 1463 1718 olim
1484 1686 1619 1719 adfuisse
1643 1687 1822 1730 sacrificio,
1848 1690 1882 1725 ἀ
1904 1701 2020 1726 omnes
2029 1692 2072 1728 de

1200 1735 1267 1776 ipso
1287 1735 1409 1778 semper
1432 1735 1633 1779 participasse
1650 1759 1661 1778 ,
1701 1737 1842 1782 ideoque
1863 1741 2074 1784 orationem,

1198 1796 1266 1825 quae
1288 1783 1359 1826 post
1387 1786 1659 1819 communionem
1679 1787 1823 1828 dicitur,
1847 1789 1890 1824 de
1903 1789 1964 1824 isto
1982 1789 2076 1827 dono

1199 1836 1320 1876 semper
1341 1834 1439 1878 egisse
1460 1834 1599 1879 gratias.
1626 1835 1709 1870 Non
1720 1836 1850 1873 tanturn
1861 1839 1903 1873 ad
1913 1840 2074 1885 quotidia-

1200 1893 1275 1918 nam
1300 1885 1570 1918 communionem
1582 1908 1594 1925 ‚
1618 1885 1673 1920 sed
1683 1885 1783 1922 etiam
1791 1888 1832 1921 ad
1844 1890 2072 1933 quotidianam

1200 1933 1341 1967 sacrificii
1364 1933 1568 1968 auditionem
1591 1937 1703 1970 censet
1714 1937 1870 1980 populum
1883 1939 1975 1974 fuiffe
1986 1941 2071 1975 olim

1197 1982 1403 2023 adstrictum,
1431 1983 1466 2017 ἀ
1487 1994 1658 2028 utramque
1679 1985 1786 2031 legem
1806 1988 2006 2031 pedetentim
2017 2002 2073 2034 per

1197 2035 1391 2068 contrariam
1413 2035 1684 2069 consuetudinem
1701 2035 1850 2071 defecisse
1870 2062 1879 2070 .
1913 2037 2009 2074 Prius
2030 2040 2075 2076 le-

1197 2094 1272 2127 gem
1282 2082 1324 2115 de
1333 2081 1608 2118 communicando
1619 2107 1631 2124 ,
1656 2083 1754 2128 quam
1765 2086 1872 2131 legem
1883 2087 1924 2122 de
1941 2088 2074 2130 audien·

1199 2135 1239 2167 da
1275 2131 1392 2167 miffa.
1435 2132 1568 2167 Etenim
1591 2144 1646 2177 pet
1670 2133 1854 2171 mediorum
1884 2137 2076 2180 seculorum

1199 2180 1488 2229 Qadragefimas‚
1516 2183 1593 2218 lieet
1611 2186 1857 2221 communicare
1876 2186 1911 2222 in
1923 2187 1993 2223 dies
2005 2200 2076 2225 non

1201 2232 1371 2272 debuerit,
1397 2231 1546 2275 quotidie
1570 2243 1677 2267 tamen
1698 2245 1739 2268 ex
1761 2236 1927 2272 Gnidonis
1950 2238 2076 2280 judicio

1203 2282 1341 2325 populus
1363 2282 1478 2316 debuit
1498 2282 1769 2318 audireMiffam.
1800 2286 1843 2319 Et
1853 2289 2075 2323 communica-

1203 2343 1233 2365 re
1244 2331 1379 2377 singulis
1389 2330 1503 2366 diebus
1514 2333 1703 2367 Dominicis
1714 2359 1721 2367 .
1750 2334 1793 2369 Et
1804 2335 1880 2379 quia
1891 2347 1972 2371 tunc
1984 2337 2077 2373 feria·

1203 2382 1282 2415 lium
1306 2382 1477 2415 Missarum
1501 2382 1571 2425 post
1590 2384 1861 2419 communionem
1881 2387 1988 2421 oratio
2006 2398 2076 2422 non

1201 2441 1269 2471 erat
1279 2431 1403 2474 populo
1416 2433 1661 2475 proportionata
1673 2458 1684 2474 ,
1709 2435 1830 2469 censet*
1839 2435 1895 2469 ille
1918 2435 2076 2480 adjectam

1203 2481 1294 2516 fuiffe
1312 2480 1409 2515 aliam
1423 2506 1431 2513 .
1456 2480 1584 2516 Exinde
1595 2482 1693 2517 etiam
1703 2483 1858 2519 faciendae
1872 2497 1926 2529 per
1936 2486 2076 2531 singulas

1204 2530 1402 2565 Dominicas
1411 2532 1656 2566 communionis
1668 2533 1721 2567 lex
1731 2535 1765 2568 ὅ(
1775 2535 1978 2571 consuetudo
1989 2536 2076 2571 defe-

1203 2583 1269 2622 cit,
1295 2582 1329 2615 &
1343 2591 1443 2615 novas
1453 2582 1602 2626 quotidie
1622 2584 1788 2618 orationes
1807 2584 1945 2627 adjicere
1966 2586 2076 2620 noluit

1207 2631 1348 2665 Ecclesia
1358 2656 1365 2663 .
1392 2629 1486 2665 Hinc
1499 2642 1541 2666 ne
1549 2632 1643 2667 omni
1657 2632 1880 2669 benedictione
1890 2645 2009 2669 careret
2019 2645 2078 2679 po·

1206 2682 1318 2725 pulus,
1346 2680 1474 2716 inducta
1485 2681 1529 2715 est
1552 2679 1735 2719 benedictio
1755 2687 1826 2727 post
1848 2688 1894 2718 lte
1911 2685 1997 2728 Miffa
2017 2686 2074 2725 est.

1207 2731 1317 2766 Etiam
1337 2731 1406 2775 post
1429 2732 1695 2767 communionem
1716 2734 1821 2770 oratio
1842 2732 1942 2768 hodie
1959 2735 2076 2778 spectat

1208 2782 1318 2826 passim
1336 2780 1377 2816 ad
1397 2782 1503 2815 solum
1521 2781 1751 2817 Celebrantem
1764 2808 1772 2816 .
1793 2783 1837 2817 Et
1849 2780 1915 2818 haec
1927 2784 2075 2819 doctrina

1209 2844 1275 2865 non
1298 2839 1384 2866 caret
1405 2831 1643 2866 fundamentis.
1672 2832 1843 2878 Quidquid
1866 2834 1926 2874 sit,
1953 2845 2076 2868 certum

1208 2882 1252 2916 est
1276 2881 1359 2915 hanc
1379 2881 1584 2915 novillimam
1603 2881 1855 2925 presbyteralem
1880 2883 2077 2918 benedictio·

1212 2944 1285 2965 nem
1306 2931 1399 2965 fuiffe
1418 2930 1560 2974 antiquis
1570 2932 1736 2976 ignotam.
1763 2932 1841 2976 Ejus
1856 2944 1914 2967 nec
1923 2935 2078 2978 antiquus

1212 2982 1441 3016 Romanorum
1463 2980 1557 3015 Ordo
1579 3005 1590 3021 ,
1626 2992 1688 3015 nec
1706 2982 1913 3018 VValafridus
1940 2984 2078 3025 Strabo,

1212 3043 1271 3065 nee
1294 3032 1479 3065 Amalarius
1500 3032 1696 3065 Fortunatus
1710 3054 1721 3070 ,
1745 3042 1804 3066 nec
1814 3032 2081 3069 AlcuinusFlac·

1213 3093 1288 3120 cus,
1314 3093 1373 3115 nec
1397 3080 1565 3125 Remigius
1576 3081 1867 3123 Antifiodorenfis,
1895 3083 2081 3118 necAbbas

1216 3132 1397 3174 Ruperms,
1424 3142 1484 3164 nec
1497 3131 1568 3173 quis
1585 3131 1669 3164 alius
1689 3131 1760 3174 ipsis
1782 3134 1950 3177 antiquior
1967 3133 2081 3167 memi-

1216 3190 1332 3215 nerunt
1354 3206 1360 3213 .
1389 3178 1502 3214 Guido
1520 3179 1631 3214 Abbas
1655 3182 1794 3216 affirmat
1814 3183 1876 3218 effe
1900 3183 2081 3218 recentium

1215 3231 1452 3266 institutionem
1461 3254 1467 3260 -

1264 3282 1306 3315 Er
1318 3280 1395 3315 hinc
1407 3281 1508 3314 oritur
1519 3281 1612 3314 tertia
1624 3281 1757 3324 quaestio
1766 3306 1777 3322 ,
1796 3282 1884 3330 Qis
1894 3280 1979 3316 hanc
1991 3281 2085 3315 bene-

1215 3329 1389 3364 dictionem
1414 3330 1599 3364 induxerit?
1639 3331 1834 3374 Respondeo
1844 3332 1911 3375 ejus
1920 3330 2083 3375 originem

1216 3382 1302 3424 posse
1323 3380 1438 3426 colligi
1456 3390 1496 3414 ex
1515 3380 1621 3415 Sansti
1633 3381 1779 3416 Fulberti
1792 3380 1999 3416 Carnutensis
2011 3380 2089 3425 Epi·

1949 3431 2038 3475 scopi
