2352 3756
876 155 1389 210 INDEX..

1874 174 1974 227 409

212 254 244 290 S.
263 249 460 296 Fulgentius
482 253 592 295 preces
602 246 843 286 Eucharisticas
854 245 1099 285 consecrationi
1166 248 1354 283 Graecorum
1366 246 1474 283 error,
1501 245 1557 288 qui
1570 246 1818 293 per-*impensam
1839 247 2049 284 cadaveribus*

264 301 415 347 praemitti
439 299 536 336 docet
546 326 554 334 .
983 296 1062 335 206.
1070 345 1072 349 ,
1081 304 1097 329 1

641 396 677 435 G

216 497 400 587 GAius
411 499 588 544 Presbyter
598 500 740 546 graviter
759 498 985 545 redarguitur,-
1009 496 1102 543 quod

341 551 432 594 lapfis
444 561 555 593 pacem
577 552 653 585 dare
672 551 854 585 attentasset
866 575 874 582 .
987 549 1066 598 276.
1083 559 1101 585 1

217 601 399 637 Gallicanae
422 601 571 635 Ecclesiae
601 600 735 636 abortus
756 600 876 635 latrant
901 610 1018 635 contra
1039 599 1104 634 Lu-

268 662 345 684 nam
358 675 366 682 .
991 659 1070 698 390.
1081 659 1106 686 2
1119 679 1123 711 ι

219 702 399 737 Gallicana:
413 700 584 742 Ecclesiae,
610 712 679 745 quae
692 700 793 745 prima
814 700 856 734 lis
865 699 1014 735 adversus
1036 699 1123 733 Rom

270 761 359 786 mam
371 751 388 783 ἓ
992 747 1035 796 36
1040 759 1072 797 3.
1087 760 1104 784 1

219 802 399 837 Gallicanae
412 801 561 835 Ecclefiae
573 802 714 844 spestant
734 799 775 834 ad
792 799 964 841 synodum
982 799 1017 832 &
1029 808 1106 833 con-

270 852 485 885 secrationem
499 851 646 885 Romani
655 847 849 884 Patriarchae
860 845 941 895 383.
958 860 987 884 1.
1000 849 1034 883 ἀ
1048 849 1108 893 seq.

271 901 355 935 Item
396 897 448 945 87.
466 911 496 936 1·
884 939 888 942 .

220 950 313 985 Galli
326 911 551 994 Mg'rropolitae
561 948 682 983 nolunt
692 972 704 989 ‚
723 947 763 982 ad
775 945 950 991 synodum
961 949 1109 985 Romam

270 1010 408 1035 vocatos
418 1022 428 1038 ‚
454 1001 603 1032 mittere.
1008 998 1106 1048 3841

222 1049 400 1085 Geberardi
412 1050 445 1082 in
458 1048 746 1083 Constantiensem
760 1047 960 1093 Episcopum
972 1050 1088 1085 eleetio
1102 1073 1109 1080 .

298 1099 352 1135 60-
370 1100 429 1135 L&
441 1100 504 1141 seq.

222 1111 372 1184 Geiafius
383 1149 511 1182 Famofi
533 1147 684 1182 adversus
696 1146 920 1192 Eutychetem
942 1150 976 1184 δε
992 1149 1112 1184 Nesto·

273 1200 359 1233 rium
372 1197 474 1232 libelli
489 1197 627 1239 author,
653 1200 728 1242 quis
741 1200 863 1233 fuerit?
995 1202 1070 1247 192-
1097 1210 1107 1234 1

222 1248 392 1293 Georgius
419 1248 649 1282 Ambianenfis
677 1249 887 1292 Capuccinus
919 1262 977 1293 pro
1003 1251 1114 1284 medico

272 1298 359 1343 apud
382 1299 627 1333 Tertullianum
657 1299 737 1344 legit
750 1301 883 1333 mendico
907 1312 914 1332 :
942 1300 1022 1334 Non
1049 1300 1113 1333 sine

274 1348 492 1384 fundamento
505 1374 512 1381 .
998 1347 1078 1387 26'8-
1095 1360 1111 1385 1

223 1399 256 1433 S.
269 1399 451 1440 Gerardus,
477 1409 586 1433 utrum
609 1399 740 1433 nonnisi
754 1399 798 1434 ob
819 1409 997 1434 extremam
1008 1400 1115 1434 neces-

276 1450 403 1485 sitatem
424 1449 636 1494 promeruerit
659 1450 678 1484 ὲ
691 1448 849 1484 Romano
862 1449 1026 1484 Pontifice
1037 1458 1115 1484 con·

278 1500 421 1534 sectari?
710 1542 712 1544 ¹
1005 1500 1081 1549 364.
1097 1510 1112 1535 1

227 1549 388 1584 Germani
404 1547 598 1583 Patriarchae
621 1549 989 1594 Constantinopolitani
1014 1550 1116 1591 Mysta-

272 1605 378 1644 gogica
401 1611 500 1633 rerum
512 1598 776 1640 Ecclefiasticarum
793 1602 1020 1643 contemplatio,-
1047 1611 1114 1633 non

277 1649 324 1682 est
346 1660 429 1690 opus
448 1649 478 1682 S.
504 1648 664 1683 Germani
685 1673 697 1689 ,
724 1648 780 1683 sed
802 1650 959 1685 Germani
985 1649 1116 1684 secundi

278 1696 478 1732 schismatici
505 1722 516 1737 ,
543 1696 599 1740 qui
626 1709 703 1731 cum
731 1699 896 1740 Gregorio
923 1699 982 1733 IX.
1011 1700 1098 1732 vixit
1111 1724 1118 1731 .

279 1756 358 1793 203.
375 1758 402 1781 1.
421 1747 522 1780 Reae
545 1746 641 1780 sentit
667 1747 707 1780 de
730 1746 940 1783 Eucharistiae
962 1746 1096 1782 veritate
1109 1764 1118 1780 a

306 1794 361 1832 86.
380 1807 405 1832 1.

232 1807 351 1882 Gli'bri
363 1845 535 1890 Rudolphi
548 1847 582 1881 in
599 1842 765 1891 loquendo
787 1847 819 1881 &
831 1841 998 1881 scribendo
1021 1846 1121 1881 licen-

282 1897 344 1932 tia.
1039 1894 1118 1930 ibid.

233 1947 470 1983 Gnosticorum
485 1947 622 1987 fabulae.
651 1946 729 1993 176.
747 1958 776 1982 1.
789 1946 990 1981 Constante'r
1009 1955 1119 1980 tamen

283 1995 716 2042 praedicarunt'Eucharisiiae
723 1997 888 2029 veritatem
899 2021 909 2035 ,
920 1996 1038 2029 realem
1050 2007 1122 2039 prae-
1136 1995 1139 2052 Ι

283 2046 420 2080 sentiam
430 2069 440 2086 ,
466 2045 499 2078 ὅ(
511 2043 905 2079 transsubstantiationem
918 2070 925 2076 .
1007 2045 1082 2092 176.
1097 2058 1122 2084 2
1136 2053 1139 2072 ³

233 2094 456 2132 Godescalcus
465 2094 506 2129 de
518 2094 661 2129 vanitate
673 2105 711 2129 ac
723 2095 970 2139 praesumptione
982 2094 1065 2129 reste*
1076 2108 1122 2129 ar-

290 2156 403 2191 guitur
413 2170 421 2177 .
1037 2157 1054 2182 1
1084 2157 1122 2183 ·2

234 2195 459 2230 Godescalcus
483 2192 674 2230 miserabilis
694 2193 885 2229 Monachus
906 2196 1025 2229 reecam
1047 2157 1120 2230 citu-

286 2247 354 2281 sam
367 2244 486 2290 agebat
497 2269 509 2285 ‚
535 2246 568 2279 &
580 2255 691 2279 verum
709 2243 831 2288 dogma
844 2244 1010 2280 tuebatur.
1042 2243 1117 2282 18.1

235 2295 410 2340 Gorgonia
433 2296 521 2329 soror
546 2296 576 2330 S.
602 2295 756 2339 Gregorii
777 2295 978 2330 Nazianzeni
1005 2294 1120 2331 habuit

285 2343 504 2380 domesticum
516 2344 618 2379 altare
630 2368 642 2386 ‚
668 2345 703 2378 in
719 2355 787 2388 quo
807 2344 1046 2380 recondebatur
1057 2346 1120 2380 Eu-

284 2393 436 2430 charissia
448 2394 507 2429 sub
517 2403 653 2439 utraque
664 2394 768 2438 specie
777 2418 784 2426 .
811 2395 1001 2443 204.1.Fuit
1013 2397 1120 2442 fingu-

284 2444 351 2480 lare
363 2444 583 2488 privilegium,-
597 2443 679 2479 lbid.
693 2444 915 2480 Dominicum
926 2444 1120 2491 sanguinem

288 2493 441 2529 miscebat
449 2495 512 2528 suis
525 2495 675 2539 lacrymis
690 2520 698 2527 .
1007 2506 1086 2543 204.
1099 2508 1121 2531 2

237 2541 461 2580 Gothicar'uffi
482 2545 661 2580 litterarum
675 2546 772 2591 origo
784 2571 791 2578 .
1032 2547 1086 2582 26.
1102 2559 1117 2583 1

236 2596 291 2630 De
299 2595 401 2641 gratia
416 2594 546 2630 victrice
557 2595 738 2630 dostrinam
750 2594 865 2640 probat
876 2594 1120 2641 &Augustinus

286 2647 350 2680 esse
371 2644 401 2679 A
406 2644 599 2689 postolicam
622 2645 655 2680 &
668 2646 905 2690 Evangelicam
925 2657 967 2680 ex
990 2645 1122 2681 benedi-

289 2695 399 2730 trione
410 2719 420 2735 ‚
446 2696 500 2729 seu
511 2696 663 2730 oratione
675 2695 872 2732 sacerdotali
886 2721 903 2737 .,
1007 2706 1084 2745 240.
1102 2708 1116 2733 1

238 2744 353 2779 Graeca
370 2745 514 2780 Ecclesia
535 2742 635 2791 usque
653 2746 694 2782 ad
708 2746 854 2790 tempora
866 2744 1042 2781 Michaelis
1055 2746 1120 2781 Cae-

288 2794 398 2830 rularii
411 2804 485 2829 curn
498 2795 618 2830 Latina
630 2807 788 2831 concors.
1004 2794 1083 2843 358.
1098 2807 1121 2831 2

237 2843 343 2880 Graeci
355 2845 454 2880 etiarn
470 2846 540 2889 post
553 2846 734 2881 Turcicam
750 2846 977 2890 captivitatem
989 2847 1030 2880 de
1044 2848 1121 2881 veri-

288 2898 353 2929 tate
364 2894 574 2930 Eucharistiae
586 2897 668 2931 redit!
689 2897 834 2931 sentiunt
846 2922 853 2929 .
881 2906 961 2944 203.
974 2908 1007 2933 2.
1033 2896 1120 2931 Ana-

288 2942 397 2980 thema
408 2944 523 2980 dicunt
531 2945 661 2981 cuidam
673 2946 804 2989 Cyrillo
817 2946 941 2981 volenti
956 2946 1120 2981 Calvinia-

288 3005 365 3029 nam
374 2994 415 3028 de
426 2994 629 3030 Eucharistia
640 2994 781 3031 haer'efim
794 2996 1018 3031 introducere.
1044 2996 1121 3031 ibid:

239 3044 347 3080 Graeci
368 3045 404 3078 in
415 3045 610 3080 Florentino
621 3057 690 3081 non
708 3046 913 3090 disputarunt
936 3046 977 3080 de
989 3048 1122 3082 veritate

289 3092 497 3130 Eucharistiae
509 3119 517 3127 .
782 3138 785 3141 Δ
876 3135 879 3140 ‚
1017 3106 1064 3133 20
1069 3108 1095 3144 3.
1102 3109 1118 3133 1

239 3144 347 3179 Graeci
358 3144 480 3179 habent
490 3144 655 3189 duplicem
668 3154 757 3190 aquae
775 3141 949 3182 benedicta:
962 3148 1099 3190 speciem
1112 3173 1119 3181 .

293 3206 368 3241 155.
378 3205 409 3231 z.

240 3246 346 3281 Gtaeci
358 3246 463 3279 solent
473 3245 558 3280 circa
569 3244 765 3280 Latinorum
787 3257 834 3281 res
847 3245 931 3281 foede
942 3244 1120 3280 hallucina-

291 3296 317 3329 ri
330 3320 336 3327 .
370 3306 482 3343 ¹412·
495 3295 663 3340 Tempore
673 3296 827 3341 Gregorii
843 3296 992 3332 Vll.n0n
1005 3301 1121 3332 ornnes

289 3343 495 3380 Schismatici
509 3370 517 3377 .
1020 3356 1094 3393 144-
1102 3357 1116 3382 1

241 3395 428 3430 Graeco'rum
440 3395 573 3439 antiqua
586 3395 742 3440 iniquitas
752 3394 921 3441 Augustos
944 3398 1018 3433 suos
1028 3396 1081 3431 Pri
1087 3408 1120 3431 n-

290 3444 378 3487 cipes
387 3447 420 3480 in
433 3446 635 3480 Monafleriu
641 3455 675 3480 m·
684 3446 883 3492 conjiciendi
899 3471 907 3481 .
1009 3456 1085 3495 133·
1096 3459 1121 3486 z

341 3494 449 3537 Christ.
464 3499 545 3540 Lupi
558 3501 657 3540 Opera
667 3499 699 3535 Τ,
709 3494 761 3532 1²1.

1217 293 1577 332 excommunicatorum
1603 296 1844 333 absolutionem
1866 323 1878 339 ‚
1902 300 2049 335 animam

1217 349 1235 383 ὲ
1246 343 1483 391 gehennalibus
1493 344 1635 379 flammis
1647 345 1773 382 liberari
1786 357 1903 393 putant
1913 373 1920 380 .
1943 361 1988 395 25
1996 360 2047 391 7.1

1168 398 1357 434 Graecorum
1381 395 1497 430 mediis
1519 394 1642 429 saeculis
1660 393 1738 428 fides
1761 398 1801 432 de
1824 397 2049 434 Eucharistia.

1223 457 1265 492 19
1294 456 1343 482 ·2·’
1964 488 1967 491 .
1987 486 1993 494 „

1169 456 1359 531 Graecgrum
1385 494 1601 539 posterIorum
1638 493 1719 529 fides
1756 491 1799 528 de
1829 494 2031 533 Eucharistia
2043 522 2051 530 .

1220 556 1304 584 202.
1320 557 1349 583 1·

1170 596 1325 642 Gregorii
1347 595 1487 638 Nyffeni
1509 595 1615 639 lapsus
1630 593 1672 629 de
1694 605 1764 628 non
1783 592 1954 638 baptizatis
1976 619 1988 636 ,
2013 595 2055 631 de

1220 645 1338 689 quibus
1358 645 1445 680 solus
1466 646 1484 679 ὲ
1506 644 1657 679 Patribus
1682 644 1778 679 docet
1800 669 1812 685 ,
1837 644 1927 687 quod
1951 655 2057 688 neque

1220 695 1425 732 honorentur
1437 711 1448 736 ³
1476 706 1582 737 neque
1602 695 1781 739 puniantur
1802 693 1836 728 in
1847 694 1947 729 altera
1969 694 2057 730 vita.

1250 758 1300 784 11-
1326 758 1396 784 1-2-

1173 758 1327 843 Grg'gorii
1341 795 1384 830 V.-
1395 795 1436 830 de
1446 793 1604 831 Herluini
1627 793 1839 833 ordinatione
1848 795 1943 829 causa
1955 793 2062 829 discu-

1223 849 1305 882 titur
1318 872 1327 880 .
1393 885 1395 888 ¹
1699 884 1704 887 ,
1942 845 2021 889 364.
2035 849 2062 883 κ

1175 897 1355 942 Gregorius
1364 895 1425 931 vl.
1437 896 1533 932 antea
1543 898 1678 931 vocatus
1690 897 1832 940 Joan'nes
1858 893 2037 928 Gratianus
2048 909 2062 936 u'

1225 948 1266 983 ab
1278 947 1428 981 Henrico
1451 946 1508 981 111.
1520 947 1716 990 Imperatore
1736 947 1771 981 in
1783 944 1912 981 Sutrina
1925 942 2066 985 synodo

1225 997 1337 1032 cedere
1349 999 1476 1040 coaetus
1485 1022 1492 1030 .
1519 1003 1752 1045 232.1.234.1.
1769 995 1869 1031 Ultra
1882 1003 2013 1029 montes
2024 991 2068 1027 ab

1225 1048 1379 1083 Henrico
1389 1047 1585 1090 Imperatore
1596 1047 1784 1090 asportatur.
1797 1055 1911 1094 2322.
1923 1042 2067 1078 Videtur

1228 1100 1352 1144 primus
1370 1097 1561 1132 &Romanis
1578 1096 1800 1132 Pontificibus
1823 1104 1963 1130 armatos
1985 1092 2070 1127 mili-

1228 1153 1277 1185 tes
1299 1149 1485 1193 c'onegiffe,
1511 1148 1545 1181 &
1560 1146 1691 1182 aluiffe.
1720 1148 1803 1181 Non
1823 1145 1885 1179 fuit
1905 1143 2071 1179 Simonia-

1229 1209 1286 1234 cus
1298 1223 1307 1238 ,
1337 1203 1392 1232 'aut
1409 1197 1494 1232 certe
1505 1196 1614 1241 postea
1626 1197 1660 1230 in
1675 1195 1800 1241 Pap'atu
1814 1195 1985 1239 insigniter
1998 1203 2068 1227 cor-

1230 1251 1347 1284 restus.
1374 1258 1452 1294 235.
1483 1256 1515 1283 1.
1541 1247 1616 1280 Fuit
1635 1247 1720 1281 adeo
1743 1246 1867 1292 rigidus
1890 1245 2072 1279 Canonum

1229 1300 1359 1337 custos,
1381 1299 1417 1332 &
1440 1307 1603 1341 reparator
1623 1296 1800 1341 disciplinae
1826 1293 2073 1331 Ecclefiasticd,

1232 1361 1269 1385 ut
1283 1360 1351 1384 non
1364 1344 1470 1382 solum
1484 1346 1691 1382 Simoniacos
1701 1371 1712 1387 ,
1740 1347 1795 1381 sed
1808 1346 1909 1382 etiam
1921 1342 2074 1378 ambitio·

1232 1393 1304 1441 sos,
1331 1399 1411 1433 licet
1432 1407 1544 1432 caetera
1569 1396 1732 1438 idoneos,
1756 1396 1798 1431 ab
1825 1391 2075 1439 Episcopalibus

1232 1448 1408 1485 Cathedris
1432 1446 1658 1493 proscriberet.-
1962 1453 2076 1490 235-2.

1184 1500 1339 1545 Gregorii
1352 1498 1617 1533 V11.san6titas.
1650 1507 1730 1546 331.
1747 1494 1937 1544 1.Qando
1950 1504 2078 1528 creatus

1234 1551 1392 1585 Pontifex
1406 1550 1422 1581 ἒ
1449 1554 1514 1585 1.1.
1527 1548 1638 1582 Mittit
1649 1549 1793 1593 Legatos
1811 1550 1844 1580 in
1861 1543 2079 1580 Germaniam

1235 1599 1444 1644 procurandae
1454 1599 1542 1643 pacis
1553 1600 1646 1633 causa
1659 1623 1669 1639 ,
1683 1600 1785 1642 fitque
1797 1596 1962 1640 oppositio
1975 1620 1982 1626 .
2000 1605 2079 1640 51-2‘

1233 1651 1405 1686 Interdicit
1415 1649 1579 1689 Divinum
1592 1649 1739 1683 officium
1763 1648 1797 1681 in
1812 1645 1988 1680 Caffinenfi
2001 1646 2080 1679 Coe-

1237 1700 1363 1734 nobio.
1393 1699 1449 1744 65.
1469 1700 1496 1736 ι’.
1517 1698 1599 1741 Ejus
1623 1700 1704 1733 Acta
1728 1696 1893 1732 miraculis
1907 1695 2081 1730 confirma-

1235 1750 1267 1782 t'a
1288 1773 1296 1781 .
1306 1748 1386 1794 361.
1401 1749 1567 1783 2.0mnes
1579 1748 1786 1791 Apostolicas
1800 1745 1992 1781 traditiones
2005 1744 2082 1778 dili-

1235 1797 1420 1842 gentiffime
1433 1796 1641 1841 investigavit
1655 1822 1666 1838 ,
1685 1798 1718 1831 &
1732 1796 1942 1839 investigatas
1955 1792 2075 1827 studio(-

1235 1845 1348 1880 siffime
1362 1848 1396 1879 in
1409 1844 1490 1879 Aera
1503 1847 1619 1885 referre
1637 1847 1763 1880 curavit
1777 1869 1784 1877 .
1967 1855 2044 1891 395.
2062 1854 2079 1879 1

1186 1897 1369 1941 Gregorius
1391 1894 1469 1930 Vn.
1486 1892 1529 1930 ab
1550 1895 1644 1930 omni
1666 1896 1699 1929 in
1714 1895 1896 1939 Episcopos
1921 1894 2082 1928 violentia

1237 1947 1299 1981 fuit
1317 1947 1442 1980 alienus
1454 1971 1464 1986 ,
1489 1947 1521 1981 &
1533 1945 1575 1980 de
1587 1945 1648 1981 hac
1659 1956 1692 1981 re
1707 1942 1750 1980 ab
1760 1945 1911 1979 Henrico
1921 1944 1983 1979 IV.
1997 1943 2083 1977 male

1237 1998 1423 2032 accusatus.
1991 1997 2044 2041 98.
2059 2003 2085 2027 π

1187 2047 1367 2090 Gregorius
1383 2044 1458 2080 Vll.
1472 2043 1649 2080 Lectiones
1666 2044 1783 2079 devita
1796 2044 1849 2078 SS.
1864 2043 2083 2080 Pontificuma

1235 2098 1269 2130 &
1281 2097 1467 2138 Martyrum
1479 2095 1646 2128 Breviario
1658 2095 1794 2128 inseruit
1805 2104 1845 2126 ex
1860 2094 2015 2136 Epistolis
2028 2093 2065 2127 Isi
2075 2108 2086 2115 ⁴

1237 2146 1308 2181 dori
1322 2144 1516 2180 Mercatoris
1526 2167 1537 2184 ‚
1563 2153 1623 2177 nec
1634 2155 1703 2178 non
1713 2156 1752 2178 ex
1765 2142 1848 2176 libro
1864 2143 2061 2178 pontificali
2074 2159 2080 2164 -

1241 2207 1283 2233 10
1312 2208 1362 2233 ,1-

1188 2206 1368 2292 Greggrius
1378 2242 1498 2280 V11.ab
1510 2244 1714 2288 oppreffione
1726 2243 1866 2278 Henrici
1881 2254 1934 2286 per
1952 2242 2083 2278 R'ober-

1236 2296 1490 2331 tumliberatus.
1522 2305 1596 2341 137.
1620 2306 1650 2329 2.
1675 2294 1783 2328 Roma
1793 2293 1991 2328 abstrahitur
2007 2319 2019 2334 ,
2045 2295 2081 2329 ἃς

1237 2349 1270 2382 in
1283 2347 1486 2382 Salernitana
1499 2345 1634 2378 civitate
1645 2344 1941 2389 exuldefungitur.
1965 2342 2037 2392 138.
2057 2358 2077 2378 1.

1236 2395 1314 2446 338.
1327 2410 1346 2431 1.
1359 2407 1389 2430 2.
1404 2396 1484 2430 Non
1500 2398 1540 2428 eir
1551 2394 1670 2429 Castro
1683 2396 1712 2428 S.
1728 2396 1853 2440 Angeli
1863 2420 1875 2436 ,
1899 2394 1950 2429 sed
1963 2406 2004 2428 ex
2016 2396 2079 2429 La-

1236 2456 1351 2482 terano
1372 2448 1497 2490 fugerat
1510 2445 1679 2479 Salernum
1694 2471 1701 2478 .
1943 2456 2043 2493 39¹⁴-
2055 2457 2080 2481 2,-

1188 2498 1368 2543 Gregorius
1388 2496 1465 2531 VIL
1479 2494 1665 2531 Robertum
1689 2495 1909 2530 Guiscardum
1923 2506 1965 2529 ex
1979 2497 2077 2531 Duce

1236 2549 1269 2583 in
1285 2548 1412 2593 Regem
1439 2558 1508 2581 non
1521 2545 1630 2580 eveirit
1641 2570 1652 2586 ‚
1679 2557 1740 2585 nec
1754 2545 1892 2580 evehere
1905 2546 2054 2590 promisit
2066 2572 2075 2579 .

1236 2597 1301 2650 1¹38.
1314 2610 1332 2631 l.
1360 2598 1478 2641 Neque
1491 2621 1502 2637 ,
1529 2606 1566 2630 ut
1580 2595 1676 2631 illum
1699 2595 1757 2630 fibi
1768 2595 1980 2638 conciliaret,
2006 2597 2076 2640 ejus

1236 2649 1415 2694 progressus
1424 2646 1551 2691 adjuvit
1563 2669 1571 2678 .
1975 2658 2050 2695 137.
2062 2650 2074 2681 s

1187 2699 1366 2744 Gregorius
1377 2698 1454 2732 Vll.
1476 2695 1517 2732 ad
1529 2696 1731 2736 Michaelem
1744 2698 1876 2732 Ducam
1896 2697 2074 2741 Imperato-

1234 2759 1301 2783 rem
1314 2751 1481 2792 tamquam
1495 2746 1720 2782 orthodoxum
1734 2748 1861 2783 scribit.
1893 2758 1991 2795 ¹45⁴·
2014 2747 2072 2782 Ad

1234 2799 1386 2834 eumdem
1399 2798 1578 2834 solemnem
1589 2824 1601 2840 ‚
1629 2808 1766 2842 eamque
1786 2799 1903 2832 utilem
1920 2798 2074 2843 Legatioss

1235 2860 1309 2885 nem
1321 2849 1425 2883 mittit
1436 2874 1443 2881 .
1470 2848 1849 2896 1'45·²1·Q1111quag³¹¹t²
1871 2848 1977 2883 millia
1988 2848 2072 2882 mili·

1235 2909 1304 2933 tum
1319 2898 1448 2943 colligit
1458 2899 1499 2933 a'd
1513 2898 1762 2935 succurrendum
1787 2898 2070 2941 Constantinopo-

1234 2950 1341 2984 litano
1366 2949 1527 2991 Imperio.
1557 2994 1559 2996 ι
1806 2987 1813 2991 ,
1975 2947 2067 2992 146.1

1186 2999 1366 3045 Gregorius
1379 2998 1454 3048 VJI.
1467 2999 1591 3034 cunctis
1603 2998 1770 3034 Fidelibus
1782 2998 1919 3033 Decreta
1945 2999 1998 3032 sua
2010 2997 2069 3032 ob·

1234 3045 1434 3084 servantibus
1457 3049 1634 3093 plenariam
1654 3050 1786 3095 largitur
1807 3046 2070 3092 indulgentiam.-

1234 3097 1313 3137 262.
1327 3109 1353 3135 1·
1365 3096 1444 3135 280.
1456 3111 1477 3133 1.
1490 3100 1644 3135 Fueritne'
1655 3099 1777 3144 primus
1787 3098 1896 3133 similis
1909 3123 1920 3138 ‚
1944 3098 2066 3141 praeser-

1232 3151 1293 3184 tim
1316 3149 1391 3183 tam'
1403 3149 1613 3191 universalis,
1640 3150 1855 3194 Indulgentiae
1868 3173 1879 3189 ‚
1906 3147 2039 3182 Auth'or
2051 3148 2068 3183 ‚5

1232 3203 1341 3234 262.1.
1363 3199 1572 3234 Habueritne
1584 3199 1836 3243 justamcausam
1858 3199 2064 3233 concedendi

1231 3249 1396 3292 generales
1407 3249 1655 3294 Indulgentias?
1681 3258 1795 3295 303.1.
1810 3249 1842 3283 &
1853 3250 1915 3291 seq.
1929 3249 1993 3283 Eas
2004 3250 2064 3283 im-

1230 3308 1356 3343 pugnat
1366 3298 1481 3334 Clerus
1492 3299 1682 3334 Leodiensis
1699 3298 1849 3333 Ecclefiae
1861 3324 1868 3332 .
1947 3309 2025 3347 303.
2037 3308 2063 3332 x

1183 3347 1360 3392 Gregorius
1370 3348 1449 3384 vn.
1460 3349 1739 3384 Henricianorum
1751 3349 1926 3384 calumniis
1935 3347 2062 3389 impeti·

1232 3409 1301 3432 tus.
1332 3397 1451 3447 316·2.
1479 3409 1555 3447 320.
1567 3409 1597 3434 2.
1621 3400 1730 3443 &seq.
1756 3398 1813 3433 Ab
1835 3400 1990 3442 impositis
2001 3395 2058 3429 srbi

1227 3448 1421 3486 criminibus
1468 3461 1523 3495 per
1557 3451 1721 3494 sumptam
1756 3447 1992 3485 Eucharistiam
2028 3447 2066 3479 se·

1575 3501 1618 3535 M
1642 3511 1679 3536 m
1899 3502 2011 3541 expui-³
