2352 3756
337 177 435 224 374

261 253 361 299 ftopos
373 253 476 296 fecisse
502 253 684 286 videantur.
715 251 766 285 Ad
779 262 894 285 omnem
914 248 1085 292 huJusmodi
1105 259 1156 280 au-

861 158 1507 204 DrsseRTAT1o

1218 255 1322 282 contra
1334 246 1461 287 nestram
1477 257 1710 293 praeceptIonem
1725 263 1840 296 praeter
1859 265 1943 291 tuam
1965 267 2104 296 notitiam

265 308 382 340 daciam
393 304 645 345 comprimendam
657 303 783 346 vigilare
791 302 878 336 debet
890 299 1052 339 constantia
1077 303 1131 330 tua
1145 320 1156 336 ,
1213 299 1312 341 fuerit
1332 298 1492 332 ordinatus
1513 325 1524 341 ,
1551 304 1665 335 nullam
1681 304 1739 345 fibi
1761 309 1846 347 apud
1866 320 1918 340 nos
1931 309 2030 346 status
2052 314 2103 353 su,-

265 358 381 398 §piritu
391 360 424 387 in
435 362 465 387 te
473 351 580 397 sanc‘lo
582 353 750 396 fervente,
776 362 810 386 ut
833 353 890 385 vel
900 347 960 392 ipse
971 349 1111 388 ordines,
1133 344 1162 388 fi

262 415 371 450 potes,
397 405 451 439 vel
460 416 531 447 quos
536 404 734 447 judicaveris
762 399 923 443 Episcopos
948 399 1069 431 idoneos
1095 408 1160 431 cum

266 459 378 491 litteris
387 456 503 499 dirlgas
515 455 586 488 dato
596 452 753 497 consensu,
780 456 831 492 qui
851 449 955 491 poffint
977 454 1011 481 in
1035 450 1100 490 ejus
1121 447 1159 480 lo·

266 518 334 542 cum
344 529 356 547 ,
380 511 431 549 qui
441 505 599 548 defunditis
613 504 664 536 vel
673 499 816 543 depositus
821 500 923 542 fuerit
935 524 947 541 ,
969 499 1160 533 catholicum

267 555 468 601 Epist-opum,
494 558 529 590 ό·
550 559 617 588 vita
643 553 678 586 (9⁶
696 551 828 585 moribus
849 551 1034 593 probatum,
1054 550 1159 594 secun-

267 609 341 643 dum
351 612 489 642 Nicaenae
500 605 603 644 synodi
614 604 761 643 statuta,
788 602 839 636 vel
863 601 999 644 Ecclesiae
1014 605 1160 634 Romanae

267 661 417 693 clericum
439 682 451 697 ,
487 654 523 687 de
541 654 628 687 Clero
649 659 790 687 meritum
810 654 951 687 ordinare
975 677 982 684 .
1012 651 1067 685 Ex
1093 661 1161 695 quo

266 709 470 754 Byzantium
482 729 493 746 ‚
521 704 750 739 Heracleensis
774 705 809 737 in
825 704 964 747 Europae
978 701 1160 737 Provincia

266 756 498 801 Metropoleos
519 755 722 800 suffraganea
746 753 933 793 Parochia‚
962 752 1101 798 profecit
1125 752 1161 786 in

267 809 414 853 Regiam
425 806 760 850 Constantinopolim
781 805 815 840 &
838 815 962 840 novam
988 805 1160 843 Romam,

267 860 335 903 eJus
369 857 525 902 Episcopi
551 856 662 890 statim
689 865 862 899 coeperunt
887 867 959 890 non
983 855 1159 890 dumtaxat

267 908 556 952 Metropoliticam
569 930 582 947 ‚
607 905 662 941 sed
685 906 721 941 &
743 905 1001 941 Patriarchalem
1013 904 1161 951 dignita·

267 970 336 996 tem
346 958 474 995 ambire
485 982 497 998 ,
524 956 668 1001 ideoque
679 967 748 991 non
760 957 867 991 solum
879 956 1056 997 Thracicae
1067 955 1161 990 Dioe-

268 1013 379 1046 ceseos
396 1033 407 1049 ‚
433 1008 489 1042 sed
513 1009 615 1043 etiam
637 1008 819 1044 orientalis
829 1008 958 1052 Illyrici
967 1007 1162 1045 Provincias

267 1060 463 1100 sollicitare,
491 1058 628 1099 rodere,
654 1058 834 1094 invadere.
862 1059 959 1103 Hinc
979 1058 1162 1097 enim-San-

269 1113 336 1145 &us
363 1109 510 1153 Anysius
527 1134 539 1150 ,
578 1109 800 1154 Metropolita
837 1107 1186 1146 Thessalonicensi83·

267 1161 428 1196 invitatus
451 1160 557 1195 adfuit
577 1160 734 1205 utrique,
759 1171 801 1194 ex
825 1172 890 1205 qua
915 1160 1056 1194 secunda
1068 1158 1163 1194 ‹meu-

267 1212 434 1247 menicam
456 1211 668 1252 conflamus,
693 1211 1081 1255 Constantinopolitanae
1106 1210 1164 1253 Sy·

267 1262 380 1298 nodo.
412 1263 508 1296 Hinc
528 1262 610 1296 irem
632 1260 749 1298 eadem
772 1262 889 1297 civitas
901 1262 1103 1306 quandoque
1115 1272 1164 1294 ac-

267 1314 355 1358 cepit
377 1322 442 1348 tres
465 1312 560 1347 simul
584 1313 785 1357 Episcopos.
815 1312 948 1357 Nempe
959 1311 1163 1348 duosaduo-

267 1363 331 1399 bus
350 1364 391 1398 de
414 1364 529 1399 eadem
558 1363 758 1409 suffraganea
784 1364 920 1398 clvitate
955 1361 1163 1407 litigantibus

267 1413 526 1459 Metropolitis,
553 1414 688 1449 tertium
724 1415 743 1449 ὲ
782 1413 1162 1457 Constantinopolitano

268 1464 438 1508 Episcopo
448 1474 467 1497 .·
487 1465 576 1510 Quis
585 1465 677 1499 enim
685 1464 795 1499 credat
807 1470 873 1499 tres
883 1464 1082 1508 quandoque
1091 1463 1161 1497 Me-

266 1514 443 1558 tropolitas
453 1513 493 1548 de
505 1515 620 1549 eadem
635 1514 771 1549 civitate
794 1516 994 1549 concertasse
1008 1515 1030 1547 ,θ’
1051 1513 1161 1548 Etiam

267 1566 393 1610 poffint
403 1566 536 1599 certasse
548 1565 615 1599 duo
629 1566 733 1600 Elet‘ri
745 1590 756 1606 ,
774 1566 807 1600 ὃ(
819 1565 838 1599 ὲ
848 1565 980 1600 diversis
992 1563 1160 1609 Metropo-

266 1616 337 1651 litis
359 1616 455 1650 fuiffe
466 1616 661 1650 consecrati.
688 1616 791 1650 Poffit
813 1617 893 1650 item
915 1616 1092 1651 occurrisse
1113 1626 1161 1649 ca-

267 1668 323 1701 sus
334 1689 344 1706 ,
359 1678 401 1700 ex
414 1678 481 1711 quo
494 1667 629 1702 Sanstus
642 1666 832 1701 Ambrosius
841 1666 968 1710 Illyrici
981 1676 1078 1710 caput
1088 1666 1162 1708 Syr·

268 1719 376 1752 mium
388 1715 539 1752 accedere
550 1716 686 1756 debuit,
714 1716 883 1751 &ibidem
898 1717 1099 1759 Episcopum
1113 1726 1156 1748 or-

267 1769 399 1811 dinare.
428 1768 609 1815 Qidquid
625 1768 684 1807 sit,
697 1767 871 1800 adversum
886 1766 1008 1799 similes
1018 1766 1161 1799 excessus

264 1830 307 1853 ac
319 1819 449 1862 rapinas
459 1820 594 1852 sanstus
605 1817 769 1850 Damasus
780 1815 940 1849 Pontifex
962 1815 1033 1848 istic
1055 1815 1159 1848 erexit

268 1879 396 1903 novum
424 1867 628 1911 Apostolicae
657 1865 880 1909 delegationis
903 1864 1158 1908 Magistratum:

270 1917 532 1961 Archiepiscopo
545 1910 831 1957 Thessalon'icensi
843 1913 935 1947 dedit
950 1913 1161 1957 Apostolicas

269 1969 357 2003 vices
371 1979 426 2012 per
438 1977 576 2002 omnem
589 1965 714 2008 lllyrici
725 2008 726 2014 ἵ
737 1963 914 1998 Dioecesim
929 1988 936 1995 .
963 1963 1070 1998 Dedit
1094 1973 1161 2006 per-

270 2022 377 2057 sonae,
404 2030 474 2052 non
486 2016 560 2050 Sedi
574 2040 582 2048 .
612 2015 705 2048 Hinc
719 2017 826 2055 novus
837 2015 961 2055 semper
977 2013 1161 2056 Episcopus

271 2069 388 2104 debuit
402 2077 527 2101 novum
539 2067 663 2108 semper
675 2060 836 2107 Dipioma
858 2063 1005 2105 accipere
1016 2087 1023 2094 .
1050 2063 1161 2096 Etiam

271 2118 359 2154 idem
373 2117 553 2160 Episcopus
565 2115 582 2148 a
596 2125 685 2148 novo
696 2106 818 2155 semper
829 2111 997 2145 Pontifice
1019 2137 1027 2143 .

325 2169 368 2202 Et
389 2168 491 2209 usque
513 2175 594 2198 tunc
618 2163 754 2206 quisque
764 2161 833 2196 illic
846 2161 1069 2205 Metropolita
1085 2173 1161 2196 con-

272 2217 416 2253 secrabat
436 2218 511 2250 suos
536 2214 767 2258 Suffraganeos
787 2236 799 2252 ‚
838 2212 872 2246 ὃς
896 2210 937 2244 ab
958 2213 1032 2255 ipsis
1054 2214 1162 2246 conse-

271 2269 424 2304 crabatur
437 2292 448 2308 ,
475 2275 568 2299 more
587 2263 724 2299 aliarum
742 2261 1014 2299 Occidentalium
1028 2262 1163 2296 Provin-

271 2321 396 2354 ciarum
409 2344 419 2360 ‚
446 2314 589 2363 gratiose
607 2315 744 2348 indutio
766 2323 864 2357 atque
874 2312 1007 2347 indulto
1019 2324 1073 2356 per
1084 2313 1166 2356 ipsos

274 2368 459 2415 Apostolos
471 2393 479 2401 .
509 2366 645 2401 Etenim
663 2365 753 2398 Tito
766 2388 776 2404 ‚
804 2364 965 2398 Cretensis
987 2361 1027 2397 ad
1041 2363 1165 2407 lllyrici

273 2420 455 2457 Dioecefim
485 2415 658 2461 spestantis
691 2413 877 2448 Provinciae
904 2414 1013 2457 primo
1037 2414 1168 2449 Metro-

274 2473 390 2517 politae
407 2495 418 2510 ‚
445 2466 617 2503 mandavit
643 2466 782 2500 Sandius
810 2464 935 2499 Paulus
959 2464 1167 2508 Apostolus,

272 2533 312 2557 ut
335 2533 390 2565 per
411 2530 528 2554 omnes
549 2518 699 2552 civitates
713 2514 926 2563 constitueret
938 2514 1169 2559 Presbyteros,

275 2571 311 2607 id
334 2573 403 2613 est,
429 2570 613 2614 Episcopos
636 2567 840 2601 consecraret
861 2591 868 2599 .
908 2566 1015 2600 Hunc
1043 2576 1171 2600 morem

276 2622 418 2660 muravit
430 2621 594 2655 Damasus
606 2644 613 2651 .
641 2618 768 2651 Omnes
782 2616 885 2651 totius
898 2615 1059 2652 Dioecefis
1070 2616 1172 2650 etiam

277 2672 503 2708 Provinciales
540 2669 723 2715 Episcopos
761 2667 868 2701 voluit
904 2667 1090 2702 consecrari
1119 2676 1172 2710 per

279 2725 374 2759 suurn
397 2722 573 2758 Vicarium
597 2746 605 2753 .
644 2718 810 2753 Omnium
834 2717 907 2751 istic
930 2717 1172 2762 Episcoporum

281 2774 542 2808 consecrationes
554 2769 696 2806 reddidit
709 2769 785 2803 Sedi
800 2767 1016 2811 Apostolicae.
1045 2768 1090 2801 Et
1105 2767 1174 2810 ejus

282 2823 464 2859 Decretum
486 2822 622 2858 Sir-icius
642 2821 676 2854 in
697 2819 763 2863 jam
787 2817 936 2852 addustis
949 2818 1175 2852 litterisinno-

284 2874 374 2908 vavit
395 2875 429 2908 ὃς
450 2872 676 2909 confirmavit.
703 2870 746 2904 Et
768 2868 813 2902 ita
837 2868 1176 2912 videturfuiffeusque

286 2924 328 2959 ad
349 2924 459 2959 Sanc‘ti
479 2936 517 2958 ac
539 2922 661 2967 Magni
675 2920 801 2955 Leonis
813 2918 1055 2953 Pontificatum
1070 2943 1078 2952 .
1106 2919 1175 2952 Dua

287 2985 361 3009 rum
382 2974 505 3018 quippe
529 2973 563 3007 id
577 2974 682 3006 visum
694 2971 740 3004 est
753 2970 983 3012 Metropolitis
996 2994 1007 3010 ‚
1034 2969 1176 3012 ideoque

290 3037 359 3060 non
382 3025 493 3059 minus
513 3023 610 3067 quarn
637 3021 789 3054 Hilarius
803 3018 1057 3053 Arelatenfisilli
1071 3020 1178 3053 adver·

290 3076 344 3112 sus
365 3075 483 3111 Sedem
507 3071 739 3118 Apostolicam
761 3081 1007 3105 murmurarunt
1024 3096 1031 3104 .
1058 3067 1178 3117 Qesti

292 3129 369 3162 sunt
391 3127 422 3160 se
443 3125 507 3159 esse
527 3123 598 3158 solo
614 3121 751 3156 nomine
762 3121 1018 3164 Metropolitas,
1044 3130 1179 3155 omnem

291 3178 361 3221 ejus
382 3176 439 3211 fibi
462 3175 606 3210 ablatam
628 3182 695 3206 rem
719 3172 874 3206 tranfiiffe
897 3172 938 3206 ad
960 3171 1180 3205 Pontificem.

157 3230 213 3268 Ep·
232 3234 280 3262 24·
294 3227 387 3262 Hinc
405 3227 448 3262 ad
469 3224 677 3261 Anastafium
695 3221 1023 3256 Thessalonicensem
1050 3222 1182 3265 Episco-

295 3289 374 3321 pum
397 3303 407 3318 ,
433 3278 530 3311 suum
552 3274 623 3309 istic
645 3272 819 3308 Vicarium
840 3296 851 3312 ,
889 3273 1011 3315 scripsit
1034 3272 1181 3306 laudatus

296 3328 387 3362 Leo:
415 3328 531 3362 Nullus
557 3335 586 3359 te
603 3322 767 3368 inconsulto
783 3332 839 3366 per
863 3324 932 3356 illas
956 3320 1095 3364 Ecclefias
1106 3322 1182 3354 ordi-

298 3385 381 3411 netur
406 3369 529 3416 Antistei
544 3402 551 3410 .
579 3379 629 3410 Ita
654 3381 734 3408 enim
753 3374 830 3417 fiet,
857 3383 890 3406 ut
903 3372 964 3414 fint
985 3374 1022 3406 de
1036 3372 1180 3416 eligendis

298 3436 419 3461 matura
433 3428 577 3467 judicia,
603 3428 676 3459 dum
693 3435 754 3458 tuae
776 3423 950 3457 Dilet‘lionis
977 3434 1103 3456 examen
1117 3420 1181 3463 for-

298 3479 433 3513 midatur
444 3502 451 3509 .
476 3474 621 3519 ,Quisquis
643 3478 715 3510 vero
728 3477 765 3509 de
778 3474 1014 3517 Metropolitanis
1025 3470 1179 3515 Epifiopis

1220 351 1272 392 effit
1283 354 1402 382 noverit
1409 349 1587 391 firmitatem
1597 378 1608 393 ‚
1634 352 1735 398 eosque
1744 355 1947 399 usurpationis
1953 358 2018 402 suae
2029 386 2040 402 ,
2052 370 2104 405 qui

1221 400 1272 433 hoc
1289 397 1539 443 praesumpserint
1551 427 1564 443 ‚
1589 409 1735 438 rationem
1757 409 1948 442 reddituros.
1975 412 2104 453 singulis

1221 459 1320 485 autem
1329 453 1569 493 Metropolitants
1580 478 1591 494 ‚
1613 453 1684 498 ficut
1691 458 1820 498 potestas
1833 459 1885 492 illa
1896 466 2103 504 committitur,

1221 511 1254 535 ut
1273 508 1307 536 in
1321 499 1390 544 suis
1414 505 1590 538 Provinciis
1605 507 1664 547 jus
1683 505 1819 543 babeant
1839 511 2005 544 ordinandi
2022 536 2034 553 ,
2060 517 2105 544 ita

1221 555 1290 595 eJ'us
1310 555 1553 595 Metropolitanos
1565 557 1586 587 ἃ
1598 563 1628 588 te
1647 558 1784 591 volumus
1807 560 1960 600 ordinari,
1985 571 2101 596 maturo

1222 613 1324 638 tamen
1335 604 1370 637 (τ
1381 604 1612 647 decoHojudicio
1622 632 1629 639 .
1658 610 1816 651 ,Quamvis
1828 615 1910 644 enim
1930 623 2033 646 omnes
2045 618 2105 645 An-

1221 654 1326 696 tistites
1347 653 1487 696 probatos
1509 658 1543 690 (9⁴
1567 661 1627 690 Deo
1648 660 1774 699 placitos
1796 661 1898 694 deceat
1923 661 2105 706 consecrari,

1222 704 1274 738 bos
1292 715 1394 740 autem
1409 707 1582 748 praecellere
1606 709 1742 743 volumus
1763 735 1775 751 ,
1812 723 1885 754 quos
1914 713 2104 755 praefuturos

1221 755 1270 789 bis
1282 780 1294 797 ,
1319 762 1370 799 qui
1390 758 1436 789 ad
1450 756 1485 802 se
1501 761 1677 801 pertinent,
1704 760 1972 804 consacerdotibus
1985 768 2104 797 noveri-

1223 818 1305 841 mus.
1334 807 1379 841 Et
1401 807 1442 842 ad
1466 811 1603 843 cuneros
1625 809 1716 844 istius
1737 811 1894 847 Dioeeesis
1907 813 2107 858 Metropoli-

1214 867 1271 891 ‘tas
1293 858 1434 902 scripsit:
1461 863 1511 892 Ita
1521 871 1576 893 vos
1587 861 1744 903 adinum,
1772 862 1974 906 Episcopum
1996 876 2034 899 ac
2045 862 2107 898 Vi-

1223 907 1348 943 carium
1369 907 1701 945 Thessalonicensem
1722 937 1733 953 ,
1765 919 1920 955 pertinere
1945 915 2080 948 volumus
2093 938 2106 955 ‚

1224 968 1258 992 ut
1279 960 1324 992 ad
1343 970 1400 993 vos
1421 962 1654 995 Provinciarum
1664 961 1830 1001 vestrarum
1836 969 1995 1005 pertinent
2005 967 2107 998 sacer·
2124 953 2178 991 ΕΡ·
2199 959 2248 990 ²5⁴

1225 1010 1305 1045 dotes
1321 1035 1329 1042 .
1353 1011 1419 1051 ‚Qui
1439 1012 1506 1052 ergo
1523 1010 1654 1052 Jurefibi
1665 1011 1760 1046 debito
1769 1019 1964 1056 aucupium,
1993 1014 2108 1057 Aposto-

1223 1062 1286 1094 licae
1307 1060 1394 1094 Sedis
1405 1058 1582 1094 auctoritate
1603 1064 1723 1104 concessa
1728 1071 1784 1104 per
1790 1063 1882 1107 suam
1890 1071 2107 1099 contumaciam

1225 1116 1399 1144 imminuere
1417 1122 1476 1145 non
1498 1115 1655 1144 nitantur.
1685 1114 1725 1144 Ut
1740 1115 1812 1145 vero
1830 1115 1986 1148 Dileeltont
1997 1115 2106 1156 vestrae

1227 1166 1398 1199 Provinciae
1422 1162 1574 1195 ordinatio
1594 1165 1788 1204 permittitur
1813 1164 2006 1198 Sacerdotum
2023 1190 2035 1206 ‚
2060 1172 2108 1199 ita

1228 1217 1373 1246 Fratrem
1396 1213 1431 1246 ὁ·
1453 1210 1660 1256 coepiscopum
1681 1211 1807 1253 nostrum
1819 1211 2000 1255 Anastafium
2009 1216 2046 1247 de
2066 1227 2109 1248 or-

1226 1264 1361 1297 dinando
1379 1262 1514 1303 Antistite
1527 1263 1664 1296 volumus
1673 1260 1835 1306 consulatis
1847 1288 1858 1305 ‚
1884 1269 1930 1298 cui
1940 1267 2110 1307 Metropoli-

1226 1320 1292 1348 tam'
1305 1312 1447 1357 Episcopi
1458 1311 1699 1356 consecrationem
1703 1312 1865 1353 statuimus
1876 1312 2047 1358 reservari,
2073 1325 2110 1350 ut

1225 1378 1255 1398 eo
1267 1363 1435 1408 inqutfitore
1445 1373 1537 1407 atque
1545 1363 1656 1404 custode
1669 1388 1680 1405 ‚
1706 1375 1772 1398 cum
1791 1373 1879 1399 certae
1900 1366 2030 1406 licentiae
2051 1376 2112 1398 mo·

1225 1417 1285 1449 dus
1297 1420 1481 1458 imponitur,
1506 1412 1713 1456 Ecclefiasticae
1732 1413 1899 1458 difhiplitiae
1917 1421 1951 1449 in
1974 1415 2111 1450 omnibus

1225 1467 1292 1500 ordo
1298 1465 1439 1509 servetur
1452 1490 1460 1498 .
1488 1465 1602 1500 Sancit
1613 1466 1700 1500 varia
1713 1490 1720 1498 .
1748 1465 1864 1500 Primo
1875 1490 1887 1506 ‚
1913 1475 1950 1500 ut
1971 1464 2111 1501 Provin-

1225 1517 1358 1552 cialium
1373 1516 1615 1560 Episcoporum
1628 1516 1744 1551 elestio
1768 1527 1824 1560 per
1844 1515 2018 1550 Vicarium
2035 1527 2115 1551 exa·

1225 1569 1370 1602 minetur
1382 1567 1657 1602 &confirmetur.
1686 1563 1842 1601 Secundo
1862 1566 2025 1610 permittit
2036 1591 2048 1607 ‚
2073 1576 2114 1601 ut

1226 1619 1275 1652 isti
1290 1617 1395 1652 Elesti
1419 1618 1454 1652 &
1479 1617 1679 1652 Confirmati
1701 1628 1757 1660 per
1781 1618 1857 1652 suos
1876 1615 2116 1661 Metropolitas

1184 1677 1187 1707 ζ
1222 1670 1470 1704 consecrentur.
1497 1667 1639 1709 Tertio,
1664 1666 1958 1711 Metropolitarum
1981 1666 2113 1700 electio·

1223 1730 1300 1753 nem
1312 1718 1382 1753 vult
1394 1716 1495 1762 longe
1506 1717 1646 1751 stri-{lius
1656 1728 1712 1760 per
1724 1716 1899 1751 Vicarium
1907 1716 2089 1750 examinari
2098 1739 2112 1756 ,

1221 1769 1256 1802 &
1268 1778 1346 1802 ante
1356 1767 1638 1801 consecrationem
1652 1766 1842 1800 confirmari
1857 1788 1866 1798 .
1882 1764 2015 1812 Qarto
2028 1765 2118 1808 ipso·

1224 1829 1296 1851 rum
1318 1816 1603 1851 consecrationem
1625 1816 1764 1850 Vicario
1783 1813 1941 1858 privative
1951 1815 2111 1856 reservat.

1223 1866 1358 1915 Qinto
1371 1865 1532 1909 permittit
1543 1864 1704 1904 Vicario,
1730 1874 1767 1899 ut
1778 1866 1924 1909 ipsorum
1946 1865 2113 1901 consecra-

1221 1918 1348 1952 tionem
1378 1916 1473 1959 poffit
1495 1915 1842 1959 Comprovincialibus
1862 1915 2034 1959 delegare.
2060 1914 2112 1950 Ea

1223 1965 1444 2008 subjectione,
1471 1975 1535 2007 qua
1553 1964 1783 1998 Provinciales
1806 1965 1965 2008 Episcopi
1985 1966 2113 2000 Metro-

1223 2015 1333 2061 politae
1345 2014 1479 2048 subsunt
1489 2039 1501 2054 ,
1527 2014 1600 2048 vult
1611 2013 1845 2057 Metropolitas
1870 2013 1993 2048 subesse
2012 2014 2113 2050 Vica-

1223 2067 1293 2100 rio.
1323 2062 1465 2096 Exstant
1480 2063 1547 2096 istae
1561 2062 1707 2106 epistolae
1732 2064 1767 2097 in
1790 2062 1960 2097 Bonifaci'r
1977 2063 2113 2099 secundi

1224 2116 1379 2150 Romana
1390 2110 1529 2155 synodo
1544 2136 1556 2153 ,
1583 2111 1751 2157 publicata
1758 2124 1815 2157 per
1837 2113 2029 2148 Dominum
2047 2115 2114 2149 Lu-

1223 2177 1296 2202 cam
1311 2162 1525 2198 Holstenium
1536 2187 1545 2196 .

1274 2215 1319 2249 Et
1331 2214 1399 2248 haec
1412 2213 1526 2247 omnia
1548 2214 1683 2248 Sanetus
1703 2214 1777 2248 Leo
1797 2214 1973 2250 confirmat
1993 2214 2029 2250 in
2047 2214 2114 2250 alia

1226 2266 1267 2300 ad
1288 2264 1431 2300 eundem
1455 2262 1664 2298 Anastasium
1689 2264 1841 2307 epistola.
1870 2265 2031 2303 Decet-nit
2055 2266 2115 2308 pri-

1229 2315 1299 2351 mo.
1331 2315 1498 2349 secundum
1520 2314 1694 2348 sannorum
1708 2318 1835 2348 Patrum
1857 2319 1996 2348 Canones
2009 2339 2019 2354 ‚
2046 2317 2115 2357 spi-

1227 2374 1290 2401 ritu
1303 2370 1359 2399 Dei
1369 2365 1499 2399 conditos
1513 2364 1548 2398 Θ
1557 2370 1647 2397 totius
1658 2367 1764 2398 mundi
1775 2370 1947 2398 reverentia
1968 2363 2115 2408 conseera-

1229 2428 1276 2451 tos
1289 2442 1300 2458 ‚
1325 2416 1570 2457 Metropolitanos
1573 2413 1764 2459 singularum
1783 2418 2014 2448 Provinciarum
2035 2418 2114 2457 Epi-

1225 2467 1347 2512 ftopos,
1374 2465 1480 2508 quibus
1500 2475 1539 2498 ex
1562 2465 1746 2509 delegatione
1768 2464 1865 2506 nostra
1890 2469 2114 2499 Fraternitatis

1192 2525 1202 2545 (
1232 2528 1293 2552 tuae
1303 2528 1375 2550 cura
1383 2515 1590 2557 praetenditur
1602 2540 1613 2556 ,
1631 2517 1687 2556 Jus
1706 2516 1833 2548 tradita·
1836 2514 1893 2556 fibi
1916 2521 2051 2558 antiquae
2070 2515 2116 2547 dt-

1230 2572 1363 2614 gm'tatis
1386 2573 1598 2598 intemeratum
1620 2564 1727 2599 habere
1747 2566 1951 2606 decernimus,
1978 2571 2022 2598 ita
2041 2575 2075 2598 ut
2092 2567 2114 2597 ἃ

1233 2619 1343 2664 regulis
1360 2614 1539 2658 praestitutis
1557 2616 1640 2649 nulla
1660 2624 1716 2649 aut
1738 2617 1921 2660 negligentia
1935 2640 1946 2656 ‚
1971 2625 2028 2649 aut
2034 2624 2117 2658 prae-

1229 2669 1398 2713 sumptione
1419 2666 1563 2700 decedant
1583 2691 1591 2698 .
1630 2665 1693 2700 Per
1713 2665 1792 2700 istos
1812 2666 1956 2701 Divinos
1978 2666 2116 2700 Parrum

1236 2720 1393 2754 Canones
1404 2716 1563 2759 intelligit
1575 2716 1656 2750 sexti
1669 2715 1801 2750 Nicaeni
1824 2716 1975 2752 Canonis
1993 2715 2118 2750 clausu·

1237 2770 1302 2804 lam
1317 2781 1325 2801 :
1352 2771 1422 2802 Suis
1437 2766 1601 2810 privilegia
1606 2765 1767 2809 serventur
1780 2765 1915 2808 Ecclefits
1928 2790 1935 2798 .
1964 2765 2118 2800 Affirmat

1238 2832 1293 2865 pet
1308 2817 1520 2862 Apostolicas
1531 2817 1568 2850 in
1583 2816 1721 2860 Illyrico
1734 2817 1821 2851 vices
1846 2828 1906 2851 nec
1929 2816 2118 2855 exsufflari,

1239 2883 1299 2906 nec
1320 2867 1450 2904 castrari
1473 2867 1524 2911 jus
1544 2867 1857 2911 Metropoliticum:
1883 2865 2119 2910 Metropolitas

1239 2931 1373 2956 manere
1384 2917 1616 2961 Metropolitas
1629 2942 1640 2958 ,
1666 2928 1735 2951 non
1748 2917 1819 2951 solo
1837 2916 1973 2951 nomine
1983 2941 1994 2957 ,
2022 2915 2074 2949 sed
2085 2917 2120 2950 δε

1240 2984 1292 3007 re.
1321 2969 1435 3004 Palam
1451 2968 1566 3002 obviat
1585 2968 1720 3002 illorum
1739 2966 1969 3011 querimoniis.
2002 2966 2046 2999 Et
2064 2966 2120 3000 ad-

1239 3022 1366 3067 jungit:
1395 3023 1421 3052 A
1439 3017 1616 3061 praestitutis
1636 3019 1745 3061 regulis
1766 3028 1824 3049 non
1843 3017 1988 3049 decedant
2002 3040 2009 3047 .
2039 3015 2120 3050 Uti-

1240 3085 1304 3118 que
1315 3073 1333 3105 a
1348 3069 1530 3114 praestitutis
1540 3068 1661 3112 regulis
1671 3068 1757 3102 circa
1781 3066 1966 3110 Apostolici
1990 3064 2123 3100 Vicarii

1240 3123 1486 3158 auctoritatem.
1514 3116 1665 3153 Secundo
1677 3118 1845 3151 decernit:
1873 3118 1950 3149 Cum
1958 3117 1996 3149 de
2008 3118 2121 3149 summi

1241 3173 1407 3208 Sacerdotis
1418 3169 1553 3204 elec‘lione
1566 3168 1747 3201 tractabitur
1759 3192 1771 3208 ,
1798 3169 1846 3201 ille
1859 3166 1995 3200 omnibus
2002 3174 2122 3209 praepo-

1241 3232 1346 3264 natur,
1368 3232 1454 3266 quem
1466 3221 1546 3255 Cleri
1553 3219 1714 3261 populique
1725 3215 1876 3262 consinfics
1886 3218 2065 3251 concorditer
2069 3224 2122 3259 po-

1234 3275 1353 3315 stularit
1364 3299 1371 3306 .
1401 3276 1450 3305 lta
1457 3279 1490 3304 ut
1496 3267 1526 3311 fi
1537 3275 1569 3302 in
1583 3268 1765 3311 aliamforte?
1771 3266 1930 3311 personam
1945 3273 2079 3310 partium
2086 3263 2122 3308 se

1242 3335 1315 3358 vota
1341 3320 1504 3366 diviserint·
1518 3344 1528 3359 ,
1555 3320 1778 3361 Metropolitum·
1782 3320 1900 3359 judicio
1909 3324 1936 3350 is
1947 3317 2038 3350 alteri
2044 3324 2125 3357 prae-

1235 3375 1360 3417 feratur
1373 3398 1384 3414 ‚
1410 3377 1462 3415 qui
1471 3370 1633 3410 majoribus
1644 3368 1791 3409 &studim
1803 3371 1931 3406 iuvatur
1940 3369 1975 3401 &¹
1986 3370 2101 3398 meritis
2115 3388 2124 3397 .

1243 3426 1375 3458 Tantum
1384 3432 1417 3456 ut
1439 3423 1535 3454 nullus
1559 3425 1668 3453 invitis
1691 3421 1726 3453 (⁸3⁵
1746 3431 1804 3451 non
1817 3416 1989 3460 petentibus
2010 3417 2126 3449 ordine-

1243 3486 1316 3515 tur,
1343 3485 1380 3508 ηε
1400 3472 1488 3516 plebs
1508 3476 1611 3504 invita
1633 3467 1814 3512 Epifiopum
1834 3478 1893 3501 non
1913 3474 2051 3509 optatum
2074 3474 2127 3499 aut

2013 3527 2080 3553 con-
