2352 3756
887 88 1447 137 Couc1r1ua.

238 180 385 226 clesiasque
406 182 484 214 alias
507 185 653 213 terrarum
683 182 768 213 unius
787 182 909 220 imperio
912 177 1021 221 sulgiici
1037 177 1119 209 vide·

238 242 317 266 retur
342 229 587 274 consentaneum,
613 231 677 262 cum
702 230 793 262 antea
821 229 976 262 Romanus
1003 225 1119 269 Episco-

234 291 295 324 pus
306 306 316 322 ‚
343 291 375 314 ut
388 292 438 314 nec
460 290 630 314 caeterorum
640 278 796 322 quisquam
807 304 818 319 ,
844 290 894 312 nec
900 283 1018 320 primus
1033 277 1097 320 esset
1111 302 1121 317 ,

238 331 472 373 aecpostremus.
501 331 537 363 ln
566 330 695 364 laudata
717 330 926 373 Imperatoris
950 327 1122 371 Justiniani

239 381 313 427 lege
335 392 427 425 urget
449 379 604 418 verbum,
630 382 817 413 Decernimus
841 401 852 417 ‚
876 378 911 412 δε
931 376 1122 412 concludit:

239 433 272 464 Si
294 431 450 464 Romanus
473 428 637 472 Episcopus
659 432 750 463 anteli
759 428 985 471 primutfuiffet
998 453 1009 468 ‚
1035 424 1124 469 orbis-

239 492 296 523 que
316 490 464 514 terrarum
483 479 615 518 Pastore
638 482 726 512 Petro
747 478 916 519 constitutus
928 503 938 517 ,
966 488 1124 519 numquam

236 531 345 573 proc'ul
375 530 461 562 dubio
488 530 667 570 Divinifflmi
694 534 886 571 Imperatores
915 527 1122 567 Constantinus

240 582 277 614 o·
293 582 324 624 J
327 578 488 618 ustinianus
511 588 544 611 ut
565 579 602 612 de
623 590 655 612 re
674 576 724 621 sui
738 581 823 620 juris
842 576 878 617 fic
899 578 1124 620 promulgaffimt

237 628 418 672 sanc‘lionem
443 640 452 670 3
492 631 681 661 Decernimus
707 637 739 661 ut
766 629 922 661 Romanus
961 625 1124 668 Episcopus

236 678 276 720 fit
282 685 398 720 primus
409 683 534 710 omnium
546 680 728 711 sacerdotum
742 703 749 711 .
777 679 872 720 quue
883 678 949 710 ideo
969 675 1100 716 primum
1115 699 1125 714 ,

240 735 314 770 quia
335 730 418 761 nulla
438 737 509 770 opus
524 727 625 770 suisset
646 729 707 772 lege
720 753 727 760 .
757 729 897 767 Deinde,
922 731 1074 767 impletate
1093 722 1125 767 se

240 778 413 820 obstringere
440 779 538 810 videri
560 781 673 820 poffent
702 801 712 816 ‚
732 776 763 819 si
785 780 870 810 Petri
892 774 1064 817 potestatem
1089 785 1123 806 ac

235 826 534 870 Jurisdic‘lionemsibi
544 836 715 868 arrogarent
728 849 738 865 ,
765 827 900 867 quodque
916 832 962 856 tot
973 825 1020 856 ille
1033 826 1124 857 antec?

237 874 355 919 saeculis
373 874 518 917 sanxerat
530 898 540 914 ,
567 876 602 907 id
617 873 671 915 ipss
690 876 842 909 decernere
859 873 1124 917 praefiimcrentsu·

237 925 412 968 perciliose'.
453 924 556 972 Qod
580 925 684 966 ipsum
704 924 800 958 docet
825 925 990 958 Macarius
1013 924 1126 966 Ancy-

242 987 284 1008 rae
303 974 532 1018 Metropolim:
559 976 686 1007 senioris
711 974 818 1007 Romae
841 972 1007 1016 Episcopus
1023 979 1125 1015 privi-

239 1023 318 1068 legia
339 1024 454 1057 honoris
476 1025 654 1066 reliquarum
678 1025 798 1056 sedium
809 1036 865 1056 non
891 1024 1059 1065 habuitpcr
1073 1027 1127 1057 Pe-

241 1084 342 1115 trum,
364 1073 422 1118 sed
442 1073 528 1116 causa
549 1073 611 1106 baec
628 1073 665 1112 esi
677 1098 688 1113 ,
714 1075 793 1115 quod
802 1086 838 1107 ea
853 1074 923 1107 urbs
947 1084 1018 1107 tunc
1039 1081 1127 1116 impe-

239 1135 336 1157 raret.
367 1124 466 1158 Nilus
478 1123 703 1166 Doxopatrius
723 1123 832 1158 laudat
843 1124 1016 1158 adductum
1031 1123 1132 1157 Chal·

239 1174 386 1207 cedonen
393 1175 455 1207 sem
469 1173 643 1207 Cononem
654 1198 664 1214 ,
693 1183 791 1216 atque
804 1174 907 1218 pergit
921 1187 932 1206 .·
959 1174 1050 1207 Vides
1063 1184 1129 1215 quo-

240 1225 326 1256 modo
343 1234 380 1256 cx
404 1223 454 1256 bac
475 1226 597 1257 Canone
616 1222 769 1264 manifeste
798 1231 941 1266 tanquam
963 1224 1126 1257 delirantes

240 1272 416 1314 refellantur
436 1297 445 1313 ,
475 1278 526 1315 qui
557 1273 660 1307 dicunt
678 1281 801 1315 propter
827 1278 978 1307 Divinum
1005 1276 1127 1312 Petrum

241 1326 408 1355 Romanum
435 1326 603 1356 Primatum
629 1322 756 1366 habuisse
778 1348 785 1355 .
813 1327 889 1357 Ecce
916 1330 996 1357 enim
1017 1324 1126 1365 palam

241 1372 288 1405 bic
304 1370 418 1414 sanliae
441 1375 542 1411 synodi
563 1377 670 1405 Canon
695 1375 788 1413 dicit,
814 1375 896 1415 quiid
917 1377 1011 1406 Roma
1034 1376 1123 1416 Regi-

243 1433 285 1455 na
305 1422 371 1464 esset
391 1446 401 1462 ,
428 1421 536 1456 habere
561 1425 731 1456 Primatum
754 1422 889 1456 honoris.
919 1423 1013 1456 Hinc
1037 1419 1128 1457 addit

242 1473 385 1506 eundem
405 1472 584 1505 Primatum
613 1482 668 1515 per
688 1472 868 1508 Gothicam
905 1471 1127 1516 captivitatem

243 1522 336 1555 fuisse
346 1521 512 1555 amissum.
531 1520 665 1555 Gabriel
676 1524 808 1557 Severus
819 1522 1036 1566 Metropolita
1051 1521 1128 1555 Phi-

241 1570 465 1613 ladelphienfis
489 1575 598 1606 censet
619 1572 800 1606 Primatum
823 1570 912 1607 hunc
923 1574 986 1607 esse
999 1572 1128 1616 Magno

245 1619 471 1654 Constantino
492 1621 701 1662 posteriorem
725 1633 733 1653 ε
760 1622 928 1666 Privilegia
957 1624 991 1656 (Ὗ
1011 1625 1128 1655 Prima-

240 1677 306 1702 tum
325 1667 448 1702 thronus
467 1675 579 1704 veteri:
595 1673 697 1702 Romae
720 1681 778 1702 non
799 1678 910 1712 accepit
929 1672 969 1704 ab
990 1671 1128 1712 Apostoli:

237 1726 295 1760 per
317 1721 461 1759 Petrum,
487 1728 522 1751 ut
543 1722 670 1751 Romani
691 1719 811 1760 dicunt,
834 1718 894 1762 sed
915 1729 1031 1753 centum
1046 1725 1128 1761 quin-

240 1772 386 1811 quaginta
410 1766 550 1811 Episcopi
572 1774 605 1799 in
622 1767 748 1810 secunda
768 1771 877 1807 synodo
898 1776 1064 1812 congregati
1076 1769 1128 1801 illa

240 1817 409 1853 tribuerunt
434 1841 441 1848 .
474 1814 685 1855 ‘Schismatici
713 1817 816 1851 Graeci
851 1818 959 1861 passim
986 1819 1031 1852 ita
1063 1819 1130 1850 sen-

241 1868 331 1899 tiunt
353 1890 360 1898 .
387 1867 546 1909 Repertus
572 1866 864 1909 Constantinopoli
899 1867 984 1909 apud
1018 1866 1130 1900 Patres

239 1913 470 1952 Praedicatores
490 1916 665 1948 Tra-status
686 1914 751 1949 haec
778 1915 878 1949 habet
903 1916 946 1949 de
974 1916 1128 1949 Romana

240 1965 404 2000 Ecclesia:
431 1967 523 2002 Suam
542 1965 711 2007 potestatem
735 1974 788 1998 aut
809 1964 913 1998 habuit
931 1967 951 1997 a
965 1968 1047 2006 Deo,
1073 1976 1129 1998 me-

241 2017 346 2048 diante
371 2016 478 2054 Petro,
505 2023 559 2047 aut
579 2016 599 2046 a
627 2015 816 2056 Principibus
833 2013 1051 2057 saecularibus,
1076 2023 1129 2047 aut

243 2066 265 2098 ἃ
285 2065 424 2096 Conciliis
446 2062 652 2107 generalibus,
678 2073 731 2096 aut
751 2062 836 2103 simul
853 2063 893 2095 ab
916 2062 977 2103 istis
1002 2064 1101 2096 tribus
1117 2087 1127 2103 ,

242 2122 295 2147 aut
306 2114 383 2147 nullo
393 2112 527 2152 istorum,
551 2111 608 2154 sed
630 2112 772 2157 usurpato
787 2112 961 2154 fibihonore
970 2118 1062 2146 utitur
1074 2114 1129 2144 Ro-

243 2175 336 2199 mana
355 2161 478 2204 Ecclfia
500 2163 643 2195 violenter
665 2164 699 2196 ὁ·
724 2163 844 2206 indIgne
857 2187 864 2194 .
892 2162 935 2196 Et
948 2162 1041 2196 istam
1056 2162 1131 2197 uiti-

243 2223 330 2245 mam
342 2208 465 2255 partem
479 2212 666 2246 concedunt
678 2211 811 2255 quidam
822 2212 925 2245 Graeci
938 2233 945 2242 .
959 2211 1003 2245 Et
1014 2211 1130 2245 dicunt

243 2261 333 2305 quod
348 2261 580 2304 Apostolorum
602 2261 711 2295 nullus
733 2261 795 2301 suit
806 2261 909 2303 maior
920 2260 1023 2296 altero
1037 2286 1048 2302 ‚
1075 2261 1127 2295 sed

243 2312 365 2346 fuerint
385 2307 522 2354 aequales
542 2312 576 2345 δε
596 2312 708 2346 fratres
725 2337 732 2343 .
761 2310 887 2351 Verum
910 2310 978 2344 haec
1003 2311 1129 2345 insania

243 2361 278 2395 δε
304 2361 436 2394 coecitas
466 2371 645 2402 paucorum
666 2385 673 2393 .
704 2361 858 2399 Eundem
890 2371 1035 2396 errorem
1064 2359 1129 2394 fere

244 2411 425 2453 sequuntur
447 2409 611 2443 Martinus
632 2409 795 2445 Lut'herus
818 2434 829 2450 ,
856 2410 999 2452 Ioannes
1019 2410 1128 2444 Calvi-

244 2470 307 2494 nus
319 2483 330 2498 ,
355 2460 389 2492 δε
403 2458 571 2497 novissime
586 2460 718 2494 Marcus
733 2459 904 2501 Antonius
915 2458 956 2494 de
968 2459 1128 2497 Dominis

243 2509 520 2551 Archiepiscopus
552 2509 743 2552 spalatensis
768 2536 775 2543 .
816 2510 945 2543 Omnes
980 2509 1128 2553 garriunt

244 2560 438 2597 Romanum
460 2558 640 2597 Primatum
664 2569 734 2597 non
746 2561 809 2600 effe
820 2559 983 2599 Divinum
998 2559 1127 2601 instita-

243 2618 314 2644 tum
327 2634 333 2640 -

297 2659 447 2693 Errorem
470 2658 601 2695 abunde
623 2659 785 2694 revincere
808 2658 915 2693 studui
942 2659 976 2693 in
990 2660 1127 2703 superio.

244 2708 354 2743 ribus.
382 2708 477 2744 Libet
500 2709 554 2743 hic
574 2710 714 2743 eundem
735 2721 774 2743 ex
799 2709 916 2743 San-sto
934 2709 1126 2756 Cypriane,

244 2760 302 2802 qui
323 2769 398 2796 ante
417 2759 526 2795 datam
551 2759 724 2793 Ecclesiisa
747 2760 878 2803 Magno
902 2759 1125 2794 Constantino

245 2819 356 2852 pacem
383 2810 464 2843 vixit
488 2810 522 2843 &
548 2808 659 2843 docuit
682 2833 693 2849 ‚
717 2809 883 2843 revincere
906 2833 913 2840 .
941 2808 1123 2844 Adversum

244 2859 320 2893 suos
330 2859 476 2902 quinque
487 2858 617 2893 rebelles
629 2858 840 2901 presbyteros
852 2883 863 2898 ,
888 2858 944 2902 qui
958 2859 991 2892 in
1016 2860 1125 2894 nescio

244 2918 315 2950 quo
347 2920 446 2953 prope
476 2908 711 2952 Carthaginem
742 2919 856 2943 monte
887 2914 1013 2942 'novum
1049 2909 1122 2944 alta-

245 2967 280 2990 re
301 2968 468 2992 erexerant
486 2982 497 2997 ,
522 2960 555 2993 &
579 2959 661 2993 Para
673 2960 905 3003 -Synagogam
917 2982 928 2998 ,
955 2958 1065 2993 scribit
1083 2959 1122 2994 ad

243 3008 339 3040 suum
383 3008 538 3050 populum
586 3007 732 3043 laudatus
766 3008 954 3052 Cyprianus
990 3020 999 3040 τ
1042 3012 1122 3043 Deus

244 3067 321 3089 unus
345 3057 404 3097 est,
433 3059 466 3090 Θ
488 3057 621 3097 Christus
646 3070 724 3093 unus
746 3059 806 3100 est,
830 3059 864 3092 (9
888 3069 949 3092 una
975 3058 1122 3101 Ecclesia,

245 3108 282 3140 o·
306 3106 459 3139 Catbedra
479 3118 538 3140 una
564 3107 659 3150 supra
680 3113 804 3143 Petrum
823 3111 942 3142 Domini
967 3119 1034 3142 voce
1049 3109 1120 3151 fun-

246 3157 322 3188 data
332 3168 340 3198 3
368 3156 459 3189 Aliud
465 3158 562 3191 altare
571 3158 702 3197 constitui
709 3182 719 3197 ,
743 3169 795 3196 aut
805 3161 1003 3193 Sacerdotium
1013 3170 1120 3193 novum

243 3205 312 3247 fieri
329 3214 441 3246 praeter
460 3218 550 3239 unum
572 3209 667 3241 altare
690 3210 725 3243 ὑ
745 3221 837 3244 unum
854 3211 1054 3243 sacerdotium
1064 3220 1120 3243 non

241 3255 333 3302 potest
347 3280 354 3287 .
380 3255 524 3299 ,Quisquis
544 3257 619 3290 alibi
636 3258 777 3301 collegerit
797 3284 807 3300 ,
830 3258 952 3303 spargit
971 3270 980 3300 3
1006 3259 1120 3294 adulte-

244 3317 313 3338 rum
333 3305 370 3346 est
384 3331 393 3347 ‚
420 3312 542 3348 impium
561 3305 617 3347 est,
643 3306 818 3353 sacrilegum
839 3308 877 3347 est
889 3332 900 3348 ‚
925 3309 1121 3352 quodcumque

246 3353 376 3391 humano
395 3356 498 3399 furore
527 3356 707 3398 constituitur
733 3382 744 3401 ‚
770 3368 803 3393 ut
835 3356 977 3402 dffpofitio
1002 3361 1121 3395 Divina

1905 111 1993 159 345

1179 176 1319 209 violetur.
1348 174 1497 213 Ecclesiae
1522 177 1681 215 unitatem
1709 181 1846 217 affirmat
1870 184 1998 218 fundari
2023 186 2059 220 in

1180 226 1276 260 unica
1297 224 1406 258 saneti
1428 223 1517 258 Petri
1541 227 1725 270 cathedra,
1748 234 1781 267 δε
1805 232 1889 268 hanc
1908 234 1971 268 esse
1981 235 2060 268 fun-

1180 276 1348 312 dationem
1371 274 1555 309 Dominicae
1566 277 1673 317 vocis,
1699 291 1736 313 ac
1754 282 1915 318 Divinam
1927 282 2060 328 disposi-

1182 327 1307 360 tio-nem
1322 349 1330 357 .
1356 324 1395 359 In
1423 324 1538 359 litteris
1556 325 1596 359 ad
1621 326 1771 362 Sanctum
1791 331 1910 375 Papam
1935 333 2060 368 Corne·

1183 375 1262 409 lium
1275 375 1408 409 damnat
1430 373 1674 409 schismaticum
1687 375 1866 413 Novatiani
1877 382 2035 426 Papatum
2046 407 2059 425 ,

1183 427 1217 459 &
1237 425 1405 469 adjungit:
1433 429 1493 458 Hoc
1514 426 1568 458 vel
1584 427 1717 459 maxime
1741 428 1775 460 (9
1795 427 1959 465 laboramus
1971 435 2004 471 Q
2016 433 2062 467 la‘
2079 451 2180 486 294²·

1183 476 1284 508 horare
1310 475 1448 513 debemus
1468 499 1479 516 ,
1505 483 1539 507 ut
1563 482 1709 509 unitatem
1735 478 1756 509 ἃ
1776 479 1899 510 Domino
1917 504 1927 519 ,
1953 482 1987 513 <5
2005 490 2062 524 per

1185 524 1324 567 Apostolos
1355 524 1438 557 nobis
1468 523 1669 567 succefforibus
1698 527 1847 559 traditam
1870 550 1882 567 ,
1915 537 2062 571 quantum

1180 578 1326 617 possumus
1348 597 1359 613 ,
1382 574 1509 608 obtinere
1541 585 1672 609 curemus
1690 600 1697 607 .
1729 575 1878 610 Ecclefiae
1902 578 2063 614 unitatem

1184 625 1288 658 asserit
1313 622 1439 658 fundari
1461 624 1495 658 in
1518 624 1676 659 Romano
1689 626 1907 670 Episcopatu,
1933 626 2063 662 &hano

1184 676 1246 708 effe
1267 674 1365 708 nobis
1387 673 1406 706 a
1428 672 1579 708 Domino
1603 674 1755 710 traditam
1782 672 1839 720 per
1865 675 2063 720 Apostolos.

1186 724 1309 758 Eadem
1329 724 1370 758 de
1390 734 1424 757 re
1435 723 1544 758 scribit
1567 722 1607 763 ad
1630 725 1818 764 Maximum
1832 725 2065 770 Presbyterum

1186 786 1222 808 ac
1242 774 1469 814 Nicostratum
1492 773 1653 808 Romanae
1678 773 1827 809 Ecclesiae
1853 775 2066 811 Archidiaco-

1188 835 1283 857 num:
1311 827 1434 858 Gravat
1453 835 1499 857 me
1522 831 1613 866 atque
1634 824 1784 864 contristat
1802 848 1812 864 ‚
1838 825 1902 861 cum
1923 837 1977 859 vos
2004 826 2067 860 illie

1185 874 1374 917 comperissem
1385 882 1487 907 contra
1502 873 1729 917 Ecclefiasticam
1746 873 1956 917 dispofitionem
1966 898 1977 914 ‚
2002 887 2067 910 con-

1187 932 1238 956 tra
1257 923 1346 966 legem
1364 925 1604 967 Evangelicam‚
1634 933 1736 958 contra
1752 923 1945 965 Institutionis
1956 924 2072 957 Catho-

1187 975 1251 1006 licae
1263 979 1431 1013 unitatem,
1457 975 1549 1006 alium
1579 973 1759 1017 Episcopum
1788 973 1855 1015 fieri
1887 971 2069 1016 consenfiffe,

1186 1024 1223 1055 id
1239 1022 1298 1063 est,
1323 1024 1403 1065 quod
1423 1034 1472 1056 nec
1481 1023 1541 1064 fas
1564 1023 1622 1064 est,
1651 1035 1704 1058 nec
1722 1023 1789 1066 fieri
1798 1025 1884 1064 licet,
1911 1022 2069 1065 Ecclesiam

1187 1074 1312 1107 alteram
1324 1072 1458 1112 institui,
1479 1073 1590 1113 Christi
1616 1073 1746 1108 membra
1767 1072 1913 1117 discerpi,
1938 1076 2072 1106 Domini-

1187 1128 1212 1155 ci
1231 1127 1330 1166 gregis
1340 1129 1474 1162 animum
1496 1125 1530 1157 ἐν
1546 1131 1650 1165 corpus
1660 1133 1748 1158 unum
1759 1122 1873 1170 discissa
1885 1123 2072 1161 aemulatione

1189 1174 1330 1206 lacerari.
1358 1172 1422 1206 Per
1444 1173 1623 1207 Ecclesiam
1645 1183 1714 1207 non
1739 1171 1845 1211 solum
1865 1172 2012 1206 urbicam
2023 1173 2073 1206 in-

1188 1221 1307 1266 telligit
1319 1245 1331 1262 ,
1357 1221 1409 1255 sed
1433 1222 1576 1256 omnino
1587 1222 1802 1263 universalem
1814 1247 1822 1255 .
1851 1222 2004 1256 Affirmat
2017 1232 2074 1264 per

1189 1272 1349 1306 Romana:
1371 1270 1461 1305 Sedis
1482 1270 1620 1310 schisma
1648 1272 1781 1313 lacerari
1800 1283 1934 1306 omnem
1961 1271 2073 1310 Eccle-

1190 1322 1264 1355 siam
1288 1346 1295 1353 .
1322 1319 1426 1368 Qod
1449 1321 1566 1366 nempe
1588 1322 1657 1369 ejus
1678 1322 1894 1366 Episcopatus
1913 1322 1951 1355 fit
1976 1320 2072 1368 plene

1191 1371 1377 1406 universalis
1387 1395 1395 1403 .
1423 1370 1517 1406 Hinc
1537 1371 1605 1415 ejus
1615 1370 1752 1406 schisma
1766 1371 1904 1406 affirmat
1916 1372 1979 1405 effe
1993 1381 2074 1404 con-

1191 1432 1239 1455 tra
1252 1421 1505 1455 Ecclesiasticam
1518 1421 1762 1464 dispositionem
1776 1446 1786 1462 ‚
1797 1431 1911 1456 contra
1925 1421 2074 1464 Evange·

1190 1471 1288 1505 licam
1302 1471 1420 1515 legem,
1432 1479 1546 1504 contra
1557 1471 1766 1506 Catholicam
1780 1470 1938 1505 unitatem
1948 1495 1955 1502 .
1973 1468 2074 1503 Certe

1191 1521 1249 1564 qui
1270 1521 1368 1555 aliam
1390 1520 1568 1555 Ecclesiam
1592 1532 1647 1565 per
1667 1521 1848 1559 discordem
1874 1519 2072 1559 elestionem

1192 1571 1333 1605 lacerant
1355 1592 1366 1609 ‚
1389 1567 1572 1604 dummodo
1592 1581 1725 1615 utraque
1757 1581 1829 1614 pars
1854 1570 1889 1604 in
1917 1569 2073 1604 Romana.

1191 1620 1381 1654 obedientia
1394 1620 1535 1664 persistat
1544 1645 1556 1666 ,
1571 1631 1704 1665 peccant
1714 1620 1848 1665 quidem
1858 1629 1970 1654 contra
1983 1619 2073 1663 Apo-

1192 1669 1324 1703 stolicos
1337 1668 1495 1704 Canones
1510 1682 1593 1710 ‚non
1605 1680 1714 1705 tamen
1726 1680 1839 1705 contra
1848 1669 1953 1714 legem
1962 1670 2073 1703 Evan-

1191 1717 1330 1762 gelicam
1345 1731 1356 1750 .·
1384 1717 1487 1751 Nulla
1503 1720 1701 1764 Evangelica
1723 1720 1778 1754 lex
1792 1728 1877 1754 vetat
1890 1721 1924 1752 in
1936 1719 2049 1754 eadem
2060 1741 2073 1758 ‚

1193 1777 1400 1810 praeterquam
1414 1767 1448 1808 in
1463 1767 1614 1802 Romana
1627 1792 1638 1808 ,
1655 1769 1796 1803 Ecclesia
1810 1770 1873 1803 esse
1886 1769 1978 1802 simul
1988 1768 2073 1802 duos

1194 1816 1256 1858 Epi
1265 1815 1395 1858 scopos.
1423 1817 1517 1850 Hinc
1529 1817 1570 1851 ad
1584 1817 1810 1853 Novatianum
1835 1819 1910 1866 lapsi
1927 1819 2071 1852 Romani

1193 1865 1324 1909 quidam
1336 1864 1538 1910 Presbyteri,
1563 1866 1642 1901 dum
1656 1869 1848 1911 poenitentes
1870 1868 2009 1903 redirent
2030 1868 2071 1901 ad

1194 1915 1388 1948 Cornelium
1412 1939 1423 1964 >,
1448 1917 1592 1956 fecerunt
1612 1914 1697 1951 hanc
1720 1917 1948 1961 professionem
1970 1932 1981 1958 ς
2007 1915 2079 1958 Etsi

1194 1963 1370 1997 videbamur
1380 1967 1536 2007 quandam
1548 1973 1837 2001 communicationem
1857 1979 1922 2000 cum
1928 1966 2074 2010 schisma·

1194 2018 1249 2047 tico
1271 2015 1305 2048 ὃ·
1315 2013 1449 2048 baeretico
1459 2013 1572 2049 homine
1586 2015 1713 2059 babuiffe
1725 2039 1735 2055 ,
1755 2016 1865 2058 fincera
1876 2026 1977 2051 tamen
1989 2029 2073 2050 mens

1195 2062 1288 2103 nostra
1292 2062 1410 2106 semper
1421 2069 1453 2096 in
1465 2065 1590 2107 Ecclefia
1593 2065 1681 2107 fuit.
1713 2070 1781 2100 Nec
1804 2072 1882 2100 enim
1902 2074 2074 2111 ignoramus

1194 2122 1286 2145 unum
1303 2114 1352 2155 effe
1374 2115 1468 2145 Deum
1490 2137 1501 2153 ‚
1527 2125 1619 2147 unum
1640 2115 1788 2157 christum
1814 2117 1865 2158 effe
1887 2121 2047 2149 Dominum
2061 2143 2073 2158 ,

1194 2172 1284 2194 unum
1297 2160 1476 2204 Episcopum
1491 2167 1525 2195 in
1547 2162 1700 2196 Catholica
1721 2164 1848 2206 Ecclesia
1871 2166 1923 2208 effe
1945 2166 2050 2200 debere
2062 2191 2070 2199 .

1196 2211 1327 2255 Utique
1347 2210 1382 2251 in
1410 2211 1554 2247 Ecclesia
1575 2212 1746 2252 universali
1773 2237 1781 2248 .
1811 2215 1909 2249 Certd
1928 2216 1984 2258 qui
2012 2216 2074 2249 sin-

1194 2260 1313 2304 gularis
1349 2260 1496 2294 Ecclefiae
1532 2260 1669 2297 schisma
1705 2264 1840 2298 sectatur
1865 2289 1878 2305 ,
1918 2276 1989 2299 non
2024 2266 2070 2300 est

1194 2320 1285 2344 extra
1310 2307 1519 2349 Catholicam
1538 2312 1715 2351 Ecclesiam
1740 2337 1748 2345 .
1774 2313 1891 2349 Exstat
1914 2313 1973 2349 ista
1999 2327 2071 2359 pro·
2089 2320 2195 2357 kalp-46.

1194 2359 1284 2394 feffio
1321 2360 1355 2393 in
1382 2359 1499 2394 litteris
1519 2362 1625 2401 Sancti
1660 2363 1807 2404 Cornelii
1845 2364 1886 2398 ad
1911 2366 2065 2401 sanctum

1195 2409 1416 2453 Cyprianurn.
1444 2410 1576 2445 Sanctus
1590 2411 1778 2456 Cyprianus
1794 2414 1906 2448 scribit
1928 2415 2008 2449 item
2029 2417 2071 2451 ad

1194 2458 1428 2493 Antonianum
1453 2461 1654 2505 Episcopum
1674 2473 1682 2493 :
1708 2461 1846 2505 Scripfisti
1863 2472 1897 2496 ut
1912 2467 2072 2507 exemplar

1191 2510 1361 2542 litterarum
1390 2517 1513 2543 tuarum
1533 2512 1578 2543 ad
1602 2513 1770 2550 Cornelium
1804 2511 2038 2557 transmitterem
2059 2541 2071 2557 ,

1192 2567 1224 2591 ut
1232 2556 1321 2601 sciret
1342 2568 1371 2591 te
1386 2557 1482 2601 secum
1495 2584 1506 2599 ,
1531 2559 1582 2593 hoc
1600 2559 1659 2601 est,
1682 2572 1748 2595 cum
1767 2562 1921 2598 catholica
1947 2564 2071 2606 Ecclesia

1191 2613 1401 2642 communicare
1424 2634 1432 2641 .
1468 2608 1580 2643 Potest
1607 2611 1680 2654 quis
1714 2623 1790 2647 curn
1823 2612 2070 2657 superordinato

1191 2657 1431 2693 communicare
1451 2658 1615 2702 Episcopo
1628 2684 1638 2700 ,
1665 2661 1698 2695 &
1718 2663 1781 2696 esse
1803 2662 1838 2696 in
1856 2662 1999 2698 Ecclesia
2008 2664 2070 2699 Ca-

1191 2706 1330 2742 tholica.
1357 2707 1395 2741 In
1411 2707 1471 2742 hac
1483 2719 1592 2743 autem
1603 2711 1666 2744 effe
1677 2721 1745 2750 non
1757 2713 1861 2755 potest
1873 2738 1885 2754 ,
1910 2714 1969 2757 qui
1981 2723 2069 2749 com-

1191 2759 1336 2793 municat
1360 2757 1572 2803 Anti-Papae.
1598 2760 1680 2808 Qae
1701 2763 1794 2796 causa
1816 2763 1833 2795 ,ἓ
1859 2763 1962 2797 Nulla
1979 2763 2068 2805 alia,

1191 2809 1246 2842 nisi
1267 2809 1343 2853 quia
1356 2808 1529 2843 Romanus
1541 2809 1752 2856 Episcopatus
1773 2810 1819 2847 est
1834 2812 1929 2855 plene
1940 2812 2069 2847 univer·

1190 2859 1278 2893 salis.
1304 2857 1414 2903 Pergit
1427 2859 1541 2895 eadem
1557 2859 1691 2902 epistola
1714 2861 1865 2898 adversus
1887 2862 1993 2896 Anti·
2006 2862 2067 2896 Pa-

1188 2920 1261 2957 pam
1272 2908 1515 2942 Novatianum:
1544 2910 1619 2944 Cum
1636 2909 1675 2951 fit
1696 2913 1718 2943 ἃ
1744 2910 1929 2950 Christouna
1939 2911 2066 2952 Ecclest‘a

1183 2968 1237 3001 per
1263 2966 1352 2990 totum
1377 2959 1523 2992 mundum
1542 2965 1573 2991 in
1595 2960 1689 2992 multa
1699 2961 1832 2997 membra
1842 2960 1966 3003 divisa,
1993 2966 2065 2993 item

1187 3007 1380 3051 Episcopatus
1402 3020 1481 3041 unus
1515 3008 1727 3052 Episcoporum,
1752 3012 1907 3046 multorum
1931 3011 2064 3043 concordi

1186 3057 1385 3099 numerositate
1395 3057 1519 3102 diffusus
1532 3084 1543 3100 ,
1568 3061 1618 3093 ille
1637 3059 1699 3101 pist
1711 3063 1769 3093 Dei
1786 3060 1976 3093 traditionem
1997 3070 2063 3092 con-

1185 3107 1448 3150 nexam&ubique
1459 3109 1644 3150 conjuniiam
1670 3109 1831 3143 Catholicae
1841 3108 1975 3148 Ecclesia
1999 3114 2063 3141 uni·

1185 3167 1275 3193 tatem
1285 3155 1573 3197 conetur'humanam
1583 3158 1738 3200 Ecclesiam
1748 3156 1849 3200 facere
1860 3182 1871 3199 ,
1894 3159 1928 3192 Θ
1933 3167 1990 3201 per
1995 3159 2062 3201 plu-

1184 3214 1275 3242 rimas
1286 3213 1427 3247 civitates
1441 3220 1529 3242 novos
1541 3206 1756 3251 Apostolossuos
1771 3213 1875 3241 mittat
1887 3231 1898 3248 ,
1924 3217 1959 3241 ut
1979 3218 2063 3250 quae·

1184 3261 1256 3292 dam
1266 3263 1396 3292 recentia
1405 3259 1594 3299 institutionis
1602 3258 1667 3301 suae
1672 3257 1874 3302 fundamenta
1884 3257 2059 3299 constituam

1184 3319 1301 3351 cumque
1317 3309 1519 3350 jampridem
1540 3316 1597 3350 per
1620 3318 1718 3342 omnes
1737 3308 1935 3348 Provincias,
1964 3308 2058 3349 &per

1184 3358 1270 3395 urbes
1280 3351 1412 3404 fingulas',
1430 3358 1559 3393 ordinati
1576 3357 1637 3401 fint
1649 3356 1789 3402 Episcopi
1800 3382 1812 3402 ,
1837 3357 1889 3392 ille
1895 3356 1988 3402 super
2008 3367 2057 3389 eos

1913 3415 2009 3445 ΜΒΓ(
