2372 3756
647 130 715 159 DE
750 128 1104 173 QumusDAM
1141 114 1383 158 PATRUM
1420 112 1629 159 L001s.

233 205 288 239 dat
300 200 458 236 rationem
474 213 485 235 :
511 208 572 239 Hoc
594 199 634 242 est
644 210 742 235 autem
764 201 844 244 quod
854 198 997 242 Apostolus
1017 199 1108 231 dicit.

233 255 275 287 Id
284 253 363 296 quod
382 250 461 291 estin
483 253 570 286 calice
588 251 626 292 est
638 253 674 284 id
698 253 776 294 quod
779 250 870 291 fluxit
892 252 908 284 ἐ
922 251 1013 283 latere
1027 262 1037 282 .·
1063 251 1108 280 Et

233 303 314 336 illius
319 300 425 345 sumus
439 308 619 344 participes.
648 302 777 335 Calicem
787 309 886 334 autem
897 299 1107 345 benedic‘Iionis

234 357 356 387 vocavit
371 378 381 394 ‚
401 354 479 395 quod
498 363 564 386 eum
585 351 729 386 habentes
748 358 782 398 in
803 349 942 384 manibus
955 373 966 390 ‚
984 349 1024 391 fic
1044 360 1108 382 eum

233 402 345 442 hymnis
368 404 553 437 &laudibus
572 400 775 444 prosequimur
797 401 986 434 admirantes
999 423 1009 439 ‚
1035 398 1109 440 inef-

227 453 326 496 fabile
338 454 445 485 donum
449 451 601 494 stupentes
612 476 623 492 ,
649 452 849 486 benedicentes
860 473 870 489 ,
896 448 1032 492 bonisque
1044 459 1111 482 ver-

233 503 280 536 bis
296 502 523 547 prossquentes,
551 503 631 545 qubd
650 512 714 535 eum
733 498 828 543 ipsum
846 499 951 541 effudit
964 524 974 539 ‚
1002 511 1038 533 ne
1050 510 1111 532 ma-

235 558 411 587 neremusin
422 563 533 586 errore.
562 556 608 586 Et
619 563 677 585 non
684 549 780 594 solum
790 549 894 591 effudit
907 575 917 590 ‚
940 548 998 592 sed
1019 554 1112 583 etiam

235 614 302 637 eum
311 601 377 644 ipsis
389 602 470 635 nobis
482 607 626 645 impertiit·
635 627 642 633 .
674 600 874 644 ,Quamobrem
887 598 1093 642 fisanguinem
1104 621 1114 636 ,

235 658 353 695 inquit,
380 659 486 694 cupis,
513 664 570 685 non
592 651 737 685 idolorum
761 662 848 684 aram
873 650 1025 682 brutorum
1044 647 1114 690 san-

231 709 337 748 guine,
346 701 405 746 sed
412 713 507 736 meum
516 702 620 735 Altare
631 712 693 735 meo
702 699 978 744 cruentasanguine
992 723 998 730 .
1027 698 1116 740 ‚Quid

236 752 274 793 est
285 752 337 786 hoc
347 752 511 786 horribilius
523 751 539 782 ἓ
565 753 657 796 ,Quid
665 760 765 785 autem
783 750 942 784 amabilius
957 750 973 780 ,ἶ
1001 748 1114 780 Beren-

236 803 320 848 gatii
340 812 452 836 coram
474 801 586 835 nostro
608 802 749 844 septimo
772 799 936 844 Gregorio
955 797 1115 842 profeffio-

236 862 312 886 nem
339 850 531 885 lucidiffime
557 850 654 884 etiam
682 848 737 884 hic
763 850 942 890 confirmat,
965 873 972 880 .
1011 846 1114 895 Qod

235 902 343 945 ipsum
362 902 442 935 facit
466 902 502 934 in
517 901 611 934 tertia
637 898 774 934 homilia
787 900 879 943 super
891 898 1060 941 epistolam
1075 897 1113 930 ad

237 950 395 995 Ephesios
413 977 419 983 .
449 951 631 993 Mysticum
653 951 794 984 Domini
815 961 933 993 corpus
956 948 1116 991 exponit,

237 1001 458 1037 membrorum
480 1009 609 1035 mutuas
631 1000 664 1033 in
687 1000 750 1034 sese
771 999 902 1042 injurias
922 1006 1118 1043 exaggerat,

238 1062 338 1094 atque
351 1051 577 1094 prosequitur:
604 1051 664 1083 sed
673 1055 815 1092 quoniam
835 1056 934 1094 agitur
957 1051 995 1082 de
1004 1055 1118 1090 corpore

239 1105 362 1134 Domini
381 1126 391 1139 ,
420 1102 474 1144 age
494 1101 572 1134 illius
597 1106 688 1134 etiam
710 1105 926 1133 meminerimus
949 1124 960 1140 ,
987 1099 1068 1140 quod
1087 1102 1119 1129 in

238 1162 347 1186 crucem
357 1151 424 1194 fuit
434 1151 533 1184 atium
548 1175 558 1191 ,
584 1153 665 1193 quod
673 1152 769 1183 clavIs
791 1150 937 1192 confixum
950 1173 960 1188 ,
988 1145 1116 1190 &sacri-

236 1201 364 1245 ficatur.
393 1201 525 1242 Utique
552 1201 584 1233 in
612 1201 716 1233 Alcaei
740 1225 747 1231 .
776 1200 870 1233 Hinc
892 1198 997 1242 pergit
1037 1211 1048 1231 .·
1075 1198 1119 1229 De

240 1260 356 1293 corpore
376 1252 394 1282 ἃ
406 1251 485 1284 nobis
509 1254 607 1293 agitur
619 1275 628 1290 ‚
656 1252 689 1283 (ε’
700 1249 749 1283 hoc
774 1250 853 1292 quod
861 1249 899 1281 ab
912 1250 960 1282 illo
973 1246 1051 1281 nibil
1061 1245 1118 1287 dif-

236 1300 325 1343 fert,
351 1312 401 1334 nec
413 1301 519 1339 distat.
548 1298 847 1343 ,Quicumquesumus
870 1303 981 1340 corpori
998 1301 1122 1339 partici-

240 1359 296 1393 pes
316 1376 326 1391 ,
363 1356 531 1392 quicumque
550 1349 701 1392 gustamus
719 1347 896 1393 sanguinem
919 1372 929 1387 ‚
967 1352 1122 1391 cogitemus

242 1400 326 1442 quad
344 1400 424 1433 illius
437 1398 616 1443 sanguinem
635 1399 810 1443 gustamus,
836 1403 887 1441 qui
903 1397 998 1440 supra
1019 1395 1124 1440 sedet,

244 1456 296 1493 qui
306 1447 447 1483 adoratur
468 1449 508 1482 ab
520 1450 639 1491 Angelis
651 1473 661 1489 ,
689 1454 739 1491 qui
747 1449 842 1490 prope
854 1449 965 1481 accedit
987 1448 1032 1479 ad
1041 1447 1123 1479 illam

244 1505 408 1539 virtutem,
434 1504 468 1531 in
487 1509 576 1540 quam
598 1510 656 1530 non
678 1500 758 1531 cadit
772 1494 910 1531 interitus
929 1522 936 1528 .
969 1500 1029 1529 Heu
1051 1495 1124 1528 mibi

242 1551 335 1593 quam
354 1549 455 1581 multae
477 1549 524 1581 ad
539 1546 667 1591 salutem
685 1556 794 1590 patent
817 1554 894 1581 viae.
927 1552 995 1580 Nos
1020 1554 1124 1588 corpus

203 1593 207 1597 ’
239 1598 328 1644 suum
342 1598 438 1640 fecit:
468 1597 600 1641 Utique
624 1598 820 1641 mysticum:
849 1603 917 1630 Nos
940 1605 1057 1639 corpore
1070 1594 1125 1639 suo

243 1653 392 1692 impertit:
422 1647 554 1691 Utique
565 1658 642 1683 vero
656 1673 663 1680 .
688 1650 732 1679 Et
742 1647 844 1680 borum
858 1646 937 1680 nibil
945 1658 998 1680 nos
1010 1650 1125 1680 avertit

245 1701 267 1732 ἃ
277 1700 367 1732 malis
381 1723 388 1730 .

296 1750 335 1783 ln
347 1748 501 1792 vigesima
520 1748 655 1793 septima
669 1750 760 1791 super
781 1746 945 1782 laudatam
959 1745 998 1780 ad
1010 1745 1127 1781 Corin-

245 1798 337 1834 thios
346 1798 517 1842 epistolam
529 1798 666 1833 homilia
679 1798 820 1841 exponit
835 1797 989 1841 Apostoli
1010 1795 1105 1830 verba
1117 1821 1124 1827 .

248 1852 312 1893 ,Qui
324 1849 489 1882 manducat
500 1858 554 1882 aut
580 1848 655 1882 bibit
665 1849 809 1891 indigne,
835 1859 902 1881 reus
923 1852 978 1879 erit
1001 1850 1126 1887 corporis

247 1898 457 1942 &sanguinis
486 1902 606 1931 Domini
628 1923 635 1931 .
667 1899 823 1945 Qaliter
849 1898 890 1931 ad
913 1897 1102 1930 sumendam
1117 1920 1127 1936 ,

247 1950 281 1982 δε
292 1949 431 1992 qualiter
451 1948 523 1992 post
533 1949 692 1992 sumptam
704 1947 941 1982 Eucharistiam
964 1946 1080 1981 debeat
1097 1946 1128 1980 se

246 2009 358 2042 parare
381 2000 416 2033 &
435 2009 544 2043 gerere
560 1999 687 2038 fidelis,
713 1999 878 2042 eleganter
900 1997 1065 2036 ostendit,
1091 2008 1128 2029 ac

249 2049 336 2083 inter
346 2057 457 2082 caetera
478 2048 607 2082 scribit:
635 2051 680 2081 Tu
702 2057 802 2081 autem
819 2047 998 2090 priusquam
1008 2058 1128 2080 commu-

251 2103 354 2138 nices,
375 2100 500 2138 jejunas
521 2122 532 2138 ‚
561 2107 594 2131 ut
616 2099 878 2140 quomodocumque
902 2099 1010 2140 dIgnus
1033 2104 1125 2137 appa·

251 2159 319 2181 reas
331 2172 338 2179 .
366 2149 500 2191 ,Quando
511 2157 610 2181 autem
620 2151 882 2180 communicaveris
898 2171 908 2188 ,
933 2147 996 2179 cum
1009 2154 1037 2179 te
1048 2154 1128 2187 opor-

254 2206 330 2231 teret
349 2203 447 2241 magis
469 2209 572 2241 augere
595 2202 828 2239 temperantiam
842 2221 852 2236 ,
880 2202 978 2229 omnia
997 2197 1107 2239 perdis
1121 2219 1128 2227 .

253 2252 346 2289 Atqui
366 2258 423 2279 non
438 2245 513 2290 sunt
526 2253 619 2290 paria
640 2248 689 2290 effe
706 2245 842 2289 sobrium
864 2254 935 2279 ante
957 2247 991 2280 (at
1010 2245 1127 2288 postea.

254 2301 343 2330 Nam
363 2303 395 2329 in
407 2306 527 2339 utroque
547 2298 666 2339 quidem
681 2305 792 2339 oportet
803 2296 854 2339 effe
860 2294 993 2338 sobrium
1015 2298 1049 2329 Θ
1060 2303 1129 2329 tem·

251 2355 410 2389 perantem
423 2371 433 2387 ,
459 2349 591 2381 maxime
609 2356 706 2380 autem
724 2347 878 2389 postquam
893 2344 1034 2389 sponsum
1050 2356 1133 2379 exce·

251 2395 340 2438 pisti.
368 2398 466 2432 Antea
477 2398 616 2439 quidem,
642 2406 676 2430 ut
682 2396 723 2439 fis
735 2399 845 2441 dignus
864 2402 1012 2439 accipere;
1034 2395 1131 2438 posted

256 2455 378 2486 autem,
405 2458 442 2480 ne
461 2455 611 2489 appareas
636 2448 777 2490 indignus
799 2452 837 2480 iis
861 2470 871 2486 ‚
896 2457 962 2489 quae
984 2445 1128 2488 accepisti.

257 2498 347 2540 ,Quid
353 2498 442 2540 ergo?
467 2502 625 2539 Oportetne
641 2499 779 2538 jejunare
785 2496 939 2540 postquam
961 2501 1105 2538 acceperis
1120 2497 1132 2529 ?

256 2551 330 2579 Non
342 2545 393 2579 hoc
403 2548 466 2580 dico
482 2560 488 2579 ε
513 2551 622 2589 Neque
634 2555 662 2580 te
672 2559 748 2591 cogo.
780 2551 867 2579 Nam
891 2546 928 2587 est
941 2547 1062 2588 quidem
1083 2545 1132 2579 hoc

255 2607 365 2638 quoque
375 2596 500 2636 bonum,
521 2595 581 2640 sed
599 2608 656 2629 non
679 2599 722 2629 ad
735 2596 785 2629 boc
805 2597 862 2630 tibi
872 2602 937 2629 vim
954 2596 1056 2637 facio,
1079 2594 1134 2638 sed

252 2645 360 2689 suadeo
378 2658 414 2680 ne
428 2655 456 2679 te
468 2647 579 2679 deliciis
591 2652 636 2679 ita
646 2647 770 2688 impleas
783 2671 792 2686 ,
820 2654 852 2679 ut
866 2644 906 2686 fis
920 2646 1108 2687 inexplebilis
1124 2669 1130 2676 .

256 2695 326 2730 Eos
336 2696 392 2740 qui
405 2695 518 2730 diebus
530 2697 617 2730 festis
636 2696 705 2739 post
720 2698 880 2739 sumptam
893 2695 1130 2730 Eucharistiam

257 2746 337 2780 dant
365 2747 395 2779 se
435 2746 758 2781 commessationibus
794 2756 849 2780 aut
885 2744 1108 2789 potationibus
1122 2770 1131 2785 ,

258 2795 338 2830 dure
357 2797 528 2831 infestatur
552 2821 562 2836 ,
588 2797 621 2830 &
643 2796 814 2830 concludit
834 2809 844 2829 .·
872 2799 916 2828 Tu
939 2805 1036 2828 autem
1050 2804 1133 2837 pane

261 2852 338 2880 vitae
361 2855 495 2888 accepto,
513 2847 596 2888 facis
617 2859 678 2879 rem
700 2852 822 2886 mortis,
848 2848 950 2879 &non
972 2844 1132 2888 horrescis?

259 2895 365 2939 Nescis
390 2899 480 2938 quam
501 2898 595 2930 multa
617 2898 698 2930 mala
714 2894 936 2939 proficissantur
957 2897 991 2929 (Ψ
1007 2894 1133 2938 subeant

260 2957 298 2978 ex
311 2948 422 2979 deliciis
436 2949 448 2980 ?
477 2946 565 2988 Risus
579 2947 803 2989 intempestivus
818 2970 828 2986 ‚
853 2946 949 2980 verba
961 2944 1132 2988 insolentia,

258 2996 292 3028 fa·
306 2995 486 3037 incompofita
506 2998 664 3030 urbanitas
688 3023 698 3038 ,
726 2997 883 3038 &facetiae
898 3000 995 3029 exitio
1012 2997 1112 3037 plenae
1124 3021 1134 3036 ,

262 3057 349 3088 nugae
359 3047 478 3078 inutiles
491 3071 500 3085 ‚
526 3049 603 3079 &ea
622 3059 690 3090 quae
715 3047 802 3091 nefas
817 3048 938 3089 quidem
961 3045 999 3085 est
1022 3046 1114 3079 dicere
1127 3071 1134 3078 .

263 3099 309 3128 Et
321 3094 385 3129 haec
401 3094 483 3136 facis
505 3096 615 3137 Christi
636 3096 735 3139 mensa
758 3106 916 3140 exceptus,
945 3097 992 3128 illo
1014 3097 1062 3128 die
1081 3107 1133 3138 quo

263 3147 372 3189 dignus
385 3156 415 3177 es
428 3144 549 3178 babitus
560 3171 569 3186 ,
595 3153 646 3188 qui
657 3149 722 3183 eius
733 3159 839 3180 carnes
860 3147 963 3190 lingua
975 3155 1112 3189 tangeres
1128 3171 1135 3178 .

264 3198 451 3238 ,Quicumque
473 3206 537 3239 ergo
554 3195 592 3236 fis
616 3220 626 3235 ‚
663 3208 784 3229 manum
805 3207 887 3230 tuam
910 3204 1044 3239 expurga
1067 3220 1078 3236 ‚
1103 3198 1137 3230 s&

262 3245 370 3288 castiga
393 3246 526 3291 linguam
551 3270 561 3285 ,
589 3247 623 3279 (Ὗ
639 3246 721 3278 labia
741 3271 751 3287 ‚
777 3246 845 3289 q'uae
870 3246 1004 3291 ingressui
1029 3245 1137 3287 christi

257 3295 346 3339 fuere
359 3295 515 3335 vestibula.
543 3295 730 3339 Berengarii
752 3308 861 3331 coram
874 3297 907 3330 N
913 3297 1019 3330 icolao
1031 3296 1138 3330 secun-

263 3343 308 3378 do
330 3346 557 3388 professionem
581 3345 691 3379 denuo
703 3345 893 3381 confirmat.
924 3346 966 3379 Et
987 3356 1066 3380 nota
1084 3346 1139 3381 hic

264 3395 387 3432 avitam
411 3396 586 3440 pietatem.-
615 3395 758 3439 Majores
778 3396 878 3431 nostri
897 3397 1142 3432 communicare
1202 3399 1307 3432 tiones
1335 3422 1346 3439 ,
1377 3397 1422 3432 ob
1449 3402 1528 3442 quas
1553 3398 1678 3433 Divina
1715 3397 1922 3442 providentia

1426 3447 1438 3465 ρ

1885 130 1979 175 199

1174 207 1243 231 non
1263 194 1410 236 solebant
1428 218 1439 235 ,
1466 194 1524 228 nisi
1548 196 1704 238 praemisso
1720 197 1845 243 jejunio
1868 225 1876 234 .
1902 199 1992 240 Nota
2012 202 2045 236 &

1175 246 1269 281 verba
1289 258 1296 277 ε
1324 249 1451 278 Manum
1476 253 1561 278 tuam
1579 269 1586 276 .
1614 246 1782 284 Evincunt
1808 250 2047 286 Eucharistiam

1174 307 1252 332 tunc
1272 297 1459 330 Graecorum
1479 294 1569 329 laicis
1581 295 1674 330 fuisse
1696 297 1804 334 adhuc
1813 298 1923 337 datam
1935 303 1969 335 in
1982 313 2048 336 ma-

1176 359 1237 383 nus
1257 372 1267 387 ‚
1294 346 1440 391 adeoque
1462 343 1611 380 cochlear
1638 354 1719 379 tunc
1737 347 1755 380 a
1780 349 1897 383 Sancto
1923 352 2047 394 Joanne

1178 399 1316 433 necdum
1335 397 1429 431 fuisse
1449 395 1631 430 inductum.
1661 396 1696 431 Si
1713 406 1823 431 tamen
1846 399 1902 433 ille
1919 400 1983 439 ho'c
2002 403 2049 436 in-

1177 448 1322 483 duxerit.
1351 447 1418 482 Suo
1441 447 1515 484 loco
1539 446 1750 489 disquiretur.
1779 447 1871 481 Nota
1891 449 1969 483 item
1980 462 2050 485 mo-

1177 499 1312 533 destiam
1325 522 1336 540 ‚
1363 507 1460 542 quam
1473 504 1546 532 toto
1558 496 1629 541 post
1639 497 1801 540 sumptam
1815 496 2051 534 Eucharistiam

1177 548 1230 583 die
1242 548 1356 582 servari
1369 555 1499 593 oportet
1511 573 1518 580 .
1543 547 1699 592 Legenda
1710 546 1756 586 est
1769 548 1897 593 integra
1905 546 2052 582 homilia.

1178 598 1294 644 Longe
1317 598 1406 642 plura
1427 598 1444 632 ὲ
1467 598 1585 631 Sansto
1605 598 1730 640 Ioanne
1742 597 1980 640 Chrysostomo
2003 596 2057 631 ha-

1177 649 1290 683 bemus
1305 647 1508 684 testimonia.
1535 647 1686 682 Adducta
1699 648 1864 686 sufficiunt
1878 674 1886 681 .

1355 816 1708 869 CAPUT
1773 819 1886 894 ix.

1181 940 1397 1003 Exponitur
1409 934 1595 1002 sententia
1609 973 1622 998 ‚
1660 954 1773 1003 quam
1787 935 1912 983 mediis
1912 933 2061 1001 fleculis

1320 1021 1455 1053 tenuere
1469 1009 1592 1053 Graeci
1602 1043 1614 1066 ,
1651 1011 1710 1053 (9⁴
1721 1011 1923 1054 etiamnum

1477 1074 1580 1123 hodie}
1615 1093 1752 1125 tenent.

1282 1195 1329 1229 Ti
1341 1195 1424 1239 apud
1438 1207 1499 1230 nos
1510 1197 1623 1231 Petrus
1637 1196 1841 1232 Lombardus
1853 1221 1863 1238 ,
1883 1197 2066 1235 Parifienfis

1308 1247 1487 1291 Episcopus
1501 1271 1511 1288 ‚
1524 1248 1568 1282 ita
1584 1247 1669 1291 apud
1681 1247 1812 1282 Graecos
1828 1249 1961 1283 Sanctus
1973 1249 2069 1292 Ioan-

1187 1308 1243 1331 nes
1265 1296 1489 1337 Damascenus
1513 1298 1558 1331 est
1581 1298 1814 1332 sententiarum
1826 1298 2009 1343 Magister,
2035 1299 2069 1330 δε

1186 1347 1398 1390 antiquorum
1421 1347 1553 1386 Petrum
1565 1348 1828 1392 Compendiator
1840 1373 1847 1380 .
1872 1347 2000 1383 Floruit
2015 1346 2070 1379 hic

1186 1399 1302 1431 octavo
1325 1397 1468 1431 Domini
1491 1398 1624 1434 saeculo.
1653 1399 1697 1433 Et
1709 1398 1744 1432 in
1761 1407 1877 1442 quarto
1902 1395 2072 1434 Orthodo-

1187 1459 1235 1480 xae
1246 1446 1321 1480 fidei
1334 1446 1417 1481 libro
1429 1447 1527 1482 docet
1547 1458 1682 1492 peccato
1701 1448 1827 1492 lapsum
1847 1460 1885 1482 ac
1909 1449 2074 1482 deforma-

1186 1507 1257 1536 tum
1274 1521 1284 1537 ‚
1311 1508 1442 1531 necnon
1454 1496 1635 1532 &paradiso
1654 1497 1720 1532 aea
1733 1498 1809 1532 vitae
1832 1498 1927 1543 ligno
1940 1497 2075 1542 proscri-

1186 1556 1280 1592 ptum
1302 1545 1473 1582 hominem
1495 1547 1674 1593 indiguisse
1694 1548 1788 1583 novis
1801 1548 1966 1583 natalibus
1981 1572 1991 1588 ‚
2017 1558 2077 1581 no-

1187 1607 1293 1638 voque
1304 1596 1462 1632 alimento
1475 1608 1484 1640 ;
1513 1597 1587 1632 illos
1600 1598 1805 1641 Baptismum
1820 1623 1831 1640 ,
1858 1597 1922 1633 hoc
1935 1597 2076 1631 affirmat

1186 1647 1248 1681 esse
1267 1657 1343 1680 curn
1369 1647 1448 1681 vino
1479 1658 1596 1690 panem
1619 1646 1781 1682 coelestem
1803 1672 1813 1688 ‚
1835 1647 1877 1682 de
1898 1659 1966 1691 quo
1988 1647 2076 1681 dixit:

1187 1697 1374 1738 Dominus:
1404 1700 1463 1730 Hoc
1484 1697 1523 1738 est
1543 1705 1644 1738 corpus
1662 1708 1758 1731 meum
1776 1722 1786 1738 ,
1812 1702 1869 1733 Hic
1890 1697 1928 1738 est
1948 1696 2077 1741 sanguis

1189 1758 1283 1780 meum
1296 1771 1303 1777 .
1335 1745 1379 1780 Et
1390 1747 1529 1790 exponit
1547 1759 1553 1779 ε
1562 1746 1764 1791 ,Quamobrem
1771 1745 1903 1790 fisermo
1915 1750 1973 1779 Dei
1984 1748 2076 1780 vivus
2094 1743 2167 1781 Cap·
2185 1742 2232 1778 143

1190 1797 1228 1837 est
1247 1796 1393 1837 &efficax
1405 1821 1415 1836 ,
1442 1808 1475 1830 ac
1488 1800 1632 1830 Dominus
1653 1803 1751 1830 omnia
1772 1808 1840 1840 quze
1862 1797 1958 1830 voluit
1968 1796 2047 1838 fecit
2062 1809 2077 1839 ;

1184 1846 1214 1890 fi
1231 1848 1312 1880 dixit
1329 1871 1340 1887 ‚
1370 1851 1444 1880 Fiat
1459 1847 1537 1886 lux,
1564 1849 1597 1881 &
1608 1846 1700 1888 facia
1721 1847 1758 1888 est
1776 1872 1787 1888 ‚
1817 1851 1892 1880 Fiat
1907 1848 2079 1890 firmamen-

1192 1906 1278 1937 tum,
1304 1898 1338 1931 δ’
1354 1896 1476 1938 fadum
1502 1898 1541 1938 est
1562 1910 1571 1939 3
1591 1895 1621 1938 fi
1636 1897 1725 1930 verbo
1747 1901 1868 1930 Domini
1889 1899 1951 1931 coeli
1965 1896 2078 1938 firmati

1188 1947 1260 1991 sunt
1281 1971 1291 1987 ,
1319 1949 1353 1980 ᾧ·
1374 1945 1484 1990 spiritu
1503 1954 1563 1980 oris
1586 1950 1649 1989 ejus
1678 1953 1772 1981 omnis
1793 1953 1894 1981 virtus
1916 1959 2031 1991 eorum;
2056 1947 2080 1988 fi

1191 1999 1291 2031 coelum
1314 1999 1348 2031 Ca·
1372 2007 1474 2037 terra,
1501 2009 1582 2040 aqua
1610 2003 1682 2031 item
1705 1999 1739 2032 (⁸5
1761 2003 1862 2043 ignis,
1889 1999 1923 2032 (¹2⁹
1943 2010 2017 2038 aer,
2045 2000 2079 2031 (θ’

1193 2059 1274 2080 omne
1295 2058 1393 2079 eorum
1418 2057 1625 2081 ornamentum
1648 2052 1768 2081 Domini
1794 2048 1885 2082 verbo
1905 2049 2078 2090 completum

1194 2099 1228 2130 (3⁹
1253 2095 1417 2138 absolutum
1443 2097 1481 2136 est
1508 2121 1519 2136 ‚
1558 2107 1647 2138 atque
1673 2097 1727 2130 hoc
1752 2103 1844 2132 etiam
1880 2099 2079 2139 nohiltffimum

1193 2146 1331 2185 animal,
1357 2147 1434 2188 quod
1457 2144 1539 2178 homo
1562 2155 1752 2188 nuncupatur
1775 2159 1784 2189 ;
1805 2146 1835 2188 fi
1853 2146 1974 2190 ipsemet
1995 2151 2078 2180 Deus

1195 2197 1342 2235 Verbum,
1366 2195 1553 2239 posteaquam
1578 2202 1623 2230 ita
1637 2198 1780 2232 voluntas
1802 2196 1889 2238 Ipsius
1912 2199 2002 2238 tulit,
2030 2197 2079 2230 bo-

1194 2259 1240 2280 mo
1244 2246 1350 2288 fassus
1371 2245 1409 2286 est
1422 2270 1433 2287 ‚
1460 2255 1549 2289 atque
1568 2258 1606 2283 ex
1625 2251 1712 2289 puris
1742 2249 1985 2285 &immaculatis
2004 2246 2080 2289 san-

1194 2298 1250 2331 c‘iae
1265 2308 1299 2329 ac
1315 2294 1431 2340 semper
1443 2301 1577 2340 Virginis
1592 2296 1792 2340 sanguinibus
1815 2308 1932 2330 carnem
1947 2297 2004 2339 fibi
2027 2296 2083 2339 ipsi

1187 2347 1249 2389 fine
1265 2345 1378 2390 semine
1400 2348 1556 2387 condidit,
1582 2349 1661 2389 quid
1682 2348 1806 2380 tandem
1828 2346 1943 2389 adferri
1962 2347 2079 2390 potest,

1187 2393 1266 2441 'quin
1289 2409 1328 2431 ex
1351 2405 1432 2439 pane
1453 2404 1557 2439 corpus
1574 2395 1686 2440 suum,
1713 2409 1751 2432 ex
1776 2402 1847 2432 vino
1869 2399 1992 2441 &aqua
2005 2397 2080 2441 san·

1189 2451 1311 2492 guinem
1329 2446 1418 2489 suum
1428 2448 1532 2488 efficere
1546 2449 1657 2490 queat?
1686 2451 1778 2481 Dixit
1791 2451 1977 2491 antiquitus,
2009 2451 2078 2481 Pro-

1193 2499 1282 2530 ducat
1302 2506 1385 2530 terra
1408 2496 1531 2530 he‘rbam
1553 2504 1723 2539 virentem,
1750 2506 1837 2540 atque
1857 2510 1892 2531 ea
1914 2505 2077 2532 etiamnum

1194 2557 1255 2580 orto
1275 2547 1370 2580 imbre
1383 2547 1481 2588 foetus
1499 2545 1567 2591 suos
1590 2549 1730 2589 producit
1750 2572 1760 2588 ‚
1789 2552 1901 2580 Divino
1928 2552 2078 2590 Praecepto

1194 2595 1319 2639 impulsa
1341 2608 1375 2629 ac
1399 2598 1554 2630 roborata.
1583 2601 1673 2631 Dixit
1701 2601 1783 2631 Deus
1808 2622 1816 2635 ,
1842 2601 1899 2632 Hoc
1919 2597 1955 2636 est
1975 2607 2077 2640 corpus

1195 2658 1312 2686 meum,
1339 2648 1391 2686 &‚
1419 2653 1475 2681 Hic
1485 2646 1654 2691 estsanguls
1666 2658 1766 2686 meus,
1792 2649 1850 2688 (5,
1875 2655 1935 2682 Hoc
1936 2648 2035 2690 facite
2045 2655 2078 2682 in

1197 2709 1291 2730 meam
1313 2702 1608 2730 commemorationem
1628 2710 1634 2728 z
1663 2703 1757 2739 Atque
1778 2703 1969 2740 omnipotenti
1990 2697 2077 2739 ipsius

1198 2751 1345 2788 Praecepto
1356 2770 1365 2784 ,
1375 2747 1463 2779 donec
1471 2745 1532 2788 ipse
1546 2753 1652 2779 veniat
1663 2772 1672 2787 ‚
1696 2747 1746 2780 boc
1761 2748 1880 2789 efficitur
1895 2773 1901 2780 .
1930 2753 1986 2783 His
1999 2754 2078 2781 enim

1196 2797 1298 2831 verbis
1310 2797 1378 2838 usus
1389 2795 1427 2835 est
1439 2808 1446 2827 z
1460 2791 1568 2830 ''Donec
1589 2802 1711 2830 veniat.
1742 2801 1781 2830 Ac
1787 2798 1897 2839 pluvia
1909 2797 1977 2831 huic
1990 2810 2078 2833 novae

1189 2847 1283 2890 segeti
1300 2855 1358 2888 per
1373 2845 1610 2890 consbcratlonem
1641 2846 1738 2886 existit
1755 2846 1852 2890 sanc‘li
1875 2850 2004 2890 spiritus
2026 2854 2076 2881 vis

1194 2897 1388 2930 inumbrans.
1416 2896 1655 2931 Admirabilem
1668 2898 1734 2932 Dei
1758 2898 1920 2932 Hominis
1938 2898 1955 2932 ὲ
1969 2898 2077 2942 Virgi-

1197 2959 1236 2982 ne
1251 2956 1448 2989 conceptum
1472 2947 1611 2981 affirmat
1623 2948 1742 2985 fastum
1757 2949 1995 2991 omnipotentia
2010 2950 2038 2981 sa
2046 2962 2077 2980 n-

1196 2998 1237 3032 &i
1256 2997 1414 3040 Spiritus,
1440 2995 1480 3030 de
1493 3008 1559 3040 quo
1572 2998 1658 3032 dixit
1677 2998 1716 3032 ad
1732 2998 1907 3043 Virginem
1931 2998 2078 3031 Archan-

1197 3047 1287 3093 gelus
1301 3046 1454 3080 Gabriel:
1482 3049 1611 3089 spiritus
1633 3048 1757 3084 sanequs
1768 3047 1961 3091 superveniet
1983 3053 2014 3080 in
2025 3057 2054 3080 te
2066 3072 2077 3089 ,

1198 3100 1232 3132 er
1257 3103 1357 3130 virtus
1385 3097 1513 3136 Altiffimi
1547 3097 1733 3131 obumbrabit
1759 3098 1840 3134 tibi.
1878 3097 1922 3132 Et
1953 3098 2074 3142 pergit:

1199 3151 1242 3179 Tu
1269 3157 1379 3189 quoque
1407 3157 1483 3180 nunc
1509 3153 1618 3190 quaeris
1647 3172 1658 3188 ,
1693 3148 1832 3190 quomodo
1853 3151 1947 3188 panis
1972 3155 2074 3189 corpus

1198 3197 1307 3238 Christi
1327 3222 1337 3237 ‚
1364 3198 1510 3230 &vinum
1532 3209 1596 3232 cum
1618 3209 1698 3240 aqua
1715 3197 1900 3239 conjunctum
1920 3195 1976 3238 fiat
1988 3197 2076 3231 Chri-

1195 3248 1233 3288 sti
1255 3246 1376 3290 sanguis
1401 3248 1413 3279 ?
1439 3247 1505 3284 Tibi
1530 3253 1602 3284 item
1627 3245 1782 3290 respondeo
1809 3264 1820 3282 .·
1849 3250 1977 3290 Spiritus
2003 3250 2076 3280 San-

1199 3299 1263 3332 llus
1286 3295 1478 3340 supervenit,
1506 3309 1598 3339 eaque
1623 3298 1705 3339 efficit
1731 3309 1799 3341 quae
1818 3302 1958 3332 orationis
1975 3297 2077 3342 facul-

1202 3357 1294 3383 tatem
1320 3359 1354 3381 ac
1386 3353 1498 3380 menits
1535 3348 1762 3392 intelligentiam
1795 3348 1936 3383 excedunt
1962 3374 1969 3381 .
2010 3348 2077 3382 Ra-

1949 3398 1982 3431 in
2012 3398 2076 3430 Eu-

1927 3446 2029 3483 chari-
