2352 3756
67 2181 140 2238 αι»
157 2208 204 2236 5⁷-

60 3287 133 3327 Cap.
151 3299 194 3326 14.

625 101 917 133 SEPTIMUM
950 85 1260 131 Romanum
1296 88 1690 136 CONCILIUM.
1902 107 1998 153 259

1199 166 1308 200 stianis
1327 167 1445 199 saeculis
1468 167 1541 200 viva
1563 169 1756 206 obsessorum
1770 183 1925 216 corpora,
1950 176 2069 218 ita-po-

1198 216 1382 251 sterioribus
1400 217 1598 259 temporibus
1620 224 1820 261 quorundam
1842 223 2065 260 defunctorum

1198 266 1350 301 cadavera
1379 267 1412 300 in
1451 268 1538 300 suam
1572 269 1797 304 carnificinam
1826 285 2017 317 acceperunt
2045 275 2066 309 ὲ

1199 317 1323 351 Divina
1347 316 1495 361 Iustitia,
1523 327 1557 351 ut
1577 317 1612 350 in
1632 317 1720 361 ipsa,
1747 321 1780 352 ὃ(
1797 332 1843 361 per
1872 324 1934 365 ipsa
1957 321 2063 359 in'su.

1201 367 1341 410 perstites
1361 378 1544 402 exercerent
1557 367 1766 402 immiffiones
1777 379 1829 410 per
1842 370 1984 415 Angelos
1996 385 2063 408 ma·

1198 417 1266 452 los.
1291 416 1394 463 Qod
1416 419 1504 452 enim
1528 418 1775 457 nullae'animae‚
1802 418 1855 451 sed
1871 420 1926 452 soli
1940 420 2063 467 Angeli

1198 467 1251 502 hic
1272 467 1443 502 nobiscum
1468 469 1648 509 versentur,
1674 467 1820 511 adeoque
1836 469 1970 502 illatam
1982 482 2063 506 mor.

1197 527 1329 552 tuorum
1353 518 1449 561 quam
1477 518 1652 552 viventium
1676 529 1851 561 corporum
1874 527 1995 552 tortura
2006 522 2063 554 fiat

1197 579 1251 610 per
1277 568 1382 601 malos
1404 567 1574 613 Angelos,
1601 568 1732 603 Divinae
1752 566 1883 610 Iustitiae
1893 569 2065 603 consuetos

1194 618 1235 650 ad
1259 616 1376 652 fimilia
1402 617 1594 657 Ministros‚
1619 618 1684 661 jam
1706 617 1888 652 audivimus
1914 617 2064 652 constan-

1193 678 1241 700 ter
1261 667 1352 702 afferi
1392 667 1410 700 ὲ
1435 669 1554 702 Sanno
1580 668 1705 711 Joanne
1729 666 1965 710 Chrysostomo
1982 692 1990 699 .
2018 668 2063 702 Et

1193 716 1267 759 quia
1293 717 1360 752 sola
1383 719 1771 757 excommunicatorum,
1797 727 1853 751 aut
1879 716 2064 753 sacerdota-

1191 766 1262 800 liter
1286 767 1529 802 maledictorum
1552 768 1705 803 cadavera
1724 769 1798 801 sunt
1820 766 2061 802 isticalamitati

1190 815 1362 857 obnoxia,
1388 816 1475 852 haud
1495 817 1595 852 dubie
1617 818 1676 852 illa
1704 817 1863 861 infligitur
1890 828 1945 861 per
1970 817 2061 854 illam

1191 867 1383 909 potestatem
1396 892 1406 907 ‚
1430 879 1493 911 qua
1510 879 1720 903 contumaces
1732 865 2061 911 prevaricatores&-

1190 916 1281 950 clefia
1306 919 1401 950 tradit
1427 921 1547 952 satana
1572 924 1605 951 in
1629 923 1785 952 interitum
1808 922 1908 951 carnis
1926 942 1934 949 .

1240 965 1284 999 Et
1304 966 1353 1000 uti
1378 978 1432 1009 per
1442 967 1627 1003 Sacerdotes
1641 993 1652 1009 ,
1677 970 1720 1003 ita
1733 969 1831 1003 etiam
1845 978 1901 1010 per
1913 975 2059 1011 parentes

1192 1014 1310 1049 inflicta
1346 1016 1527 1051 maledictio
1564 1017 1660 1052 habet
1696 1017 1880 1052 tremendos
1909 1017 2059 1050 effestus.

1191 1066 1321 1099 Etenim
1342 1064 1383 1099 de
1393 1066 1573 1100 Guilielmo
1589 1068 1765 1111 Anglicani
1779 1066 1886 1110 Regni
1900 1067 2060 1110 Conquae-

1191 1115 1271 1149 store
1291 1114 1399 1149 scribit
1412 1115 1446 1149 in
1456 1110 1686 1151 accessionibus
1698 1116 1738 1151 ad
1749 1117 1951 1160 sigebertum
1961 1117 2061 1150 Gem-

1190 1165 1367 1199 blacensem
1403 1166 1568 1199 Robertus
1595 1166 1708 1201 Abbas
1734 1166 1919 1200 Montenfis
1944 1179 1951 1199 :
1990 1168 2057 1199 Rex

1192 1214 1367 1247 thbelmus
1390 1212 1536 1257 sediu'one
1560 1218 1687 1249 militari
1710 1227 1801 1260 agens
1822 1225 1927 1250 contra
1952 1214 2060 1249 Rober-

1187 1272 1249 1297 tum
1266 1264 1364 1306 filium
1379 1263 1466 1307 suum
1483 1271 1731 1310 primogenitum,
1755 1277 1825 1308 equo
1841 1265 1895 1309 suo
1899 1264 2059 1309 propulsus

1187 1313 1245 1353 est,
1271 1315 1306 1348 <5
1321 1315 1402 1356 filius
1425 1317 1490 1356 ejas
1516 1316 1698 1350 Wilbelmus
1720 1318 1916 1355 vulneratus,
1940 1315 2060 1349 &mul-

260 174 434 209 »notatarum
454 178 611 214 puerorum
624 175 734 202 animae
746 167 814 210 ipsis
828 176 1012 210 cooperentur
1023 193 1033 208 ,
1060 169 1137 202 und?

260 224 333 258 mihi·
339 222 564 266 persuadebitur
576 221 594 253 ἒ
620 224 666 252 An
679 226 749 262 quia
760 217 838 261 rpfhs
859 220 1054 253 daemoniacos
1078 219 1135 251 cla-

259 285 343 309 mare
354 283 563 315 nonnunquam
588 268 718 310 audfii,
745 273 811 313 Ego
825 268 895 312 sum
916 270 988 302 talis
1008 269 1137 301 anima?

259 325 368 358 Verum
385 324 447 357 haec
456 333 566 365 quoque
577 327 670 354 oratio
680 319 718 359 est
737 321 756 351 ἃ
761 319 877 361 fraude
888 328 976 361 atque
998 320 1135 360 deceptio·-

259 385 297 409 ιε
324 375 492 408 diabolica-2
517 371 732 406 Demonstrat
757 370 885 403 animas
910 380 971 402 nec
998 368 1134 410 mutari,

259 435 322 458 nec
345 426 432 467 pofl‘e
453 423 570 457 mutari
594 423 628 456 in
649 421 829 459 daemones,
854 428 951 462 atque
962 418 1133 463 adjungit:

259 477 292 506 Ε
309 476 412 507 multis
429 475 590 514 Scripturae
608 472 678 504 locis
702 469 885 513 comprobari
904 468 995 510 potest
1021 479 1078 501 non
1087 479 1131 501 er-

258 535 328 556 rare
348 522 396 556 bic
416 522 479 564 post
503 532 624 555 mortem
643 518 789 561 justorum
815 518 966 551 hominum
991 525 1112 551 animas
1125 543 1132 550 .

258 571 362 619 Qod
381 574 486 616 ipsum
499 570 696 606 demonstrat
709 569 748 603 de
760 568 930 603 animabus
941 568 1130 611 impiorum.

257 622 412 656 Affirmat
433 622 545 656 ambas
569 620 667 662 recipi
691 619 725 652 in
750 629 896 663 congrua
917 618 972 651 fibi
997 618 1069 651 loca
1094 628 1131 651 ac

257 672 438 715 stipendia,
463 673 497 706 &
521 671 590 704 istic
613 671 713 712 usque
727 668 768 703 ad
778 667 1129 710 extremumjudicium

256 722 415 757 adservari
437 747 445 754 .
481 721 573 755 Idem
607 718 714 753 scribit
739 719 772 751 in
801 718 940 751 secunda
967 717 1130 750 concione

256 771 298 805 de
323 771 447 805 Lazaro
468 783 475 802 ε
502 774 559 802 Hic
584 771 694 802 malum
720 769 879 809 quemdam
903 766 1038 799 morbum
1065 768 1128 800 volo

255 826 366 853 animle
387 818 492 859 vestris
516 824 660 852 eximere.
691 818 766 848 Sunt
780 822 858 848 enim
878 816 1013 858 plerique
1018 815 1128 858 fimplt-

254 882 302 903 ces
315 895 325 910 ,
350 874 401 911 qut
415 874 530 901 ammas
548 868 679 900 violenta
701 873 791 898 morte
810 867 1010 899 decedentium
1018 875 1129 913 putant

250 914 319 965 fiairi
341 922 504 954 daemones.
534 921 593 950 Hoc
611 927 709 950 autem
725 927 781 948 non
795 916 833 958 fit
854 928 862 947 ι
889 920 962 949 Non
983 916 1020 958 fit
1034 917 1123 957 istud.

253 974 330 1002 Non
351 975 429 1003 em‘m
451 974 563 1001 animae
580 968 712 999 violenta
735 974 828 998 morte
839 967 1040 999 decedentium
1046 967 1126 1009 fiunt

252 1022 404 1053 daemones
417 1043 427 1057 ‚
448 1016 508 1060 sed
518 1017 618 1058 potius
632 1021 743 1049 antmae
756 1010 926 1056 inpeccatis
939 1022 1125 1049 viventium.

252 1074 329 1103 Non
345 1070 425 1112 quod
445 1076 577 1101 mutetur
604 1067 723 1099 illarum
742 1063 910 1108 substantia
930 1090 941 1105 ,
965 1063 1020 1109 sed
1046 1068 1129 1108 quod

254 1118 390 1163 ipsarum
415 1118 557 1152 voluntas
579 1117 747 1149 daemonum
767 1121 956 1156 pravitatem
977 1120 1121 1148 imitetur.

252 1176 293 1202 At
313 1172 400 1210 cujus
428 1173 470 1202 rei
484 1173 589 1211 gratia
609 1166 742 1198 diabolice
761 1164 847 1204 {llam
863 1163 1040 1207 perversam
1065 1172 1124 1208 opi-

251 1225 367 1253 monem
391 1223 512 1252 invexit
534 1217 549 1247 ?
583 1220 718 1248 Conatus
740 1214 776 1254 est
796 1214 933 1255 defodere
952 1226 987 1247 ac
1008 1215 1124 1248 obruere

250 1272 414 1308 Martyrum
427 1269 568 1311 gloriam.
599 1270 723 1298 Etenim
740 1266 804 1296 ciam
822 1266 869 1296 illi
888 1266 1018 1297 violenta
1035 1274 1124 1298 morte

249 1320 437 1362 decefferint,
461 1322 581 1357 cupiens
596 1324 730 1356 pravam
757 1315 794 1347 de
810 1315 871 1346 illu·
888 1321 1011 1358 gignere
1027 1313 1122 1356 suspi-

248 1374 379 1408 cionem,
404 1367 454 1399 boc
467 1366 562 1408 fecit.
590 1366 698 1398 Veriam
714 1366 795 1406 quod
812 1365 905 1397 voluit
926 1375 983 1396 non
1005 1370 1101 1404 potuit
1118 1391 1124 1397 .

248 1416 449 1460 Perseverant
486 1422 566 1449 enim
597 1418 742 1452 Martyres
772 1420 926 1455 proprium
960 1413 1122 1447 obtlnentes

243 1467 446 1511 splendorem.
474 1467 560 1507 ,Quin
582 1464 670 1496 aliud
694 1464 785 1496 multo
806 1464 952 1496 crudelior
973 1471 1127 1505 perpetra—

246 1523 319 1556 vit,
346 1515 482 1556 maleficis
504 1513 560 1556 ipfi
574 1512 800 1556 inservientibus
816 1521 873 1554 per
893 1512 951 1545 bas
972 1519 1121 1554 opiniones

241 1563 390 1608 persuafis
401 1588 412 1605 ‚
438 1571 472 1597 ut
489 1571 591 1596 tenera
601 1564 760 1596 multorum
771 1562 994 1606 adolescentium
1004 1572 1123 1606 corpora

244 1616 452 1653 trucidarent,
473 1611 632 1655 sperantes
646 1611 806 1653 futurum,
830 1622 864 1645 ut
880 1613 990 1654 fierent
1014 1614 1123 1646 daemo-

244 1677 322 1705 nes,
347 1662 522 1706 rursumque
538 1660 607 1704 ipfis
637 1659 836 1704 inservirent.
863 1662 969 1694 Verum
990 1673 1047 1694 non
1053 1661 1123 1704 sunt

242 1715 299 1755 ista
322 1725 414 1747 vera.
443 1713 531 1756 ,Quid
553 1717 644 1755 Igitur
667 1711 705 1751 est
728 1711 805 1753 quod
828 1712 978 1744 daemones
998 1712 1122 1751 dicunt,

244 1770 360 1797 Anima
376 1764 443 1806 sum
463 1762 544 1794 illius
559 1760 719 1794 Monacht?
743 1762 821 1794 Sane
830 1769 952 1802 propter
964 1760 1014 1794 boc
1025 1760 1122 1804 ipsum

243 1824 303 1846 non
321 1814 405 1847 credo
415 1837 426 1852 ,
442 1816 523 1854 ‚qula
541 1813 688 1844 daemones
709 1811 832 1844 dicunt.
861 1814 1017 1852 Decipiunt
1042 1817 1121 1844 enim

243 1865 413 1897 auditores.
439 1858 564 1895 Denuo
586 1859 786 1894 demonstrat
806 1861 931 1894 animas
953 1871 1020 1894 non
1034 1860 1121 1903 posse

1186 1414 1224 1445 lio
1247 1411 1299 1455 suo
1319 1437 1330 1453 ,
1356 1424 1447 1456 quam
1472 1416 1727 1457 malam-ionem,
1752 1424 1912 1458 antequam
1936 1426 2059 1448 morere-

1186 1470 1234 1494 tur
1246 1487 1257 1502 ,
1280 1464 1427 1506 perpessus
1438 1464 1491 1504 est.
1520 1464 1659 1499 Roberti
1671 1475 1751 1499 tunc
1763 1465 1978 1500 Normandiae
1989 1465 2059 1498 Du-

1186 1513 1233 1546 cis
1254 1522 1329 1547 cum
1351 1514 1447 1547 fratre
1465 1514 1523 1548 suo
1543 1513 1666 1557 juniori
1686 1515 1837 1550 Henrico
1858 1516 1967 1559 primo
1988 1514 2060 1548 An-

1185 1561 1317 1606 glorum
1347 1562 1440 1608 Rege
1468 1563 1553 1599 bella
1577 1565 1716 1608 exponit
1743 1566 1777 1599 in
1802 1565 1982 1609 appendice
2017 1564 2060 1600 ad

1186 1612 1326 1646 eundern
1347 1612 1574 1657 sigebertum,
1599 1625 1696 1659 atque
1719 1615 1924 1659 prosequitur
1949 1627 1956 1647 :
1983 1616 2061 1649 Male

1185 1662 1404 1703 magnitudinis
1424 1668 1457 1694 in
1479 1663 1568 1697 brevi
1582 1663 1662 1706 satis
1679 1663 1779 1707 spatio
1800 1676 1877 1708 gens
1901 1669 1989 1699 Ducis
2013 1674 2064 1708 op-

1180 1710 1276 1751 pressa
1297 1709 1359 1750 est,
1383 1711 1537 1753 deffoluta,
1561 1715 1595 1746 Θ
1614 1714 1716 1747 viera.
1744 1719 1825 1747 Mira
1835 1725 1884 1748 res
1899 1729 1910 1749 .·
1935 1719 2056 1756 cuipa-

1183 1767 1231 1792 ter
1253 1761 1320 1800 ejus
1342 1762 1545 1794 maledixerat
1565 1786 1576 1802 ‚
1601 1764 1636 1796 Θ·
1658 1769 1712 1806 qui
1733 1767 1869 1807 Regnum
1887 1763 2063 1809 Jerusalem

1183 1818 1342 1850 renuerat,
1364 1812 1473 1844 durare
1494 1823 1552 1844 non
1564 1818 1664 1855 potuit
1676 1838 1683 1845 .
1711 1817 1829 1855 Captus
1839 1813 1878 1854 est
1888 1819 1978 1858 igitur
1989 1817 2061 1850 Dux

1176 1858 1349 1900 fortrffimus
1373 1864 1654 1895 Nortmannorum.
1679 1865 1885 1906 Reddiditque
1913 1868 2061 1900 Dominus

1181 1913 1207 1942 ei
1231 1915 1324 1942 vicem
1347 1935 1356 1942 .
1383 1912 1468 1953 ,Quia
1489 1912 1553 1944 cum
1568 1911 1724 1957 gloriosum
1744 1915 1864 1947 reddidi⁴
1886 1923 1915 1948 et
1936 1926 2002 1949 eum
2026 1921 2060 1951 in

1178 1956 1297 1991 {avibus
1317 1959 1586 2002 Hierosolymitanir
1610 1986 1622 2003 ,
1657 1966 1791 2007 Regnum
1806 1963 1983 2010 Jerusalem
2001 1966 2060 2008 fib}

1181 2009 1311 2041 oblatum
1333 2016 1449 2050 renuIt,
1474 2017 1570 2055 magis
1595 2014 1705 2056 eligens
1725 2020 1818 2056 quieti
1843 2016 1878 2049 o·
1898 2013 2058 2056 defidiaem

1181 2059 1373 2091 Normandla
1399 2058 1550 2102 deservire
1572 2085 1584 2101 ,
1621 2064 1713 2104 queim
1733 2066 1860 2099 Domino
1883 2068 1998 2109 Regum
2023 2072 2057 2100 in

1174 2105 1282 2148 sanda
1302 2113 1427 2141 civitate
1443 2108 1604 2151 desudare.
1630 2114 1916 2158 Damnavitsffr'tur
1924 2126 1988 2148 eum
1998 2119 2057 2149 Do·

1179 2162 1277 2189 minus
1303 2156 1414 2198 defidia
1432 2165 1558 2199 perenni
1570 2183 1581 2198 ,
1607 2161 1641 2193 (5
1660 2172 1776 2196 carcere
1790 2161 1990 2205 sempiterno.
2019 2165 2054 2199 A

241 1913 362 1948 mutari
386 1912 422 1945 in
439 1910 627 1950 daemones,
654 1909 825 1953 nullasque
848 1909 880 1943 in
905 1909 970 1944 hoc
994 1910 1121 1943 mundo

240 1963 353 2007 vagari
372 1970 430 1995 aut
451 1959 594 2000 morari,
620 1958 674 1994 sed
698 1970 778 1992 mox
795 1960 813 1992 ὲ
837 1960 964 1994 deserto
985 1971 1121 2002 corpore

240 2011 405 2046 transferri
417 2011 451 2043 in
463 2011 517 2043 sua
530 2010 623 2047 loca,
647 2008 828 2051 stipendia,
849 2018 946 2052 atque
956 2010 1117 2043 custodia.

290 2059 392 2107 Qod
413 2059 560 2092 violenta
581 2068 689 2092 morte
708 2057 851 2091 exclusas
873 2056 915 2091 de
939 2059 996 2091 suo
1007 2070 1119 2101 corpo·

241 2122 276 2146 re
294 2113 421 2144 animas
443 2106 651 2142 transmutari
672 2107 706 2139 in
726 2106 890 2141 daemones
906 2108 1018 2141 errarit
1031 2119 1117 2142 coeca

238 2160 431 2206 gentilitas,
457 2157 596 2192 affirmat
620 2157 718 2190 etiam
730 2167 827 2199 atque
838 2157 955 2190 refutat
969 2158 1002 2190 in
1013 2158 1118 2192 erudi·

239 2221 274 2247 ta
284 2207 546 2250 adversusipsarn
557 2206 709 2240 oratione
718 2205 882 2240 Tatianus
895 2207 1063 2250 Assyrius„
1082 2208 1118 2242 δε
1181 2207 1344 2240 moriente
1365 2217 1454 2250 patre
1475 2208 1622 2242 exclusus
1644 2210 1763 2255 Regno
1777 2236 1787 2252 ,
1811 2213 1845 2246 δε
1870 2214 1943 2247 solo
1954 2214 2055 2250 Nort-

238 2260 276 2295 in
303 2258 390 2293 libro
410 2256 452 2291 de
470 2255 581 2290 anima
601 2254 829 2290 Tertullianus
846 2280 856 2295 ,
881 2255 1003 2291 addens
1025 2256 1114 2301 quod
1181 2255 1319 2290 mandlae
1339 2257 1472 2295 Ducatu
1494 2258 1592 2301 jussus
1608 2260 1670 2293 effe
1680 2271 1856 2305 contentus
1866 2262 2052 2306 Robenus,

238 2309 339 2344 etiam
351 2309 409 2341 suo
421 2316 568 2349 tempore
577 2304 737 2340 daemones
757 2317 799 2340 ex
819 2306 950 2340 obfeffis
971 2306 1114 2349 corpori·
1180 2315 1254 2339 cum
1266 2305 1450 2340 Godefrido
1462 2307 1684 2354 Lotharingiae
1694 2311 1810 2352 Duce,
1829 2313 1863 2347 &
1874 2313 1946 2347 aliis
1956 2315 2053 2350 Fran.

239 2359 302 2393 bus
312 2358 488 2391 clamarent
507 2357 540 2389 se
557 2356 621 2389 effe
641 2353 738 2398 hujus
760 2364 816 2389 aut
835 2356 927 2389 istius
945 2357 1111 2390 animam.
1164 2312 1295 2416 'corum
1321 2355 1512 2395 Proceribus
1534 2357 1616 2392 abiit
1638 2358 1679 2392 ad
1700 2360 1824 2395 sacrum
1847 2362 1981 2398 Urbani
2007 2366 2051 2400 se.

238 2408 400 2442 Violenta
411 2414 516 2442 morte
528 2405 706 2440 exstinstos
716 2405 834 2450 gentili
857 2403 956 2449 phrafi
971 2405 1112 2449 appellat
1178 2404 1277 2438 cundi
1310 2405 1481 2441 Pontificis
1513 2406 1635 2442 bellum
1663 2433 1675 2449 ,
1708 2410 1803 2453 ejecit
1831 2413 2006 2449 Saracenos
2031 2415 2050 2450 ὲ

240 2456 481 2496 Riothanatos,
506 2454 703 2500 &adjungit
714 2467 855 2489 errorem
881 2455 975 2489 fuiffe
1001 2466 1112 2490 exten·
1177 2454 1281 2489 saneta
1307 2455 1473 2495 Civitate‚
1497 2458 1606 2491 &fuit
1616 2458 1876 2502 gloriofiffimus.
1903 2462 2049 2508 Vigebat

238 2510 308 2542 sum
319 2508 418 2540 etiam
429 2505 470 2539 ad
483 2502 637 2545 Ahoros,
663 2505 697 2539 id
715 2505 780 2545 est,
807 2505 979 2539 exstinctos
999 2506 1111 2539 imma·
1177 2514 1257 2537 tunc
1280 2504 1351 2539 illic
1375 2506 1497 2540 Divina
1520 2507 1706 2543 Clementia
1729 2533 1741 2549 ,
1777 2521 1848 2554 quae
1868 2515 2050 2554 quotannis

238 2568 312 2592 tura
331 2566 453 2589 morte.
481 2553 657 2587 Praesertim
675 2554 708 2588 id
721 2555 884 2589 senserunt
895 2554 936 2589 de
949 2553 1112 2590 Autotba-
1177 2554 1406 2589 communibus
1426 2556 1572 2598 precibus
1591 2557 1749 2593 advocata
1770 2559 2047 2598 Paschalelumen

237 2607 346 2645 natis,
370 2605 425 2648 qui
436 2603 492 2637 fibi
505 2603 578 2647 ipfis
590 2603 734 2637 animam
763 2604 923 2638 violenter
941 2614 1112 2648 extorque·
1177 2604 1336 2638 miraculo
1360 2605 1559 2640 accendebat
1581 2607 1616 2640 in
1639 2608 1782 2643 Ecclesia
1810 2611 1919 2647 Sancti
1946 2613 2046 2656 sepul-

238 2656 320 2692 bant
334 2681 342 2689 .
368 2652 472 2701 Qod
484 2652 578 2687 hasce
588 2664 703 2687 omnes
715 2653 1054 2688 animasaBeatorum
1067 2657 1111 2689 se·
1178 2652 1246 2687 chri
1259 2667 1270 2686 .·
1298 2654 1342 2687 Et
1363 2654 1442 2688 dum
1465 2655 1498 2687 in
1523 2655 1628 2698 primo
1649 2658 1707 2692 suo
1728 2657 1883 2695 Paschate
1903 2661 1987 2696 istud
2000 2664 2046 2697 lu·

237 2705 335 2740 dibus
345 2704 574 2743 excluderent,
601 2702 733 2737 testatur
746 2703 785 2737 ad
798 2713 949 2746 quartum
959 2704 1112 2748 Virgilia-
1179 2714 1252 2737 men
1276 2704 1486 2747 implorarent
1505 2705 1623 2740 Franci
1646 2708 1804 2749 virtores,
1832 2711 1957 2746 Divina
1982 2713 2047 2748 Bo-

1180 2754 1261 2787 nitas
1282 2752 1429 2788 accendit
1450 2765 1580 2790 cereum
1592 2755 1728 2791 Roberti
1739 2759 1864 2801 Ducis,
1890 2771 1989 2805 atque
2000 2763 2045 2798 ita

1177 2802 1253 2844 ille,
1281 2813 1436 2847 tanquam
1460 2805 1479 2837 a
1495 2806 1579 2840 coelo
1592 2805 1796 2851 designatus,
1821 2812 1971 2845 emulum
1985 2814 2046 2846 suf-

1178 2853 1282 2897 fragio
1301 2854 1365 2887 suit
1382 2854 1502 2887 eledius
1523 2855 1557 2889 in
1578 2857 1719 2899 primurn
1731 2858 1970 2904 Hierosolymae
1983 2861 2046 2897 Re-

1176 2915 1249 2948 gem
1261 2928 1268 2935 .
1296 2903 1423 2938 Verum
1442 2905 1500 2938 ille
1511 2904 1732 2951 Anglicanam
1742 2920 1897 2945 coronam
1914 2910 2044 2955 gerebat

1177 2956 1209 2987 in
1233 2955 1381 2997 pestore,
1407 2964 1506 2998 atque
1525 2966 1565 2988 ex
1586 2956 1652 2999 ejus
1672 2959 1725 3001 spe
1748 2959 1853 2993 noluit
1877 2960 1910 2992 in
1938 2961 2042 2995 sancta

1176 3004 1277 3037 Terra
1298 3015 1433 3048 regnare
1446 3029 1454 3037 .
1480 3005 1631 3040 Offendit
1643 3018 1757 3043 omnes
1769 3032 1779 3048 ‚
1806 3017 1901 3051 atque
1913 3009 1957 3043 ita
1975 3010 2043 3044 Go-

239 2769 287 2790 nae
298 2754 462 2788 AEneidos
473 2753 591 2787 librum
604 2752 729 2787 Servius
743 2777 750 2784 .
777 2752 821 2786 Et
831 2753 909 2787 hinc
931 2753 972 2787 de
992 2754 1110 2798 glorio·

237 2808 274 2840 sis
286 2802 487 2846 Martyribus
497 2805 617 2838 Sannae
638 2801 867 2846 Symphorosae
889 2804 1012 2846 septem
1033 2803 1110 2838 filiis

237 2855 335 2890 habet
346 2853 624 2897 Martyrologium
647 2852 837 2886 venerabilis
864 2853 976 2886 Bedae:
1004 2855 1110 2887 Adria-

237 2916 294 2938 nus
305 2909 468 2945 Imperator
473 2907 619 2945 praecepit
629 2910 747 2944 corpora
757 2914 851 2935 eorum
874 2907 906 2934 in
920 2902 1046 2944 foveam
1067 2906 1109 2937 al·

236 2963 300 2987 tam
306 2955 413 2995 projici
433 2977 439 2985 .
465 2957 511 2986 Et
522 2953 697 2995 templorum
710 2952 865 2994 Pontifices
879 2950 1040 2994 posuerunt
1063 2965 1110 2987 no·

235 3016 302 3038 men
314 3005 365 3037 loci
377 3003 474 3035 illius:
493 3001 658 3045 Adseptem
671 3002 870 3035 Blotbanatos
883 3027 889 3034 .
912 3002 955 3036 Et
968 3002 1008 3036 de
1022 3003 1108 3039 foedo

234 3057 431 3096 Imperatore
450 3052 625 3086 Antonino
647 3051 870 3097 Heliogabalo
882 3051 989 3086 scribit
999 3053 1109 3090 AElius

234 3100 442 3146 Lampridius
461 3113 468 3132 z
509 3102 692 3135 Praedtc‘lum
717 3107 744 3135 el
766 3111 830 3135 erat
850 3104 870 3135 ἃ
900 3104 1107 3139 sacerdotibus

233 3156 310 3193 syris
334 3150 535 3186 Biothanaton
548 3150 581 3192 se
593 3150 752 3190 futurum.
781 3152 907 3186 Eadem
933 3150 1033 3194 phrasi
1047 3156 1107 3189 uti-

233 3214 286 3239 tur
310 3204 343 3236 in
367 3200 504 3244 septimo
528 3200 783 3235 Monasticarum
805 3201 1054 3237 Institutionum
1069 3204 1106 3238 li-

232 3254 292 3289 bro
317 3254 456 3296 Joannes
478 3249 666 3291 CaffianuS,
691 3250 829 3284 scribens
839 3252 879 3284 de
890 3251 1042 3287 traditore
1054 3254 1106 3297 Ju-

230 3303 271 3338 da
285 3317 296 3337 .-
324 3306 427 3336 Vitam
450 3299 630 3333 Biothanati
651 3308 743 3333 morte
764 3301 894 3345 cqnclufit
911 3326 917 3332 .
945 3302 1104 3345 Nequiffi-

231 3355 278 3388 mi
301 3351 484 3390 daemones,
512 3350 558 3384 uti
584 3349 763 3395 'gentilibus
780 3351 813 3385 &
838 3350 998 3395 prioribus
1009 3351 1105 3388 Chri-

1174 3054 1317 3088 defridus
1339 3052 1563 3099 Lotharingiae
1585 3057 1665 3090 Dux
1677 3057 1841 3090 adscendit
1854 3058 1976 3102 Regale
1993 3061 2043 3093 so-

1173 3104 1252 3137 lium
1265 3129 1272 3136 .
1299 3103 1430 3148 Nempe
1441 3112 1569 3148 paterna
1581 3106 1767 3140 maledistio
1781 3107 1961 3142 Robertum
1974 3120 2042 3152 per-

1174 3153 1383 3198 sequebatur,
1398 3156 1443 3188 ›&
1465 3155 1683 3198 praecipitabat
1707 3157 1747 3189 de
1770 3157 1894 3190 miseria
1921 3158 1954 3191 in
1982 3160 2041 3193 mi-

1173 3207 1301 3239 seriam.
1330 3204 1462 3238 Etenim
1474 3205 1628 3239 defuneto
1641 3205 1822 3238 Guilielmo
1834 3206 1924 3242 Rufo
1934 3232 1946 3248 ‚
1968 3208 2039 3242 An-

1171 3257 1298 3300 glorum
1319 3253 1472 3288 Proceres
1492 3254 1560 3296 ejus
1582 3256 1710 3288 fratrem
1728 3256 1907 3290 Henricum
1918 3259 2039 3292 exalta·

1172 3316 1246 3339 runt
1269 3318 1279 3336 :
1318 3303 1360 3336 Et
1389 3302 1443 3337 hic
1454 3304 1604 3339 rebellem
1617 3303 1671 3338 fibi
1686 3305 1869 3339 Robertum
1882 3305 1967 3342 bello
1991 3322 2040 3343 ce·

1169 3356 1237 3399 pit,
1264 3352 1399 3398 privavit
1411 3356 1535 3395 oculis,
1559 3354 1760 3390 &claufitin
1772 3364 1927 3400 perpetuo
1937 3369 2040 3393 carce·

1938 3418 1989 3440 re.

1187 1368 1212 1395 tt
1232 1374 1269 1396 ex
1288 1363 1353 1406 suis
1375 1363 1467 1405 occist.
1495 1367 1656 1399 Maledixit
1678 1370 1771 1410 igitur
1796 1369 1863 1399 Rex
1886 1365 2011 1399 Roberto
2023 1365 2074 1407 fi·-

2078 1199 2112 1229 A.
2125 1206 2208 1235 1075--
