2352 3756
75 1827 114 1859 Α.
131 1826 211 1853 1061.

79 2312 117 2348 A!
134 2313 218 2349 1053·

722 97 1523 154 C⁰0NC1L1*ABU'I.UM.

213 195 258 231 nd
282 192 383 228 solam
403 188 607 237 Phrygiam,
632 197 690 226 aut
710 190 809 226 etiam
831 190 874 226 ad
894 188 998 224 solam
1022 188 1094 223 Ma-

215 245 352 280 strucam
362 243 535 277 Sardorum
548 266 557 275 .
585 241 697 277 Garrit
713 242 848 277 cunctos
875 239 1099 275 verarRoma-

214 305 265 329 nae
286 292 435 329 Ecclesiae
456 292 636 336 Episcopos
655 291 768 326 sedisse
790 291 825 325 in
837 290 1017 325 Brixinenfi
1040 290 1099 332 Sy-

216 341 328 385 nodo,
355 343 396 380 ab
421 341 473 377 his
489 342 628 377 electum
650 340 851 377 Guiberturn'
872 364 886 381 ‚
910 339 1096 375 Henricum

214 393 346 439 Regem
365 391 582 437 conscripsisse
606 391 787 432 electioni,
811 399 909 433 atque
930 392 974 424 ita
997 390 1097 433 ipsam

216 444 336 478 fastam
347 442 518 479 Canonice
526 441 619 486 juxta
631 441 810 477 Decretum
823 439 974 474 Nicolai.
996 439 1100 474 Schis-

215 493 338 528 matica
358 492 534 537 pertinacia
557 492 722 528 eruditum
736 490 842 525 virum
862 489 971 534 coegit
986 490 1031 524 ita
1046 490 1099 524 de·

216 543 311 577 lirare
324 566 332 574 .
358 542 574 577 Manifestum
587 541 675 577 enim
696 541 740 575 est
753 540 934 574 Brixinenfi
957 550 1100 574 conven-

216 591 324 627 ticulo
362 591 485 626 nullam
512 592 649 627 adfuisse
675 591 864 630 Romanam
905 588 1099 629 Ecclefiam,

218 641 361 685 ideoque
372 641 570 677 Guibertum
582 640 695 686 Regiae
719 639 957 675 nominationis
979 638 1100 673 violen-

220 692 268 727 tia
286 692 379 725 fuisse
400 692 577 727 intrusum.

273 741 405 776 Sanetus
417 742 595 776 Anselmus
605 740 696 776 addit
709 741 838 776 tertiam
849 738 1098 783 responsionem:

222 793 380 825 Praeterea
400 791 551 832 praefatus
566 791 746 831 Guibertus,
771 797 823 822 aut
826 788 898 831 sui,
922 787 1101 831 utsuaepar-

222 846 248 873 ti·
261 839 405 882 favorem
416 838 616 880 adscriberent
629 863 641 879 ‚
666 845 698 872 s‘n
708 839 807 872 eodem
820 841 939 871 Decreta
962 839 1100 880 quaedam

224 889 363 922 addendo
384 912 395 928 ,
420 890 557 931 quaedam
568 889 709 921 mutando
722 912 734 928 ,
760 894 806 921 ita
819 888 901 920 illud
908 889 1102 921 reddiderunt

225 940 245 971 ἃ
251 937 285 982 se
297 939 432 979 diffidens
444 962 455 978 ‚
482 947 514 971 ut
524 946 577 971 aut
587 946 683 980 pauca
694 946 748 971 aut
766 938 850 971 nulla
860 939 1042 979 exemplaria
1047 936 1103 979 sibi

223 991 433 1022 concordantia
451 990 572 1028 valeant
582 994 727 1021 inveniri.
756 987 857 1031 ,Quale
879 997 978 1020 autem
999 990 1104 1021 Decre-

226 1037 359 1078 tumest,
385 1038 464 1080 quod
482 1037 539 1082 ase
562 1044 607 1070 ita
619 1037 784 1079 discrepare
808 1038 949 1078 videtur,
973 1047 1006 1070 ut
1030 1038 1106 1081 quid

227 1093 302 1126 ineo
311 1088 568 1129 credipotiffimum
586 1088 693 1120 debeat
707 1113 717 1129 ‚
745 1093 892 1131 ignoretur
905 1088 922 1120 3
948 1087 1104 1122 Cardina-

225 1136 268 1171 lis
289 1137 485 1171 Deus-dedit
507 1137 574 1171 haec
584 1138 696 1171 omnia
717 1137 837 1172 indidit
849 1139 905 1172 suo
923 1138 1012 1179 operi
1027 1148 1122 1180 con·⁴

227 1196 277 1222 tra
291 1188 493 1226 simoniacos
516 1188 550 1221 δε
562 1187 980 1227 Schismaticosinvaiores,
1008 1197 1104 1231 atque
1119 1183 1123 1218 ἰ

228 1237 400 1281 adjunxit.-
429 1240 700 1272 Excommunicatr'o
718 1246 814 1271 autem
825 1262 836 1277 ,
863 1249 928 1279 quae
949 1221 1123 1279 inpraefa·!

229 1297 263 1322 ιο
288 1290 409 1322 Decreto
431 1288 600 1321 terribiliter
616 1288 769 1329 profertur
781 1312 791 1329 ‚
818 1289 838 1319 ἃ
863 1288 1001 1321 Guiberto
1021 1296 1073 1320 aut
1085 1290 1103 1319 ἃ
1120 1277 1123 1338 Ξ

226 1335 292 1382 ¹suis
302 1336 470 1381 fautoribus
481 1339 580 1370 indita
593 1336 769 1380 solummodo
793 1338 942 1376 creditur,
969 1343 1104 1379 quoniam
1120 1343 1123 1383 ᾗ

228 1391 264 1420 in
284 1388 498 1429 antiquioribus
523 1387 610 1428 hujus
636 1391 751 1421 Decrett'
776 1387 1000 1428 exemplaribus
1023 1388 1123 1430 longe}

229 1436 320 1470 aliter
330 1434 456 1470 babetur
467 1461 474 1469 .
501 1440 548 1470 Et
557 1437 619 1471 baec
629 1440 746 1480 quidem
752 1436 841 1480 super
849 1450 895 1470 eos
909 1442 1009 1470 veniet
1022 1463 1032 1477 ,
1054 1442 1104 1478 qui·
1122 1452 1124 1458 ι

229 1496 297 1520 eam
321 1485 408 1528 insui
422 1487 567 1528 favorem
578 1487 687 1521 ibidem
698 1491 851 1522 indidere:
878 1489 923 1521 Et
931 1486 1022 1530 super
1034 1499 1080 1520 eos
1094 1510 1104 1526 ,
1121 1499 1124 1522 ι

229 1541 284 1578 qui
304 1546 370 1569 eam
391 1537 557 1570 timendam
577 1539 672 1571 dicere
692 1538 897 1582 praesumunt.
925 1541 1019 1579 super
1040 1536 1104 1570 illos

229 1585 370 1626 quidem,
396 1593 429 1619 ut
439 1589 577 1620 incidant
600 1595 632 1620 in
637 1588 761 1629 foveam
774 1613 784 1628 ‚
812 1601 902 1631 quam
919 1588 1048 1629 fodere,
1073 1588 1124 1620 &1

229 1643 266 1669 ut
284 1633 494 1676 apprehendat
515 1648 561 1670 eos
571 1644 668 1678 captio
680 1661 690 1677 ‚
718 1649 807 1679 quam
817 1639 1004 1671 occultavere.
1043 1637 1105 1671 Ista

229 1684 397 1727 corruptio
420 1695 552 1729 putatur
574 1688 651 1719 faeta
667 1687 773 1720 statim
796 1687 863 1729 post
889 1697 1027 1720 mortem
1047 1686 1107 1719 Ni-

231 1733 319 1768 colai
330 1733 517 1769 Pontificis.
543 1736 810 1771 Guibertustunc
821 1747 886 1770 erat
900 1736 1002 1779 Regis
1017 1736 1106 1768 Hen-

231 1782 296 1817 1ici
308 1782 529 1818 cancellarius
542 1809 549 1817 .
579 1786 620 1818 Et
632 1784 691 1819 hac
712 1786 752 1819 de
764 1798 796 1819 re
827 1785 935 1819 scribit
947 1786 1107 1819 Herman-

232 1843 296 1869 nus
316 1833 512 1868 Contractus
531 1848 542 1868 .·
569 1838 669 1868 Romae
693 1838 817 1869 Nicolao
840 1839 927 1875 Papa
947 1835 1105 1876 defuneto,
1123 1853 1125 1887 Ι

233 1886 361 1916 Romani
377 1894 509 1916 coronam
530 1886 631 1918 &alia
642 1896 766 1918 munera
778 1892 902 1921 Henrico
915 1890 989 1927 Regi
1013 1882 1107 1925 trans·
1123 1892 1126 1930 ἶ

232 1930 376 1975 miserunt
393 1956 404 1972 ,
454 1943 574 1975 eumque
594 1942 651 1975 pro
675 1936 805 1978 eligendo
826 1934 940 1977 summo
968 1934 1125 1976 Pontificei

231 1983 501 2023 interpellaverunt
511 2008 519 2016 .
547 1986 610 2027 ‚Qui
624 1986 667 2016 ad
671 1982 704 2026 se
718 1992 883 2018 convocatis
903 1984 1035 2017 omnibus
1049 1988 1109 2017 Ita·
1123 1993 1127 2017 J-

234 2034 284 2066 Ii'ae
308 2030 464 2074 Episcopi:
487 2057 498 2073 ,
519 2035 711 2076 generalique
733 2039 890 2067 conventu
914 2033 1036 2074 Bafileae
1054 2029 1125 2066 bas}

235 2080 295 2116 bt'io
304 2104 315 2121 ,
341 2082 442 2114 eadem
462 2081 593 2123 imposita
613 2093 717 2115 corona
729 2086 878 2115 Patricius
891 2087 1041 2114 Romanus
1055 2091 1107 2123 ap·
1121 2098 1123 2122 j

232 2131 361 2175 peilatus
381 2130 420 2170 est
434 2155 441 2162 .
468 2132 585 2164 Deinde
607 2142 672 2165 cum
691 2144 804 2166 commu
812 2138 838 2163 ci
857 2139 983 2164 omnium
1001 2128 1124 2173 consilio'

236 2179 427 2222 Parmensem
440 2179 617 2223 Episcopum
633 2188 666 2215 in
672 2181 818 2226 summum
831 2186 972 2215 Romana·
986 2181 1108 2223 Ecclefie
1121 2177 1124 2229 l

235 2232 319 2274 elegit
342 2230 528 2271 Pontificem.
557 2231 664 2275 Regia
685 2231 882 2267 authoritate
904 2232 1123 2266 nominavit.'

235 2279 339 2326 Qod
352 2280 453 2322 ipsum
465 2280 573 2314 lucide
594 2282 732 2316 affirmat
755 2281 943 2317 Lambertus
955 2281 1108 2316 Schafna-

235 2327 399 2374 burgensis
427 2342 434 2362 :
472 2332 627 2365 Gerardus
654 2335 743 2373 Papa
763 2357 773 2372 ‚
813 2338 864 2374 qui
891 2334 925 2366 &⁶
946 2333 1123 2378 Nicotaus„

235 2379 324 2414 obiit.
351 2382 388 2412 In
410 2380 494 2419 cujus
514 2381 603 2414 locum
619 2389 677 2423 per
697 2381 859 2416 electionem
879 2386 968 2426 Regis
993 2384 1026 2416 ei
1044 2380 1123 2423 quo-²

235 2429 366 2464 fundam
386 2430 555 2472 Principum
578 2431 744 2474 Parmenfis
767 2430 929 2480 Episcopus
950 2431 988 2471 est
1006 2394 1124 2477 subsit-l

234 2487 337 2515 tutus.
365 2478 497 2524 Utique
520 2480 698 2516 cadalous.
723 2482 784 2516 Per
806 2481 905 2517 Italia:
929 2480 1124 2524 Episcopos'

237 2529 451 2564 Hermannus
461 2529 617 2575 intelligit
630 2532 715 2566 solos
730 2532 908 2576 Episcopos
920 2530 1110 2575 Longobar-

237 2579 320 2613 diae.
345 2579 395 2612 Hi
414 2579 504 2613 enim
535 2580 595 2614 soli
616 2580 798 2624 spectabant
812 2582 852 2616 ad
875 2581 1107 2615 Germanicum

238 2627 414 2672 Imperium
427 2655 434 2663 .
466 2629 589 2663 Eadem
601 2629 642 2664 de
663 2641 697 2664 re
716 2630 826 2664 scribit
847 2631 880 2664 in
894 2630 1109 2664 Collestaneis

238 2678 280 2714 de
291 2678 433 2723 antiquis
454 2678 657 2713 Pontificum
679 2679 788 2715 Gestis
809 2680 968 2715 Nicolaus
983 2681 1108 2724 Arago-

239 2728 364 2764 nenfis:
392 2730 469 2762 Cum
489 2734 521 2761 in
543 2729 614 2763 urbe
625 2733 761 2763 Romana
781 2729 834 2771 bec
847 2755 857 2770 ,
882 2730 946 2773 jam
959 2729 1053 2763 nobis
1064 2730 1109 2764 di-

237 2780 290 2813 sta
316 2789 370 2821 per
396 2780 625 2813 Hermannum
651 2779 859 2813 Contra-tium
887 2805 897 2820 ,
931 2788 1109 2823 agerentur,

240 2828 499 2872 Langobardorum
522 2829 684 2871 Episcopi,
709 2838 772 2863 tam
793 2833 946 2864 simoniaci
971 2832 1109 2865 &incon-

239 2882 369 2912 tinentes
387 2903 399 2918 ‚
428 2881 517 2922 quam
544 2881 597 2912 alii
617 2878 777 2921 facinorosi
790 2906 801 2921 ,
826 2879 947 2914 authore
973 2879 1109 2913 Guiberto

239 2926 397 2968 Parmensi*
408 2953 418 2969 ,
444 2939 644 2963 convenerunt
663 2935 695 2961 in
719 2942 809 2962 unum
833 2954 844 2971 ‚
870 2931 904 2963 <5
926 2928 1109 2970 consimilium

238 2977 419 3010 elericorum
429 2979 619 3013 multitudine
637 2989 830 3024 congregata,
857 2985 1044 3013 communiter
1049 2979 1110 3020 fia-

241 3033 384 3065 ruerunt,
411 3035 443 3059 ut
454 3028 577 3063 aliunde·
587 3042 644 3063 non
664 3030 800 3064 deberent
824 3033 941 3072 Papam
960 3035 1086 3071 accipere
1102 3053 1113 3070 ,

240 3076 334 3118 quam
353 3076 389 3108 de
400 3077 541 3120 paradiso
562 3082 671 3121 Italic,
699 3081 833 3114 &talem
852 3078 1030 3122 personam,
1055 3090 1110 3122 que

231 3135 339 3177 ‘eorum
362 3125 587 3167 infirmitatibus
618 3138 828 3172 compateretur
855 3132 889 3164 (θ’
914 3127 1110 3172 condescende-

240 3183 288 3208 ret
308 3199 317 3207 .
344 3177 415 3218 ,Quo
432 3176 516 3218 fac‘io
536 3179 649 3219 aliquos
676 3190 714 3212 ex
733 3178 798 3221 ipfis
823 3181 869 3212 ad
891 3183 1123 3221 Imperatricemv

240 3225 445 3259 ultramontes
465 3226 622 3268 miserunt,
649 3233 699 3270 qui
711 3231 777 3270 eJus
787 3235 919 3262 animum
933 3227 1109 3272 quibusdam

243 3273 451 3316 verosimilibus
467 3274 617 3319 figmentis
638 3280 807 3319 allicerent,
836 3279 932 3320 &fibi
948 3285 1108 3321 propitiam

237 3323 376 3364 facerent
398 3350 405 3356 .
433 3329 587 3359 Venientes
607 3335 706 3362 autem
731 3330 775 3361 ad
797 3341 862 3362 eam
883 3353 894 3369 ‚
914 3326 1109 3374 suggesserunt

244 3375 323 3420 quad
335 3373 416 3416 filius
439 3377 502 3413 eius
519 3382 564 3409 ita
583 3380 616 3408 in
635 3375 770 3412 honorem
793 3382 974 3419 Patriciatus
995 3379 1110 3417 deberet

343 3423 449 3471 Christ.
459 3429 539 3469 Lupi
549 3430 647 3469 Opera
657 3430 690 3461 T.
706 3432 756 3462 VI.

1151 184 1301 231 succedere
1315 209 1327 227 ‚
1344 184 1460 227 ficutin
1470 189 1564 230 Regia
1572 191 1740 233 dignitate.
1768 195 1912 236 Preterea
1930 202 2025 240 impu,

1157 239 1262 271 denter
1280 236 1444 281 afferebant
1461 258 1473 276 ,
1499 239 1580 278 quod
1599 241 1741 274 Nicotaus
1762 245 1852 286 Papa
1874 245 2026 286 statuerat

1160 291 1292 322 Decretis
1304 284 1372 330 suis
1384 311 1395 328 ,
1420 286 1501 329 quod
1518 286 1616 320 nullus
1638 289 1771 332 deinceps
1793 293 1949 331 babeam„-
1969 300 2027 330 120.

1158 348 1264 372 manus
1275 334 1462 380 Episcopus,
1489 335 1635 378 nist'pri'us
1657 338 1839 380 cingeretur-a
1854 347 2028 380 Cardinali-

1158 387 1212 422 bus
1224 411 1235 428 ‚
1260 392 1305 421 cui
1321 386 1420 429 postet}
1444 388 1592 427 accederet
1612 383 1764 430 consensus
1787 392 1877 433 Regis
1898 419 1905 427 .
1936 397 2027 431 (3011,

1158 438 1286 482 jugatos
1310 437 1344 471 δε
1363 436 1573 471 simoniacos
1593 460 1604 477 ,
1631 436 1666 470 in
1696 436 1931 481 Longobardia
1954 456 2028 487 prae÷

1161 488 1267 522 testim
1285 486 1478 531 grassantes,
1504 485 1686 530 Episcopus
1702 485 1738 521 &
1754 486 1900 523 Clericos
1926 491 2029 527 Nico·

1161 539 1228 572 laus
1250 536 1407 571 Pontifex
1419 536 1593 571 durissimis
1605 537 1754 572 Decretis
1767 540 2008 581 compescuerat
2019 565 2030 581 ‚

1160 586 1368 631 &redegerat
1388 587 1428 621 ad
1441 588 1564 621 avitam
1580 586 1787 630 disciplinam
1802 612 1809 619 .
1838 589 1947 623 Etiam
1969 590 2033 623 Ge-

1161 637 1292 671 tardum
1319 636 1457 671 Galeriae
1496 636 1666 675 Comitem
1693 639 2035 674 excommunicaverat

1161 687 1206 721 ob
1223 687 1334 732 gravia
1355 687 1490 721 crimina
1512 710 1523 727 ‚
1549 687 1582 721 &
1606 687 1772 727 exstinctis
1794 687 1917 722 facibus
1939 687 2037 724 tradi-

1162 737 1252 771 derat
1263 747 1418 780 perpetuo
1427 735 1628 771 anathemati
1643 761 1650 769 .
1663 738 1665 742 ⁴
1678 738 1726 771 lta
1741 737 1775 770 in
1788 740 1915 780 praefata
1929 738 2035 783 dispu-

1162 787 1288 821 tatione
1315 787 1452 822 affirmat
1480 788 1613 822 Sanetus
1639 786 1757 822 Petrus
1778 788 1962 822 Damiani.
1991 789 2036 822 Et

1164 835 1461 881 Longobardorum
1488 837 1659 882 Episcopis
1694 835 1821 873 favebat
1856 837 2035 874 Guibertus

1164 886 1385 920 cancellarius
1411 896 1432 926 ‚·
1452 886 1696 932 Longobardus
1729 886 1765 921 δε
1789 886 1857 931 ipse
1882 912 1894 929 ,
1920 888 2036 931 utpote

1164 936 1360 971 Parmensis.
1386 937 1562 982 Haeigitur
1583 938 1695 982 vulpes
1713 935 1785 982 post
1795 935 1930 972 Nicolai
1951 946 2039 973 mor*

1164 997 1229 1021 tem
1250 985 1489 1029 conjunxerunt
1511 987 1630 1025 caudas
1644 1012 1654 1028 ‚
1680 987 1935 1031 &conjurarunt
1948 986 2042 1022 dein·

1164 1046 1237 1080 ceps
1258 1047 1327 1071 non
1348 1036 1516 1071 admittere
1529 1036 1650 1081 Papam
1671 1037 1730 1071 nifi
1754 1038 1796 1072 de
1820 1037 1968 1082 paradiso
1979 1038 2041 1072 Itu·

1166 1086 1234 1126 liae,
1260 1086 1295 1120 id
1314 1086 1378 1127 est,
1404 1084 1444 1120 de
1470 1086 1718 1132 Longobardia:
1752 1087 1798 1122 Et
1818 1087 1977 1123 noum
1994 1095 2062 1123 tir

1167 1137 1229 1170 lem
1244 1159 1255 1175 ,
1279 1137 1335 1179 qui
1361 1136 1426 1170 suis
1446 1134 1693 1171 infirmitatibus
1713 1136 1896 1172 miserando
1922 1137 2043 1172 conde-

1166 1187 1330 1220 scenderet
1351 1210 1363 1226 ,
1389 1185 1424 1220 id
1445 1186 1490 1220 est
1511 1211 1523 1227 ,
1550 1186 1623 1229 ipfis
1647 1186 1846 1232 permitteret
1867 1195 1984 1222 uxores
2006 1187 2041 1222 δε

1166 1236 1372 1270 Simoniam.
1734 1251 1738 1255 ·
1810 1256 1813 1258 Δ
1850 1239 1871 1253 ’·
1895 1247 1906 1257 -·

1214 1286 1364 1320 Huncin
1384 1285 1483 1320 finem
1507 1297 1608 1330 puero
1622 1286 1708 1332 Regi
1722 1286 1876 1323 Henrico
1886 1288 2051 1323 miserunt·

1167 1335 1272 1380 Regia
1298 1335 1437 1381 insignia
1463 1361 1475 1377 ,
1509 1348 1657 1372 crearunt
1686 1339 1912 1373 Rornanorum
1941 1337 2045 1371 Patri-

1166 1386 1274 1427 cium,
1310 1397 1347 1420 ac
1367 1385 1435 1428 ejus
1458 1385 1553 1420 matri
1577 1388 1720 1431 piiffimae
1745 1387 1890 1431 Principi
1916 1385 2045 1432 Agneti

1168 1437 1385 1479 persuaserunt
1398 1436 1555 1471 Romano
1570 1437 1715 1472 Patricio
1738 1438 1834 1473 fuisse
1852 1439 1869 1471 a
1894 1436 2039 1471 Nicolao

1167 1486 1254 1529 Papa
1277 1486 1438 1527 indultam
1464 1486 1609 1521 Romani
1641 1487 1819 1522 Pontificis
1844 1485 2046 1523 nominatio-

1167 1548 1241 1570 nem
1256 1561 1264 1568 .
1293 1535 1334 1569 Et
1356 1535 1416 1570 hac
1429 1537 1480 1570 via
1498 1536 1613 1582 Agnes
1626 1549 1668 1572 ex
1683 1539 1732 1573 sui
1748 1537 1812 1572 filii
1827 1538 1965 1572 nomine
1986 1546 2048 1570 no·

1169 1586 1306 1620 minavit
1333 1585 1518 1621 Cadaloum
1543 1612 1555 1630 ,
1591 1588 1708 1632 utique
1732 1587 2003 1633 commendatum
2024 1585 2044 1621 a

1167 1637 1329 1671 Guiberto
1347 1662 1356 1671 .
1384 1638 1428 1671 Et
1449 1637 1505 1671 ille
1524 1638 1633 1673 statim
1658 1638 1815 1682 sacrilega
1839 1636 2046 1671 Clericorum

1167 1686 1322 1729 conjugia
1349 1687 1525 1721 instaurare
1552 1689 1699 1732 promisit
1725 1712 1745 1733 ,Ι
1774 1697 1871 1732 atque
1899 1688 1943 1721 ita
1970 1688 2048 1721 suos

1169 1737 1335 1769 sestarores
1366 1737 1469 1768 facere
1492 1746 1559 1769 non
1587 1738 1714 1771 tantum
1735 1733 1930 1773 'Cadaloitis
1952 1761 1963 1778 ,
1989 1734 2049 1771 set!

1166 1785 1264 1819 etiam
1287 1784 1471 1820 Nicolaitas
1494 1810 1501 1818 .
1531 1786 1695 1822 Nicolaus
1721 1786 1939 1832 Aragonenfis
1966 1783 2047 1820 reete

1167 1836 1247 1868 dicit
1269 1835 1539 1879 &Longobardiae
1562 1837 1733 1882 Episcopis
1746 1837 1906 1882 quosdam
1927 1835 2047 1871 suisset}

1172 1885 1382 1930 suo'gremio
1401 1885 1548 1929 Legatos
1572 1887 1613 1921 ad
1641 1888 1878 1932 imperatricem
1907 1913 1913 1920 .
1941 1885 2046 1932 Qod

1169 1933 1252 1968 solus
1274 1946 1350 1967 cum
1363 1934 1558 1969 vercellensi
1584 1938 1750 1982 Episcopo
1770 1938 1951 1980 Dionyfius
1974 1936 2050 1971 Pla-

1170 1984 1317 2018 centinus
1328 1983 1421 2018 fuerit
1435 1985 1578 2029 Legatus
1593 2011 1604 2028 ,
1630 1998 1728 2031 atque
1740 1987 1774 2021 hi
1788 1988 1846 2021 soli
1859 1988 1927 2021 duo
1939 1986 2049 2021 Cada-

1170 2035 1261 2068 loum
1275 2032 1532 2069 inthronizarint
1548 2061 1558 2076 ,
1585 2036 1700 2072 diserte
1713 2040 1744 2072 in
1767 2038 1830 2071 suis
1841 2037 1882 2073 ad
1895 2037 1982 2072 hunc
1996 2037 2048 2070 lit-

1171 2083 1242 2116 teris
1261 2085 1394 2117 testatur
1403 2085 1536 2118 Sanetus
1552 2085 1666 2121 Petrus
1690 2087 1850 2122 Damiani
1862 2112 1869 2120 .
1899 2087 1943 2121 Et
1957 2084 2048 2131 quod

1171 2133 1203 2165 hi
1219 2133 1371 2177 Augustae
1382 2131 1507 2176 Agneti
1529 2134 1683 2185 suaserint
1705 2137 1745 2170 ad
1760 2137 1854 2179 Papae
1868 2137 2049 2179 promotio-

1172 2193 1245 2216 nem
1273 2194 1311 2216 εκ
1335 2182 1468 2216 Nicolai
1498 2183 1640 2219 Decreto
1665 2185 1786 2230 requiri
1814 2185 2046 2220 Cardinalium

1170 2233 1317 2276 suffragia
1337 2233 1369 2266 &
1381 2231 1526 2276 Regium
1537 2236 1734 2270 consensum
1746 2259 1757 2275 ‚
1784 2234 1829 2269 est
1841 2235 1971 2278 penitus
1994 2234 2054 2269 de.

1173 2284 1289 2316 viuma
1304 2293 1393 2316 vero.
1425 2284 1607 2330 Qomodo
1630 2285 1719 2319 enim
1741 2284 1879 2328 piiffima
1890 2284 2047 2328 Princeps

1170 2343 1248 2366 tunc
1264 2333 1480 2366 nominasset?
1505 2333 1651 2369 Proinde
1662 2343 1788 2370 certum
1805 2336 1873 2376 est,
1892 2333 2047 2380 quodisti

1170 2382 1313 2417 turbines
1326 2383 1475 2415 suaserint
1487 2394 1524 2416 ac
1536 2385 1743 2424 perman-,rint
1754 2384 2060 2418 &Ninnium-0,

1169 2444 1205 2466 to
1226 2434 1288 2470 esse
1302 2431 1447 2474 Principi
1472 2431 1633 2465 indultam
1654 2431 1828 2466 pontificis
1850 2430 2047 2467 nominatio-

1171 2494 1263 2515 nem.
1291 2482 1365 2515 Alte
1379 2481 1412 2515 id
1426 2481 1568 2516 clamant
1580 2479 1644 2515 haec
1656 2480 1820 2516 Lamberti
1833 2481 2045 2517 schafnabur-

1169 2533 1271 2577 gensis
1286 2531 1395 2565 verba:
1411 2529 1620 2573 Causabantur
1631 2535 1756 2564 Romani
1768 2534 1922 2574 Principes
1937 2557 1947 2572 ‚
1967 2532 2046 2575 quod
2061 2541 2101 2571 Α,
2121 2543 2202 2576 1064-

1171 2586 1235 2614 Rex
1258 2588 1303 2614 eit
1323 2578 1492 2623 inconsultis
1507 2585 1638 2623 Romane
1659 2581 1782 2623 Eccleste
1794 2582 1963 2624 Pontificem
1980 2593 2044 2615 con-

1167 2631 1317 2673 stituisset.
1346 2634 1392 2662 Et
1404 2631 1438 2662 ob
1450 2641 1513 2663 eam
1535 2633 1681 2671 inJuriam
1693 2633 1834 2664 meditari
1853 2632 2048 2674 defefflonem,

1170 2681 1365 2715 videbantur.
1389 2681 1513 2721 Propter
1525 2682 1604 2723 quod
1607 2682 1723 2722 placuit
1734 2681 1929 2725 Coloniensem
1943 2681 2044 2715 Archi-

1169 2729 1331 2773 episcopum
1358 2733 1481 2762 Romam
1506 2737 1587 2764 mitti
1606 2756 1614 2763 .
1643 2734 1710 2775 ,Qui
1736 2738 1859 2766 veniens
1885 2735 1919 2764 eo
1937 2733 2044 2773 ‚mrim

1170 2782 1256 2814 aliud
1279 2779 1405 2813 turbatis
1420 2780 1508 2813 rebus
1523 2786 1662 2815 invenire
1674 2793 1730 2815 non
1750 2781 1839 2825 poffet
1858 2784 2019 2815 remedium
2031 2805 2043 2822 ‚

1162 2833 1321 2872 ,iudicavit
1338 2831 1551 2863 ordinationem
1563 2857 1574 2872 ‚
1599 2842 1655 2874 que
1681 2830 1770 2875 inscio
1790 2833 1899 2865 Senatu
1910 2835 2045 2865 Romano

1162 2881 1252 2923 falla
1266 2880 1367 2923 fuisset
1378 2905 1389 2921 ,
1415 2884 1534 2914 irritam
1548 2880 1638 2921 fore.
1664 2880 1755 2923 Etfic
1778 2891 1872 2916 ninoto
1898 2884 2043 2915 Parmen-

1164 2929 1192 2972 fi
1198 2928 1337 2972 Episcopo
1357 2954 1369 2970 ‚
1393 2938 1449 2972 per
1459 2928 1624 2963 electionem
1642 2941 1740 2964 eorum
1754 2930 1920 2974 Anselmum
1934 2935 2043 2964 Lucen-

1167 2980 1229 3025 sem
1248 2978 1424 3023 Episcopum
1446 2988 1500 3022 pro
1519 2990 1548 3012 eo
1560 2982 1693 3014 ordinari
1714 2981 1854 3022 constituit
1867 3006 1874 3014 .
1900 2981 1949 3014 Ita
1972 2982 2044 3014 An·

1172 3031 1288 3065 selmus
1300 3029 1450 3064 Lucenfis
1471 3029 1647 3074 Episcopus
1670 3031 1772 3066 fastus
1788 3031 1833 3073 est
1855 3027 2043 3065 Alexander

1174 3080 1344 3116 secundus.
1859 3108 1861 3110 ,

1167 3169 1172 3173 ,
1221 3128 1365 3164 Proinde
1375 3127 1554 3166 Guibertus
1566 3129 1789 3165 cancellarius
1805 3135 1887 3163 tunc
1896 3125 2040 3173 corrupit

1173 3179 1306 3215 Nicolai
1318 3179 1496 3215 Decretum
1507 3206 1515 3213 .
1542 3182 1592 3216 Ita
1603 3180 1708 3225 ipsum
1724 3177 1986 3219 transformavit,
2003 3186 2042 3212 ut

1174 3232 1327 3265 Romano
1350 3229 1538 3273 Imperatori
1566 3242 1602 3264 ac
1625 3229 1726 3265 etiam
1750 3227 1895 3263 Patricio
1915 3227 2043 3271 permit-

1174 3288 1250 3315 teret
1263 3279 1406 3315 Romani
1419 3278 1589 3315 Pontificis
1602 3279 1885 3313 nominationem.
1906 3278 1951 3312 Et
1962 3275 2042 3312 hinc

1176 3330 1308 3365 meliora
1327 3328 1458 3364 edoctus
1479 3330 1610 3363 Sanctus
1636 3328 1740 3363 Anno
1766 3353 1777 3369 ‚
1803 3329 1837 3363 &
1855 3338 1911 3372 per
1933 3327 2040 3370 ipsum

1176 3380 1317 3419 instructi
1350 3379 1480 3424 Regina
1521 3387 1622 3417 mater
1654 3390 1692 3414 ac
1729 3388 1843 3415 omnes
1888 3378 2040 3413 Proceres

1522 3428 1558 3469 D
1582 3429 1605 3464 d
1656 3439 1676 3478 3
1883 3426 1992 3465 statim

1993 1249 2082 1277 tun-
