2372 3756
45 2192 48 2193 ⁷
100 2157 178 2198 Cap-
196 2165 242 2187 tx.

295 238 424 272 m'anus
445 236 677 271 Marcellinus:
706 240 764 270 Per
780 236 970 281 semetipsum
990 236 1165 279 explorabat

296 290 466 331 vigiliarum
488 293 567 321 vices
587 288 622 321 ὀ·
637 287 796 328 stationum
815 312 822 320 .
850 288 894 323 Et
915 289 950 320 in
971 287 1039 320 alio
1059 286 1162 323 libro:

119 346 184 381 Lib,
196 351 240 378 28.
254 356 280 379 c,
297 339 389 369 statio
408 342 517 378 primis
547 336 676 372 tenebris
697 335 852 380 observata
872 362 879 370 .
918 337 994 371 Erat
1016 337 1051 373 &
1071 336 1160 371 aliud

120 397 164 424 37⁴
296 387 455 421 stationis
467 398 589 432 genus,
613 387 654 422 de
675 398 741 430 quo
762 388 795 421 in
818 387 890 430 lege
909 387 949 421 ad
973 386 1161 421 Lollianum

149 467 152 471 .
249 467 254 472 .
296 437 454 471 Praetorio
466 437 654 471 Praefestum
665 436 1089 480 ImperatorConstantiusi
1120 441 1160 469 Hi

120 465 278 545 {2³'ci'pf'3‘j
295 498 367 529 quos
392 489 628 530 Curagendarios
649 511 662 527 ‚
680 485 745 528 five
771 484 903 528 Curiosius
927 486 1164 520 Provincialium

293 535 463 579 consuetudo
484 538 615 579 appellat
627 561 638 577 ,
658 541 779 578 proprio
788 534 910 569 arbitrio
922 560 932 577 ,
958 548 1029 578 quos
1040 547 1101 570 reos
1113 535 1164 578 esse

290 593 491 629 putaverint,
512 586 665 627 feralibus
687 597 832 620 carcerum
854 586 982 619 tenebris
993 591 1164 627 mancipare

295 647 354 669 non
364 636 521 669 dubitant.
548 640 704 671 Menwrati
719 641 807 679 igitur
819 635 945 677 Curicfi,
971 638 1163 669 &stationa-

291 692 350 726 rii,
379 688 428 718 vel
448 691 618 727 quicumque
641 685 814 729 funguntur
836 685 885 718 hoc
904 696 1041 725 munere,
1066 689 1161 718 crimi—

261 756 267 757 κ
290 747 331 768 na
335 740 363 780 J
369 736 502 768 udicibus
515 737 688 768 nuntianda
701 740 885 768 meminerint
896 759 906 774 ,
917 733 1008 775 &fibi
1019 734 1163 773 neceffitae

291 794 350 818 rem
362 785 546 826 probationis
559 784 724 818 incumbere
733 810 744 827 ,
771 796 828 818 non
840 790 915 817 citra
921 785 1085 826 periculum
1090 781 1138 825 sui
1151 807 1162 823 ‚

283 834 315 877 fi
320 832 486 878 insontibus
508 846 554 868 eos
569 837 732 869 calumnias
755 833 882 875 nexuiffe
892 832 1045 873 constiterit
1058 857 1066 864 .
1094 833 1161 869 Eos

113 888 271 920 [ihm-tit.
288 884 323 918 in
348 884 420 929 lege
441 885 481 919 ad
494 883 711 919 Theodorum
737 883 891 918 Praetorio
904 882 1089 917 Praefestum
1102 880 1160 916 Ar-

112 939 139 958 2·
154 938 234 966 c-3¹·
288 934 404 969 cadius,
421 935 454 969 &
466 935 638 969 Honorius
659 934 794 968 titulant
804 936 994 975 Apparitores
1011 934 1147 983 stottona

285 989 365 1018 rios.
391 984 434 1018 Et
456 984 533 1018 hinc
547 985 580 1017 in
605 983 807 1028 nonagefimi
826 982 912 1017 tertii
926 981 1046 1017 Psalmi
1059 982 1160 1017 Com-

285 1033 445 1068 mentatio
464 1033 571 1066 scribit
595 1033 636 1067 de
659 1033 799 1067 occultis
825 1033 1006 1067 criminosis
1025 1034 1158 1071 Sanstus

284 1082 510 1128 Augustinus:
536 1087 653 1116 Vivum
656 1081 766 1126 sciente
776 1087 837 1116 Deo
851 1106 863 1122 ,
888 1088 1008 1125 quinon
1018 1087 1158 1117 viverent

277 1130 391 1176 sciente
406 1135 584 1166 stationario
609 1158 617 1165 .
642 1133 686 1167 Et
710 1133 794 1176 apud
818 1134 970 1168 Sanctum
997 1133 1156 1175 Optatum

283 1181 519 1218 Milevitanum
546 1182 720 1226 purpurius
748 1183 941 1218 Limatensis
979 1181 1158 1226 Episcopus

106 1235 170 1273 Lib.
185 1248 209 1268 1.
282 1232 466 1267 Secundum
480 1232 705 1278 Tigifitanum
717 1257 727 1273 ,
754 1234 846 1266 suurn
859 1232 1033 1267 Primatem
1044 1257 1054 1273 ,
1067 1233 1156 1276 quod

281 1281 300 1316 ὲ
316 1283 521 1318 stationariis
539 1283 691 1317 detentus
713 1283 820 1317 fuisset
841 1278 879 1317 a'c
903 1282 1048 1316 dimissus
1072 1307 1082 1321 ‚
1108 1283 1155 1319 in-

282 1333 343 1366 fert
353 1333 515 1367 tradidisse
527 1333 631 1367 sacros
643 1333 784 1367 Codices
795 1343 849 1366 aut
863 1333 967 1366 Vasa.
988 1332 1154 1369 Laudatus

281 1385 424 1426 Optatus
446 1393 605 1417 memorat
627 1384 660 1418 ὃς
684 1385 778 1424 supra
799 1386 1011 1415 stationarium
1037 1394 1043 1413 :
1073 1382 1152 1414 Am-

102 1426 265 1463 lib·¹9·c·
283 1433 409 1467 mianus
434 1432 648 1466 Marcellinus
674 1432 813 1475 appellat
832 1431 957 1471 stationi
994 1429 1153 1471 Praefiden-

105 1477 151 1497 ¹²·
279 1491 341 1516 tem
366 1507 372 1513 .
411 1481 453 1515 Et
480 1483 514 1515 in
543 1481 629 1514 libro
656 1480 879 1523 Apologetico
906 1479 1152 1514 Tertullianus:

102 1547 176 1586 Cap·
195 1557 223 1577 ,a
280 1530 458 1564 Latronibus
483 1529 663 1571 vestigandis
677 1536 733 1570 per
745 1527 902 1571 universas
915 1531 1091 1562 Provincias
1102 1533 1154 1562 mi-

278 1583 374 1613 litaris
388 1580 479 1619 statio
495 1575 621 1620 sortitur
641 1603 649 1614 ,
677 1579 757 1611 Haec
780 1579 870 1611 enim
893 1578 989 1612 statio
1010 1604 1020 1620 ,
1047 1580 1095 1612 nti
1120 1579 1153 1616 ὅ(

277 1630 386 1663 omnis
397 1629 482 1668 alia,
507 1626 644 1662 habebat
655 1629 723 1661 suas
736 1627 836 1661 vices.
865 1626 1024 1662 Eamdem
1046 1627 1155 1663 statio-

277 1691 352 1713 nem
365 1703 375 1719 ,
402 1679 437 1712 in
449 1678 564 1720 scripta
585 1676 626 1710 ad
636 1676 858 1712 Theodorum
874 1677 1028 1716 Praetorio
1043 1676 1153 1712 Praefe-

276 1731 362 1764 t‘lum
399 1729 470 1773 lege
496 1727 629 1765 laudant
654 1728 868 1771 Imperatores
904 1727 1080 1763 Honorius
1113 1740 1152 1763 ac

277 1778 503 1818 Theodosius,
529 1777 704 1815 scribentes
727 1777 768 1811 de
780 1776 918 1821 publicis
938 1777 1147 1822 criminibus:

278 1831 369 1872 ,Quod
387 1828 574 1865 stationarii
587 1831 776 1870 apparitoris
792 1826 955 1870 sollicitudo
967 1826 1088 1863 exbibet
1100 1828 1152 1864 ab·

271 1877 380 1922 sentiae
405 1877 583 1917 Potestatum
595 1902 602 1910 .
630 1877 674 1911 Et
695 1878 776 1911 infra
796 1889 803 1909 ε
831 1882 856 1910 Α
870 1873 1010 1912 Notarils
1024 1882 1152 1919 appari·

276 1939 373 1962 torum
385 1952 396 1969 ‚
423 1940 494 1972 quos
517 1931 712 1963 stationarios
732 1928 905 1971 appellant,
931 1927 1084 1969 deferatur
1105 1928 1151 1965 ad

277 1986 414 2013 notitiam
437 1979 633 2019 Potestatum.
661 1979 717 2014 Est
742 1979 776 2013 in
789 1977 1014 2014 'I'heodofiani
1028 1977 1154 2014 codicis

277 2029 459 2072 appendice
468 2030 520 2064 lex
533 2041 646 2073 quarta
657 2030 783 2067 decima
793 2053 802 2066 .
835 2030 912 2066 Erat
925 2028 1023 2065 statio
1034 2039 1089 2072 per
1098 2039 1154 2062 an·

276 2080 303 2113 ti
308 2077 442 2123 phrafim
453 2104 465 2120 ,
489 2080 509 2114 ὲ
521 2079 603 2114 stato
615 2092 653 2115 ac
665 2090 819 2125 perpetuo
832 2080 1027 2117 discurrendi
1039 2078 1152 2116 officio

278 2129 390 2167 sortita
411 2129 495 2163 istud
518 2140 639 2164 nomen
653 2155 660 2164 .
687 2132 766 2165 Hoc
790 2132 869 2165 item
891 2132 981 2166 sensu
1007 2132 1155 2166 laudatus

278 2178 507 2215 Tertullianus
525 2179 633 2214 scribit
656 2181 835 2224 unicuique
857 2182 1065 2225 paganorum
1077 2181 1154 2215 Deo

279 2229 372 2264 fuisse
383 2228 538 2268 distributa
553 2227 640 2270 suam
645 2229 801 2267 stationem
824 2240 858 2261 ac
864 2229 1037 2271 potestatem
1050 2255 1058 2262 .
1085 2229 1155 2264 Ha-

281 2278 379 2313 bebat
401 2278 547 2311 &certos
560 2277 682 2312 limites
695 2302 706 2317 ‚
733 2278 814 2313 intra
826 2290 908 2322 quos
930 2280 1017 2314 suam
1029 2279 1155 2314 curiofi·

280 2336 381 2362 tatem
392 2338 539 2364 exercere
550 2325 688 2361 debebat
711 2328 1031 2364 &circumscribere.
1060 2330 1104 2364 Et
1121 2329 1156 2364 hi

283 2380 385 2414 etiam
398 2376 589 2411 dicebantur
601 2376 698 2412 statio
711 2402 718 2409 .
745 2378 795 2412 Hi
806 2379 994 2413 stationarii
1006 2377 1156 2414 diceban-

283 2439 335 2463 tur
356 2428 614 2461 &Frumentarii
628 2451 639 2467 ‚
663 2438 745 2471 quos
756 2438 885 2472 propter
906 2440 1019 2474 graves
1040 2442 1077 2464 ac
1096 2431 1157 2464 fre-

283 2487 420 2523 quentes
431 2478 656 2511 innocentium
667 2478 884 2520 oppreffiones
896 2479 987 2514 fuisse
998 2479 1017 2512 ὲ
1025 2479 1158 2514 Diocle-

284 2529 378 2561 tiano
399 2528 594 2571 imperatore
615 2527 769 2562 Aurelius
790 2527 926 2569 Vistor,
953 2530 986 2564 &
1004 2529 1155 2564 rursum&

285 2576 417 2621 juliano
448 2577 621 2611 exstinctos
641 2578 779 2611 affirmat
799 2578 949 2622 sophista
975 2579 1158 2622 Libanius,

285 2627 408 2661 addens
418 2626 502 2670 ipsos
524 2627 616 2660 fuiffe
629 2627 713 2671 quafi
726 2627 887 2672 Principis
895 2629 1009 2664 oculos
1022 2653 1029 2662 .
1057 2628 1158 2677 Qod

286 2675 395 2719 postea
420 2676 535 2711 iterum
556 2677 692 2712 restituti
706 2678 846 2716 fuerint,
870 2677 956 2713 lucet
975 2691 1016 2713 ex
1027 2679 1158 2714 laudata

287 2726 360 2769 lege
387 2725 519 2759 Arcadii
539 2727 573 2760 ὅς
593 2727 740 2762 Honorii
762 2752 773 2768 ,
799 2738 836 2762 ac
858 2739 899 2763 ex
923 2728 1054 2764 laudato
1081 2731 1158 2764 loco

288 2776 394 2810 Sanni
407 2776 600 2819 Augustini.
822 2806 825 2811 ,

339 2824 393 2857 De
414 2826 545 2868 antiqua
567 2825 662 2868 porro
674 2826 886 2860 Ecclefiarurn
910 2829 1056 2863 Statione
1087 2828 1161 2862 scri·

292 2873 340 2908 bit
365 2874 398 2906 in
411 2874 494 2908 libro
515 2875 554 2908 de
574 2876 722 2909 oratione
744 2878 890 2918 praefatus
910 2875 1158 2913 Tertullianus:
1175 2884 1179 2926 1

292 2927 385 2956 Statio
404 2925 439 2956 de
456 2925 578 2956 militari
596 2927 726 2967 exemplo
747 2937 849 2958 nomen
866 2934 971 2968 accipit
986 2953 992 2960 .
1021 2933 1105 2962 Nam
1127 2931 1160 2962 (Ὗ
1177 2949 1178 2953 =

294 2975 402 3006 militia
417 2977 474 3008 Dei
491 2972 614 3016 sumus.
643 2974 694 3007 Ex
717 2975 864 3009 stationis
888 2977 1047 3012 vocabulo
1068 2978 1180 3023 argu-i

295 3034 457 3058 mentatur
478 3024 576 3058 etiam
600 3024 633 3056 in
661 3023 744 3058 libro
770 3025 963 3067 dejejuniis‚
994 3039 1090 3072 atque
1109 3028 1182 3078 ad-¹²

295 3073 401 3117 jungit
415 3088 425 3107 .·
454 3078 540 3107 Nam
561 3075 713 3107 &milites
737 3085 894 3116 numquam
916 3079 1181 3111 immemores-5⁴:2³

297 3129 457 3163 cramenti,
483 3123 760 3167 magisstationibus
768 3133 893 3164 pareat.
923 3126 1083 3161 Militiam
1097 3139 1163 3161 non
1179 3094 1183 3157 l

299 3171 411 3215 possea
426 3172 610 3207 Christiano
623 3174 735 3216 suscipi
747 3173 841 3207 docet
865 3175 897 3207 in
910 3175 995 3209 libro
1015 3178 1054 3211 de
1067 3159 1183 3211 Corovl

302 3233 342 3254 na
366 3222 498 3262 militis,
523 3222 661 3256 &addit
685 3224 810 3256 causam
825 3237 834 3255 :
855 3228 937 3268 Jum
952 3225 1093 3264 stationes
1116 3237 1169 3259 aut

301 3272 353 3303 tilii
356 3269 448 3311 faciet
463 3278 553 3313 magis
567 3275 655 3314 quiim
667 3272 777 3312 Christo
794 3274 809 3304 ?
838 3280 893 3305 Aut
907 3277 939 3307 &
953 3279 1098 3309 Dominico
1110 3278 1168 3316 die,

303 3319 423 3363 quando
448 3330 498 3352 nec
523 3321 632 3360 Christo
655 3323 670 3353 ?
699 3326 744 3354 Et
770 3323 923 3355 excr2h.;bit
944 3333 1003 3364 pro
1029 3313 1186 3367 templis‚l

301 3369 406 3412 quibus
430 3375 611 3402 renuntiavit
633 3373 644 3403 ?
669 3374 712 3404 Et
740 3373 863 3405 caenabit
887 3374 963 3412 illic,
990 3375 1037 3406 ubi
1060 3375 1158 3417 aposto

301 3421 328 3453 lo
339 3420 522 3463 nonplacet?
547 3420 590 3451 Et
603 3431 671 3462 quos
694 3423 821 3455 interdiu
833 3420 1000 3465 exorcismis
1018 3424 1148 3469 fugavit
1159 3450 1170 3467 ‚

1168 2369 1178 2881 Μ
1164 1211 1174 2362 mmm-*—

119 2919 195 2954 (ἰαὶ),
217 2923 258 2947 ¹4·

123 3073 195 3110 Cap.
221 3079 254 3098 ιο

124 3226 198 3262 Cap.
224 3232 266 3252 ιι.

1197 2103 1207 2592 l

669 158 709 201 S.
746 155 1053 202 Gunooun
1089 169 1324 202 εεΡτΙΜῐ
1361 154 1717 201 PONTIFICIS

1227 234 1359 270 nullibus
1370 234 1538 279 defensabit
1550 260 1561 276 ,
1589 237 1756 271 incumbens
1777 240 2001 284 &requiescens
2007 242 2099 286 super

1222 286 1318 326 pilum
1329 309 1341 326 ,
1366 297 1422 328 quo
1437 286 1592 329 perfhfficm
1611 287 1649 327 est
1658 287 1741 321 latus
1753 289 1889 330 christi?
1915 291 2046 338 Qibus
2056 306 2098 328 ex

1223 334 1330 370 verbis
1352 337 1476 370 rursum
1498 336 1588 370 vides
1611 336 1799 373 Romanam
1821 339 1994 376 stationem
2004 343 2097 378 fuisse

1222 384 1388 429 vigilantis
1434 386 1469 423 &
1504 386 1696 421 excubantis
1732 389 1848 425 militis
1893 390 2095 433 custodiam,

1222 434 1387 479 ipsamque
1408 436 1506 470 etiam
1517 439 1642 471 'eorum
1653 439 1783 481 templis
1800 450 1838 473 ac
1849 439 1958 475 statuis
1971 440 2101 475 adhibi-

1221 495 1307 519 tam.
1336 484 1440 519 Vides
1461 486 1494 520 &
1509 484 1730 523 Christianam
1750 489 1927 523 stationem·
1947 492 2040 526 fuisse
2056 491 2098 535 je·

1218 533 1302 577 junii
1326 533 1465 577 speciem
1488 559 1495 566 .
1522 536 1616 571 Hinc
1635 538 1726 572 enim
1748 538 1928 572 Dominica
1947 540 2001 575 die
2026 553 2095 576 non

1219 592 1344 627 poterat
1356 582 1488 619 Christo
1500 585 1652 622 Domino
1663 587 1808 631 impendi
1821 614 1828 621 .
1850 588 1926 623 Erat
1936 589 2095 633 jejunium

1219 633 1304 667 adeo
1328 633 1496 674 strictum,
1524 646 1559 669 ut
1580 636 1760 672 inlaudato
1782 638 1824 673 de
1845 639 1995 673 oratione
2011 640 2095 675 libro

1220 693 1330 727 pergat
1342 683 1568 719 Tertullianus
1579 699 1590 719 .·
1614 687 1780 721 Stationum
1804 687 1904 722 diebus
1915 699 1972 722 non
1979 698 2096 732 putant
2111 701 2183 739 Cap.
2205 709 2252 735 14·

1215 732 1349 775 plerique
1370 732 1582 776 sacrificiorum
1607 737 1786 771 orationibus
1812 742 2095 782 interveniendum,

1218 784 1302 825 quod
1333 782 1415 822 statio
1432 782 1581 827 solvenda
1599 785 1639 829 fit
1663 795 1780 830 accepto
1801 792 1928 830 Corpore
1954 793 2094 824 Domini.

1220 831 1301 866 Non
1324 834 1433 868 nescio
1455 835 1510 878 qui
1534 837 1650 879 pauci,
1678 838 1733 871 sed
1746 838 1850 881 plures
1860 839 1904 875 ita
1915 839 2096 883 opinaban-

1219 891 1290 915 tur.
1316 883 1524 926 Opinionem
1553 897 1621 920 non
1645 887 1794 930 probavit
1816 898 1925 923 tantus
1946 889 2094 932 Donet,

1218 929 1304 973 quod
1329 943 1438 971 tamen
1450 946 1509 969 nec
1531 934 1684 972 damnare
1704 939 1798 974 ausus
1814 939 1911 973 fuerit
1924 947 1940 979 ‚⁴
1960 939 2096 974 demon-

1220 981 1295 1017 strat
1320 981 1385 1019 hoc
1407 985 1474 1027 ejus
1497 986 1669 1021 confilium
1692 1000 1699 1020 :
1725 990 1837 1022 Nonne
1859 987 2016 1033 solemnior
2034 995 2095 1024 erit

1211 1031 1299 1071 statio
1321 1042 1393 1075 tua,
1414 1032 1442 1074 fi
1459 1035 1547 1070 &ad
1557 1040 1649 1069 Aram
1660 1040 1716 1070 Dei
1728 1037 1870 1078 steteris?
1897 1043 2017 1081 Accepto
2025 1043 2097 1074 Cor-

1211 1089 1287 1123 pore
1310 1085 1432 1116 Domini
1454 1085 1488 1118 &
1509 1083 1659 1127 reservato
1683 1110 1694 1127 ,
1722 1096 1879 1131 utrumque
1894 1087 2018 1132 salvum
2035 1089 2096 1132 est,

1216 1132 1250 1165 Θ
1257 1138 1452 1174 participatio
1457 1133 1618 1178 sacrificii,
1645 1135 1831 1180 &exsecutio
1852 1139 1949 1180 officii.
1975 1139 2095 1173 Statio-

1218 1191 1295 1218 num
1316 1182 1431 1217 diebus
1453 1186 1559 1220 censet
1581 1185 1788 1222 nullomodo
1810 1187 2095 1224 intermittendum

1214 1229 1291 1266 dum
1314 1233 1528 1275 sacrificium,
1554 1235 1659 1274 immo
1680 1248 1740 1272 nec
1751 1237 1865 1284 populi
1886 1239 2098 1273 communio·

1217 1292 1311 1318 nem:
1338 1283 1458 1318 Suadet
1482 1294 1647 1329 acceptam
1668 1286 1741 1321 istic
1761 1287 1999 1324 Eucharistiam
2023 1300 2093 1323 non
2143 1331 2145 1333 v

1218 1331 1296 1363 sumi
1319 1331 1355 1365 in
1382 1331 1544 1372 Ecclesia,
1572 1334 1626 1368 sed
1648 1337 1797 1371 reservari
1818 1349 1858 1373 ac
1881 1337 2019 1374 domum
2041 1338 2096 1373 de·

1217 1381 1334 1422 portari
1347 1381 1380 1414 iu
1403 1381 1560 1423 privatam
1572 1383 1630 1417 suo
1642 1392 1787 1427 tempore
1799 1388 2070 1421 communionem
2081 1410 2095 1427 ,

1214 1440 1310 1474 atque
1330 1429 1374 1463 ita
1388 1431 1527 1464 affirmat
1549 1432 1697 1466 sacrificii
1719 1434 1958 1469 solemnitatem
1981 1436 2015 1471 &
2034 1436 2094 1470 ssa·

1213 1479 1315 1513 tionis
1327 1481 1469 1524 rigorem
1483 1482 1569 1524 poffe
1581 1481 1764 1516 conciliari.
1788 1483 1859 1530 Qi
1873 1495 1980 1519 tamen
1992 1496 2095 1519 omne

1211 1528 1366 1571 jejunium
1380 1530 1570 1564 existimant
1583 1531 1677 1568 fuiffe
1696 1530 1869 1569 stationem
1881 1557 1891 1574 ,
1918 1533 2026 1570 lucide
2034 1534 2093 1568 fal-

1214 1578 1343 1614 luntur.
1372 1579 1505 1613 Etenim
1529 1581 1564 1615 in
1577 1580 1663 1616 libro
1686 1581 1727 1615 de
1747 1581 1878 1625 jejuniis
1897 1583 1985 1618 idem
2005 1584 2089 1618 Ter-

1212 1629 1369 1663 tullianus
1386 1638 1553 1674 tamquam
1572 1631 1697 1666 diversa
1708 1631 1887 1674 disciplinae
1907 1633 2027 1677 species
2037 1645 2092 1679 pa-

1214 1679 1277 1715 lam
1291 1677 1478 1724 *distinguit
1499 1680 1715 1723 jejunationes
1735 1706 1746 1723 ‚
1771 1681 1999 1728 Xerophagias
2017 1709 2029 1726 ‚
2053 1684 2090 1720 δε

1213 1728 1387 1773 stationes,
1414 1729 1528 1765 dicens
1540 1731 1602 1765 effe
1613 1730 1738 1775 recusat}
1749 1755 1760 1772 ,
1785 1731 1882 1773 νει-ζῆ,
1907 1745 1941 1767 ac
1954 1734 2090 1768 retardo·
2107 1742 2245 1782 (ἱεραῖς

1213 1784 1238 1811 ti
1254 1778 1359 1820 pabuli
1381 1780 1487 1821 efficia.
1516 1780 1620 1829 Qod
1642 1781 1953 1824 ipsumlucidiffime
1963 1784 2043 1818 facit
2053 1782 2091 1819 iu

1212 1828 1263 1871 eju
1269 1828 1355 1864 sdem
1367 1827 1440 1863 libri
1452 1831 1590 1865 exordio
1600 1855 1609 1864 .
1637 1830 1680 1867 Et
1689 1831 1773 1866 infra
1784 1846 1796 1866 .·
1807 1833 1990 1867 stationibus
1999 1845 2088 1876 quar-

1213 1888 1276 1913 tam
1296 1877 1459 1922 &sextam
1475 1880 1619 1916 sabbathi
1629 1883 1762 1916 dicamus
1772 1906 1784 1923 ,
1809 1883 1978 1925 &jqiumis
1993 1886 2089 1917 Pam-

1209 1926 1326 1971 scevem
1346 1953 1354 1964 .
1380 1930 1462 1967 Hoc
1483 1930 1530 1965 est
1552 1955 1564 1972 ‚
1588 1932 1713 1967 sextam
1733 1932 1848 1967 feriam
1870 1931 2090 1977 semptimanae

1213 1977 1362 2022 majoris.
1388 1977 1434 2015 Et
1446 1979 1576 2018 inlibro
1590 1979 1719 2027 defuga
1738 1981 1775 2018 in
1785 1984 2006 2026 persecutione
2019 1985 2091 2019 scri.

1213 2027 1261 2065 bit
1278 2027 1463 2065 Gentilium
1484 2032 1741 2074 persecutionem
1762 2034 1825 2068 effe
1836 2032 1931 2068 nobis
1953 2033 2094 2077 utilem,

1213 2078 1304 2125 quod
1333 2089 1394 2114 uos
1417 2074 1453 2114 in
1478 2079 1609 2127 jejuniis
1630 2107 1641 2123 ,
1666 2081 1860 2118 stationibus
1887 2108 1899 2125 ‚
1933 2084 2095 2120 orationi·

1215 2131 1275 2165 bus
1301 2153 1314 2173 ,
1355 2140 1394 2167 ac
1428 2129 1523 2167 omui
1559 2130 1748 2176 Disciplina
1782 2131 1881 2168 faciat
1915 2134 2095 2170 ferventio-

1213 2193 1282 2216 res.

1264 2230 1378 2275 Itaque
1400 2230 1558 2274 jejunium
1583 2231 1667 2266 olim
1691 2241 1759 2266 erat
1778 2232 1920 2275 recusati
1935 2231 2003 2267 cibi
2027 2234 2098 2268 offi-

1216 2280 1305 2315 cium
1328 2305 1335 2313 .
1365 2280 1469 2328 Quid
1491 2292 1607 2326 nempe
1627 2291 1700 2317 toto
1723 2281 1777 2316 die
1803 2281 1885 2316 nihil
1907 2281 2019 2317 liceret
2039 2283 2098 2318 ali·

1217 2329 1320 2365 menti
1341 2331 1487 2372 sumere,
1514 2331 1568 2366 sed
1590 2343 1726 2367 omnem
1745 2331 1857 2366 cibum
1881 2333 2042 2376 &potum
2052 2343 2099 2367 re-

1217 2382 1326 2416 cusare
1349 2381 1449 2422 usque
1471 2380 1513 2415 ad
1538 2381 1712 2416 exordium
1738 2384 1856 2417 noctis.
1883 2382 2098 2429 Xerophagia

1217 2430 1310 2465 cibus
1330 2431 1467 2471 recisus,
1494 2430 1662 2476 ipsumque
1684 2434 1821 2476 exponit
1840 2432 1943 2467 dictus
1966 2432 2045 2467 liber
2055 2431 2098 2467 de

1218 2480 1371 2524 jejuniis:
1398 2480 1604 2525 Xerophagias
1615 2481 1826 2526 observamus,
1845 2481 1986 2525 ficcantes
2001 2482 2096 2516 cibum

1219 2531 1257 2564 ab
1269 2536 1348 2563 omni
1358 2541 1445 2564 carne
1457 2555 1468 2571 ‚
1494 2532 1528 2564 i&
1538 2537 1614 2564 omni
1626 2534 1795 2574 jurulentia
1808 2557 1819 2574 ‚
1845 2534 1879 2567 Co·
1893 2532 2096 2567 vividioribus

1219 2578 1376 2624 quibusque
1380 2585 1476 2622 pomis
1489 2605 1499 2621 ,
1527 2593 1564 2615 ne
1574 2583 1649 2624 quid
1657 2581 1824 2624 vinofitatis
1847 2583 1900 2617 vel
1907 2584 2031 2616 edamus
2041 2583 2098 2616 vel

1213 2639 1366 2673 potemus.
1395 2630 1474 2665 Erat
1495 2641 1561 2665 non
1574 2632 1708 2676 simplex
1730 2631 1909 2676 jejunium,
1936 2631 1988 2665 sed
1999 2629 2096 2666 absti-

1219 2680 1330 2716 nentia
1343 2680 1377 2713 in
1389 2680 1459 2714 solo
1469 2681 1535 2715 sere
1548 2692 1629 2725 pane
1648 2683 1682 2716 ἀ
1695 2692 1793 2725 aqua.
1822 2680 1928 2715 Statio
1938 2691 2017 2726 ergo
2026 2690 2096 2715 erat

1218 2729 1312 2764 cibus
1323 2730 1494 2764 dumtaxat
1506 2731 1682 2766 retardatus
1697 2758 1707 2773 ,
1734 2731 1937 2775 exponitque
1961 2726 2049 2765 idem'
2060 2730 2096 2764 li·

1220 2779 1275 2813 ber
1293 2804 1303 2819 ‚
1329 2779 1439 2813 dicens
1462 2780 1629 2823 Psychicis
1639 2791 1749 2826 praeter
1768 2791 1897 2815 annuos
1907 2781 2097 2815 Dominicae

1222 2829 1371 2874 paffionis
1390 2828 1459 2863 dies
1482 2831 1610 2865 nullum
1631 2832 1753 2877 placere
1773 2842 1813 2864 ex
1835 2829 2000 2874 Praecepto
2021 2830 2097 2874 jeiu-

1221 2880 1332 2917 nium,
1361 2889 1457 2922 atque
1468 2880 1665 2926 adjungens:
1691 2882 1823 2914 Proinde
1844 2892 1897 2914 nec
1909 2880 2070 2920 stationum
2083 2904 2095 2921 ,

1223 2941 1289 2972 quae
1312 2927 1421 2970 &ipsa
1439 2927 1504 2971 ficos
1518 2932 1637 2973 quidem
1659 2931 1722 2963 dies
1737 2930 1869 2963 habeant
1879 2930 2096 2972 quartaeferiae
2113 2933 2185 2970 Cap·
2202 2939 2231 2959 2-

1223 2981 1255 3013 &
1276 2977 1375 3022 sextae
1400 3003 1410 3018 ,
1433 2981 1544 3020 paffive'
1565 2990 1664 3013 tamen
1683 2989 1808 3013 currant
1821 3005 1832 3021 ,
1858 2990 1946 3023 neque
1960 2979 2016 3023 sub
2034 2981 2096 3024 Iege

1226 3032 1392 3070 Praecepti,
1419 3040 1509 3072 neque
1529 3031 1610 3063 ultra
1626 3028 1804 3076 supremam
1819 3032 1898 3071 diei,
1924 3032 2040 3073 quando
2062 3031 2098 3065 6·

1224 3084 1370 3111 orationes
1372 3077 1443 3119 fer?
1453 3081 1603 3113 concludat
1613 3079 1685 3113 hora
1697 3092 1775 3113 nona
1795 3082 1831 3114 de
1845 3083 1930 3114 Petri
1942 3081 2094 3123 exemplo,

1225 3130 1305 3171 quod
1323 3128 1403 3160 Ac‘i'is
1426 3128 1551 3171 refertur
1572 3155 1579 3162 .
1607 3130 1736 3164 Horam
1758 3141 1882 3164 nonam
1909 3140 2005 3165 vocat
2032 3129 2098 3164 diei

1228 3179 1405 3221 supremam
1426 3180 1478 3213 seu
1500 3179 1670 3221 ultimam,
1699 3192 1767 3214 non
1790 3180 1925 3220 horam,
1950 3181 2003 3215 sed
2015 3179 2098 3213 mili*

1227 3239 1327 3261 tarem
1350 3228 1541 3262 stationem.
1571 3229 1638 3265 Uti
1664 3232 1791 3264 noctem
1815 3232 1849 3263 in
1870 3241 2007 3275 quatuor
2018 3228 2099 3272 vigi-

1229 3279 1307 3317 lias,
1335 3280 1376 3310 ita
1401 3279 1488 3312 diem
1512 3280 1544 3311 in
1560 3290 1699 3321 quatuor
1724 3281 1877 3314 stationes
1897 3280 2001 3313 divifit
2015 3279 2098 3311 anti-

1229 3328 1354 3370 quitas,
1383 3328 1542 3362 &omnes
1554 3328 1610 3362 has
1633 3331 1704 3363 osto
1718 3340 1788 3364 toto
1811 3341 1899 3363 anno
1912 3330 1946 3362 in
1967 3339 2028 3362 tres
2041 3326 2099 3360 ho-

1231 3388 1296 3410 ras.
1325 3379 1468 3411 Omnem
1486 3388 1556 3412 toto
1569 3389 1656 3412 anno
1671 3380 1758 3414 diem
1778 3380 1811 3413 &
1824 3381 1947 3411 noctem
1960 3377 1991 3410 in
2006 3376 2101 3410 horas

1231 3426 1543 3463 duodecimDisertt':
1555 3429 1586 3463 id
1600 3428 1697 3464 docet
1708 3430 1743 3463 in
1755 3429 1840 3462 libro
1851 3428 1891 3462 de
1904 3426 2102 3470 temporibus

1963 3487 2055 3511 vene-

2107 1860 2183 1901 Cap.
2197 1869 2242 1897 ¹4·

2282 734 2293 751 N
