2372 3756
137 1253 169 1288 L.
185 1260 214 1285 z.
226 1259 253 1285 α,
267 1259 294 1295 3·

408 172 470 221 56

327 246 439 282 etant:
466 239 543 276 Alia
554 238 588 277 in
601 241 773 288 naufragi,
798 243 863 278 alia
886 243 924 278 in
947 241 1085 288 gratiam
1095 241 1182 276 Fisci
1197 265 1206 274 .

328 296 468 332 Exstant
478 292 513 325 in
525 292 670 327 secundo
689 302 785 332 tomo
795 293 874 337 juris
885 292 1002 326 Graeco
1013 308 1024 318 -
1035 290 1180 328 Romani
1190 312 1198 322 -

327 346 531 382 Emanarunt
550 341 610 377 sub
633 343 775 388 Imperio
797 354 834 377 ac
862 353 903 376 ex
924 341 1008 385 juffu
1029 339 1206 383 Michaelis

326 396 449 434 Ducae,
474 403 702 439 cognomento
721 391 946 436 Parapinacii,
973 402 1071 435 quem
1082 393 1207 436 Grego-

323 443 375 477 rio
386 442 500 483 nostro
522 444 727 478 &Romanae
736 441 886 476 Ecclefiae
906 442 1034 480 constat
1044 442 1136 477 faisse
1146 442 1205 474 fin-

321 493 480 539 guiariter
499 493 684 533 addictum,
710 491 853 535 ideoque
879 490 975 535 poffit
995 491 1051 527 ille
1072 491 1205 534 praesen-

317 554 390 584 ‚tem
400 542 575 578 Canonem
586 542 679 578 fuine
689 540 752 576 hac
762 541 814 576 via
825 542 995 576 exsecutus
1006 566 1015 575 .
1042 540 1111 577 Sub
1133 541 1204 585 ipso

321 592 435 628 floruit
454 590 646 628 &Michael
668 590 844 626 Attaliates
864 615 876 632 ,
902 601 961 625 uec
985 603 1056 626 non
1078 592 1113 629 δε
1135 590 1204 625 Mi-

317 641 414 679 chael
425 642 551 678 psellus
564 667 577 684 ‚
601 642 637 677 &
657 642 746 683 varia,
765 643 940 691 sua-opera
961 640 1017 685 ipsi
1038 641 1203 686 inscripse-

319 703 416 731 tunt.

370 742 420 784 At
439 743 565 782 malum
585 754 645 782 nec
656 743 699 782 fle
718 742 867 781 cessavit.
898 741 1041 780 Duravit
1053 741 1200 787 usquead

318 794 498 840 Imperium
521 793 710 830 Andronici
721 792 889 829 Comneni
899 817 912 834 ,
937 793 978 828 de
988 802 1055 836 quo
1065 790 1201 828 Nicetas

319 845 503 880 Choniates
528 858 540 879 .-
565 846 644 879 Ciam
669 845 752 889 apud
773 847 923 878 Romanos
942 868 956 884 ‚
979 841 1079 887 eosque
1099 841 1199 886 solos,

318 905 353 932 ut
364 901 467 939 opinor
477 920 490 936 ,
510 895 690 938 iniquiffima
700 892 873 938 consuetudo
891 895 1007 927 valeret
1018 917 1030 934 ,
1055 901 1090 941 ut
1101 903 1198 927 naves

317 945 536 988 tempestatibus
546 949 579 977 in
589 946 659 978 litus
669 944 773 985 ejeiiae
793 955 851 978 non
864 945 949 978 modo
972 944 1119 977 ani-mine
1142 944 1198 976 ad·

309 997 499 1036 ,iuvarentur
507 1018 520 1034 ,
541 993 601 1037 sed
608 993 648 1026 ab
661 995 766 1028 accolis
777 1000 885 1037 quovis
899 993 1015 1027 turbine
1021 992 1198 1036 saevioribus

315 1046 539 1087 diriperentur,
560 1041 592 1084 fi
596 1054 657 1087 qua
665 1044 774 1085 fludus
784 1045 898 1087 reliqua
899 1043 1062 1086 fecerant,
1084 1045 1197 1077 Andro-

314 1095 587 1137 nicusiniquiffimae
609 1093 655 1135 isti
664 1099 774 1128 rationi
790 1103 854 1128 tam
873 1100 981 1128 acriter
1001 1092 1040 1134 est
1050 1092 1196 1137 adversa-

312 1152 364 1179 tus
383 1169 397 1186 ,
420 1150 467 1179 ita
486 1149 651 1187 piraticam
671 1146 756 1179 illam
782 1150 979 1187 rapacitatem
1003 1143 1194 1187 compescuit,

313 1203 349 1229 ut
361 1194 425 1229 baec
433 1206 495 1229 una
506 1206 555 1229 res
566 1194 755 1236 ampliffimas
764 1197 830 1238 ejus
852 1195 956 1228 laudes
965 1194 1174 1236 compleHatur
1183 1219 1190 1227 .

311 1249 400 1279 Nam
427 1246 520 1279 Aulici
541 1247 662 1288 quidem
674 1248 810 1279 Proceres
831 1247 866 1278 id
887 1246 998 1279 malum
1008 1245 1194 1287 deploratum

312 1294 570 1334 &immedicabile
587 1295 793 1339 judicabant,
819 1298 854 1330 (ff
876 1294 1018 1335 vetustate
1041 1295 1194 1337 confirma-

310 1355 376 1380 tum
389 1371 397 1379 .
424 1350 464 1380 Ac
475 1346 581 1380 multos
601 1344 846 1389 exsuperioribus
864 1345 1116 1387 Imperatorum,
1135 1343 1193 1385 fa-

307 1396 427 1440 sciculis
454 1398 623 1430 litterarum
647 1402 679 1430 in
706 1399 885 1430 Provincias
911 1396 997 1436 miffis
1021 1419 1031 1435 ‚
1057 1402 1191 1428 extrema

309 1459 371 1480 nau
390 1458 524 1490 ragorum
540 1445 752 1490 spoliatoribus
773 1448 928 1479 minitatus
948 1470 959 1486 ‚
978 1442 1038 1488 sed
1055 1453 1194 1477 conatum.

308 1498 395 1531 illum
399 1496 490 1540 fuisse
500 1503 621 1531 irritum
635 1522 646 1539 ‚
672 1499 706 1531 (05
718 1503 802 1531 intra
812 1499 928 1537 Scripta
946 1493 1116 1537 substitffe,
1143 1505 1190 1526 ru·

307 1547 421 1580 bricam
434 1551 663 1590 Imperatoriam
673 1548 754 1580 illius
765 1547 838 1578 mali
847 1546 938 1577 undis
948 1543 1110 1576 eluentibus
1117 1568 1127 1583 ,
1156 1552 1189 1576 ut

307 1598 418 1630 litterae
439 1599 499 1630 illae
520 1599 615 1638 plane
637 1602 670 1628 in
688 1606 769 1637 aqua
784 1593 907 1637 scriptae
929 1594 1106 1628 viderentur
1120 1617 1130 1632 ,
1156 1593 1190 1626 (τ

307 1646 424 1679 Baitia
442 1645 561 1686 frustra
580 1643 814 1688 subnotarentur
840 1669 847 1676 .
884 1644 985 1678 Hanc
1011 1643 1188 1677 Procerum

305 1694 568 1730 interceffionem
593 1695 687 1728 fuisse
713 1693 883 1738 insigniter
921 1692 966 1727 ab
991 1692 1188 1727 Andronico

304 1747 480 1780 refutatam
501 1744 701 1779 demonstrat
724 1744 875 1778 laudatus
885 1743 1028 1787 Scriptor
1040 1767 1052 1783 ‚
1075 1743 1188 1777 &tan-

306 1795 382 1831 dem
407 1795 576 1841 subjungit
597 1794 661 1830 hoc
684 1794 753 1838 ejus
774 1793 927 1828 Edictum
948 1806 956 1826 ι
984 1798 1126 1829 Homines
1148 1804 1188 1827 ex

305 1855 394 1888 rapto
405 1845 509 1880 vivere
527 1844 608 1890 soliti
612 1844 748 1889 sciunto,
773 1843 829 1887 nist
846 1847 922 1879 ultro
932 1846 1187 1887 appetere.aliena

305 1895 462 1939 defierint,
487 1901 579 1930 etiam
590 1894 652 1940 sua
671 1896 842 1940 amissuros,
868 1896 1075 1936 &pauperum
1091 1891 1188 1937 suspi-

306 1952 360 1980 riis
374 1957 432 1980 non
446 1945 533 1990 seem
541 1946 665 1988 ejectum
673 1950 713 1979 iri
725 1970 737 1987 ,
761 1948 853 1989 quam
862 1946 968 1987 pulvis
990 1943 1188 1979 avebementi

307 1997 426 2030 turbine
449 1998 598 2040 diffipatur
611 2022 618 2030 .
645 2000 708 2029 Eos
729 1995 920 2040 praesertim,
945 1999 998 2037 qui
1017 1994 1187 2038 naufragiis

307 2046 489 2089 infidiantur
510 2073 522 2089 ,
547 2050 582 2082 ό·
599 2045 738 2090 sarcinas
765 2047 911 2087 diripiunt
936 2069 948 2085 ,
972 2044 1006 2079 o·
1026 2044 1188 2087 aliquando

305 2096 402 2141 ipsas*
415 2109 509 2131 naves
532 2098 669 2140 difficant
691 2098 726 2129 (ν
744 2101 943 2128 comminuunt
965 2119 973 2125 .
992 2096 1027 2128 Si
1044 2100 1112 2136 quis
1137 2105 1187 2127 ’ω’-

301 2147 396 2189 strum
411 2153 503 2191 igitur
523 2145 620 2187 nostra
641 2145 816 2178 audior-itate
828 2142 1038 2188 magistratum
1058 2144 1187 2184 aliquem

307 2203 386 2242 gerit
400 2221 411 2237 ‚
429 2195 459 2238 fi
464 2201 530 2239 quis
546 2195 664 2237 fundos
674 2199 839 2227 maritimos
848 2194 970 2236 poffidet
982 2217 993 2232 ,
1020 2198 1047 2226 is
1056 2194 1187 2233 primum

302 2246 468 2291 seipsum,
495 2246 603 2279 deinde
620 2243 757 2287 subditos
773 2254 885 2287 quoque
903 2244 948 2276 ad
949 2242 1060 2284 justam
1070 2246 1128 2275 Dei
1152 2245 1187 2277 (9⁴

307 2302 432 2340 Imperii
457 2295 544 2335 nostri
568 2292 791 2338 observantiam
812 2305 846 2327 ac
866 2298 1067 2327 reverentiam
1085 2293 1186 2335 confir-

736 156 779 204 S.
813 153 1132 205 GREGoiiti
1166 166 1398 203 smum
1435 154 1806 204 P0N1’1t'101s

1269 237 1354 274 vixit
1375 237 1551 283 iniquitas.
1578 238 1714 275 Etenim
1724 239 1892 287 Georgius
1909 242 2152 291 Pachymeres‚

1269 288 1327 333 qui
1349 288 1408 329 sub
1417 288 1586 325 Michaele
1606 290 1640 326 &
1652 290 1849 328 Andronico
1869 294 1982 338 primis
1993 296 2153 335 Palaeolo-

1267 339 1319 383 gis
1335 338 1447 386 floruit
1460 364 1473 381 ,
1498 338 1623 383 scripfit
1643 340 1762 376 librum
1785 342 1844 378 sub
1866 343 1931 378 hoc
1948 345 2071 382 titulo.-
2097 354 2152 384 Ac-

1269 387 1377 432 cusatio
1395 391 1467 434 legis
1475 395 1683 433 praecipienus
1706 383 2022 439 naufragiumpaffos,
2049 398 2150 442 &ap-

1265 440 1409 481 pellentes
1419 445 1452 473 in
1462 442 1587 484 aliquem
1599 441 1692 475 locum
1703 466 1714 482 ,
1740 442 1779 475 ab
1791 448 1832 476 iis
1843 450 1895 485 qui
1913 445 1956 478 ibi
1958 444 2033 490 sunt
2045 470 2058 487 ,
2082 446 2152 490 spo-

1267 490 1462 533 liandoseffe.
1489 491 1534 525 Et
1547 491 1648 526 alium
1671 490 1807 528 subhoc
1829 492 1954 530 titulo:
1978 495 2148 539 oppaefitum

1267 540 1306 575 de
1323 540 1424 574 eadem
1445 540 1506 584 lege
1527 541 1760 585 &oppofitionn
1788 544 1871 578 Haec
1890 542 2063 580 doeciffimi
2085 547 2148 582 viri

1267 589 1303 623 in
1325 598 1497 634 utramque
1522 589 1791 628 contradictionis
1819 605 1945 638 partem
1970 595 2147 640 disputatio

1266 639 1469 675 demonstrat
1495 639 1703 685 iniquitatem
1740 650 1820 677 tunc
1846 656 1914 679 non
1946 655 2150 692 tantummo-

1266 688 1312 724 do
1336 690 1475 739 viguiffe
1494 714 1507 732 ‚
1531 690 1586 726 sed
1607 692 1681 731 &A
1705 693 1898 737 quibusdam
1924 695 2018 732 fuiffe
2036 692 2146 733 defen-

1266 741 1331 775 ssm
1343 765 1352 773 .

1314 790 1426 826 Etiam
1440 790 1475 826 in
1493 792 1677 843 Occidente
1687 793 1845 839 iniquitas
1857 808 1910 841 per
1925 796 2071 832 Romani
2082 788 2148 833 lm}

1266 841 1347 884 perii
1370 841 1562 879 laceratores
1582 843 1741 880 Barbaros
1756 847 1983 890 &frequenter
2002 847 2120 883 revixit
2133 872 2148 890 ,

1265 891 1300 925 &
1320 891 1504 937 frequenter
1524 893 1588 929 fuit
1613 894 1768 931 exstincta
1790 922 1797 928 .
1832 898 1922 932 Nam
1939 898 1983 932 -&
2002 897 2144 942 antiquae

1266 940 1527 987 Visegothorum
1550 943 1638 989 leges
1646 943 1768 980 ‘habent
1780 961 1791 980 :
1817 949 1984 993 ,Quidquid
2000 949 2038 981 de
2047 953 2144 982 incen-
2161 957 2192 986 L.
2203 967 2229 993 7·
2238 959 2321 995 2152.

1264 991 1335 1032 dio,
1361 998 1472 1033 ruina,
1497 994 1700 1038 &naufragio
1709 1005 1830 1038 raptum
1843 997 1960 1039 fuerit,
1986 998 2141 1041 &aliquis
2161 1006 2186 1027 C·
2207 1002 2258 1029 18·
2309 987 2321 1000 ⁶

1264 1052 1302 1074 ex
1320 1040 1371 1075 hoc
1393 1043 1557 1086 quidquam
1583 1044 1621 1077 ab
1643 1046 1701 1078 alio
1715 1044 1876 1090 susceperit
1893 1047 1958 1090 five
1978 1051 2141 1090 celaverit,

1264 1097 1296 1124 in
1317 1093 1519 1135 quadruplum
1538 1092 1700 1135 reformare
1719 1105 1839 1140 cogatur
1851 1122 1858 1131 .
1888 1098 2013 1133 Eadem
2033 1099 2142 1133 crimi-

1264 1153 1305 1176 na
1330 1139 1494 1177 horrende
1514 1142 1695 1179 damnatin
1717 1149 1824 1190 primo
1837 1147 2016 1183 Sicularum
2029 1149 2141 1194 legum

1260 1190 1351 1226 libro*
1364 1193 1463 1227 etiam
1485 1192 1664 1238 Imperator
1684 1196 1872 1231 Fredericus
1891 1198 2048 1233 secundus
2068 1222 2081 1239 ,
2106 1198 2142 1233 δε

1260 1241 1433 1286 adjungit.-
1458 1246 1548 1276 Tales
1560 1250 1593 1278 in
1605 1251 1723 1286 rapinis
1735 1246 1903 1290 huiusmodi
1923 1242 2144 1291 deprehensos,
2187 1279 2192 1285 .

1258 1299 1311 1323 aut
1317 1290 1422 1333 sponte
1432 1293 1566 1335 confeffos
1579 1317 1591 1333 ,
1615 1298 1743 1337 capitali
1756 1296 1911 1340 finientia
1914 1298 2072 1341 feriendos
2084 1298 2137 1341 effe
2157 1283 2214 1311 Tm
2226 1289 2276 1310 η’

1257 1338 1426 1382 censemus,
1450 1352 1486 1374 ac
1506 1342 1543 1374 de
1560 1341 1645 1375 bonis
1668 1343 1796 1386 ipsorum
1809 1370 1820 1386 ‚
1846 1359 1915 1390 quae
1936 1351 1982 1382 ad
1989 1350 2138 1392 legitimos

1254 1388 1417 1432 succeffores
1424 1396 1583 1431 pervenire
1592 1392 1738 1426 debebunt
1750 1418 1760 1433 ‚
1787 1402 1884 1437 rapta
1893 1402 1925 1429 in
1937 1398 2137 1439 quadruplum

1259 1439 1370 1480 restitut
1390 1441 1518 1472 dominis
1538 1441 1643 1474 debere
1664 1445 1846 1478 mandamus
1859 1469 1867 1478 .
1894 1444 2000 1481 Addit
2011 1447 2152 1481 nausiam

1258 1500 1319 1533 gos
1341 1490 1359 1524 ὲ
1377 1491 1502 1526 ειιηξὶὶε
1520 1490 1728 1533 praesentibus
1749 1493 1972 1536 adjuvandos,
1997 1495 2138 1539 &hujus

1258 1540 1402 1574 fraternae
1412 1541 1539 1582 pietatis
1549 1540 1774 1585 negligentem
1786 1543 1922 1579 mulstat
1933 1556 2027 1588 poena
2038 1547 2138 1581 unius

1259 1588 1463 1635 Augustalis.
1494 1590 1540 1624 Et
1549 1591 1656 1634 pergit
1672 1594 1706 1625 in
1731 1591 1793 1626 alia
1806 1593 1899 1640 lege:
1927 1595 2138 1636 nemaei-ts,
2154 1597 2318 1635 Tit-58.c.2.

1257 1651 1323 1682 quae
1345 1641 1382 1673 cle
1403 1638 1577 1684 naufragiis
1588 1644 1691 1676 Curiae
1711 1642 1816 1682 nostrae
1825 1645 1971 1679 debentur
1985 1670 1996 1686 ,
2023 1657 2090 1680 cum
2097 1657 2139 1680 ex

1258 1689 1417 1733 naufragio
1437 1714 1448 1730 ,
1474 1702 1597 1733 quorum
1621 1702 1670 1724 res
1687 1690 1760 1734 sunt
1780 1718 1792 1734 ,
1818 1697 1938 1738 aliqui,
1962 1696 2017 1731 vel
2034 1708 2073 1730 ex
2093 1701 2139 1730 eis·

1251 1737 1412 1782 succeffwes
1423 1742 1548 1784 legitimi
1560 1752 1616 1774 non
1621 1740 1781 1785 fitpersunt
1788 1767 1799 1784 ,
1815 1746 1926 1779 nuilus
1937 1750 2138 1780 intromittere

1253 1788 1287 1833 se
1297 1789 1430 1823 debebit.
1460 1791 1561 1825 Extra
1581 1791 1672 1826 hunc
1684 1794 1794 1828 casum
1816 1794 1889 1829 vuit
1910 1796 2009 1830 etiam
2027 1796 2141 1830 &fisco

1256 1839 1341 1876 nihil
1353 1841 1506 1883 praetendi
1519 1867 1526 1874 .
1554 1842 1598 1876 Et
1611 1843 1695 1877 inter
1706 1843 1847 1880 Henrici
1864 1845 1996 1880 secundi
2008 1845 2143 1891 Anglo·

1256 1901 1327 1924 rum
1340 1890 1443 1936 Regis
1466 1889 1575 1925 laudes
1589 1892 1786 1930 Guilielmus
1798 1894 2034 1940 Neubrigenfis
2044 1895 2147 1940 ponit>

1255 1939 1406 1979 &hancz
1433 1944 1577 1983 Henricus
1597 1949 1754 1986 antiquam
1762 1945 1958 1980 inhumanam
1978 1951 2057 1980 circa
2067 1957 2141 1979 nau-
2158 1951 2188 1981 1..
2196 1959 2223 1988 3.
2231 1959 2258 1983 c.
2269 1954 2321 1982 26.

1246 1990 1356 2035 fragos
1377 1989 1609 2034 consuetudinem
1634 1999 1667 2028 in
1686 1994 1753 2036 ipfis
1777 2000 1871 2040 Regni
1893 1995 1941 2040 sui
1962 2002 2058 2030 initiis
2078 2000 2141 2029 exi-

1253 2046 1316 2073 mia
1335 2047 1449 2082 pietate
1472 2049 1600 2077 correxit
1627 2067 1639 2084 ,
1664 2055 1756 2087 atque
1781 2044 1947 2090 hujusmodi
1970 2045 2139 2080 bominibus

1246 2090 1292 2139 'ab
1318 2101 1451 2134 aequoreo
1479 2091 1648 2134 discrimine
1675 2095 1810 2132 liberatis
1832 2121 1845 2138 ,
1870 2096 2074 2130 humanitatis
2094 2095 2142 2137 of-

1248 2140 1351 2182 ficium
1373 2140 1514 2177 exbiberi
1533 2148 1715 2184 praecipiens
1730 2167 1742 2184 ,
1762 2156 1878 2188 graves
1905 2151 1938 2179 in
1963 2157 2011 2180 eos
2035 2154 2140 2189 pamas

1232 2189 1236 2196 ⁴
1247 2189 1381 2233 sanxit,
1408 2196 1459 2233 qui
1476 2191 1562 2233 fhrte'
1587 2194 1650 2226 illis
1677 2198 1709 2224 in
1730 2196 1829 2236 aliquo
1853 2195 1962 2236 molesti
1986 2196 2038 2238 effi
2051 2219 2064 2236 ,
2088 2196 2145 2230 vet

1253 2242 1289 2272 a'e
1311 2240 1399 2278 rebus
1424 2250 1519 2271 eorum
1545 2242 1709 2283 quidquam
1732 2241 1876 2284 usurpare
1893 2243 2112 2286 praesumerent
2129 2268 2138 2276 .

1254 2288 1441 2325 Confirmat
1468 2289 1610 2332 Joannes
1637 2290 1863 2335 Bromptonus
1888 2291 2001 2327 Abbas
2026 2294 2139 2336 Jorna-

307 2357 384 2382 met.
417 2345 551 2387 Profec‘lb
556 2353 648 2387 poena
659 2345 760 2378 deli-iit
771 2344 811 2377 ab
822 2356 853 2377 eo
864 2344 1021 2385 multiplex
1029 2347 1186 2387 exigetur,
1234 2364 1236 2367 v
1254 2338 1346 2371 lenfis
1370 2351 1377 2370 :
1405 2342 1552 2373 Henricus
1577 2343 1644 2373 Rex
1662 2362 1674 2380 ,
1702 2341 1916 2386 naufragorum
1938 2345 2138 2386 perditionem
2160 2343 2192 2372 Α·
2211 2346 2296 2381 ¹¹39·

307 2403 361 2441 qui
377 2398 430 2430 vel
442 2399 609 2429 Provincia·
618 2394 725 2437 praeest
739 2419 749 2435 ,
759 2396 813 2428 vel
820 2406 924 2438 agrum
929 2394 1066 2435 peffidet.
1095 2394 1189 2436 ,Quod

302 2448 332 2495 fi
347 2444 408 2490 ipsi·
431 2448 465 2480 <tt
485 2452 585 2489 animo
604 2447 624 2477 ἃ
640 2444 773 2487 facinore
794 2443 978 2477 abhorruerit
990 2467 1001 2484 ,
1025 2445 1062 2477 ,Θ
1082 2452 1186 2476 manus

308 2498 502 2539 abstinuerit,
524 2495 584 2540 sed
602 2494 725 2535 ministri
747 2497 813 2536 ejus
833 2493 926 2537 scelus
939 2494 973 2525 id
991 2490 1188 2535 admiserint,

307 2549 348 2581 id
366 2546 422 2590 ipsi
436 2547 649 2590 imputabitur.
676 2550 763 2579 Nam
776 2544 807 2586 fi
818 2542 974 2587 sceleratus
995 2545 1128 2576 dominus
1135 2542 1188 2582 fla-

304 2598 466 2644 gellabitur
484 2622 495 2638 ‚
522 2595 649 2639 servitia
673 2593 835 2638 reſspiscent
856 2619 864 2626 .
891 2598 937 2626 Et
964 2602 998 2626 ut
1019 2592 1132 2637 subditi
1156 2597 1189 2625 in

309 2648 472 2682 r'llaudatis
492 2646 579 2681 rebus
592 2648 763 2688 Principem
774 2650 888 2678 imitari
902 2641 1016 2687 solent,
1044 2648 1090 2676 ita
1099 2647 1190 2676 etiam

304 2697 336 2740 fi
343 2704 370 2730 is
381 2697 544 2741 flagelletur
555 2720 566 2737 ,
591 2694 763 2739 &publicae
772 2696 902 2728 utilitati
917 2692 1036 2736 servire
1045 2702 1165 2737 cogatur
1178 2717 1191 2733 ,

313 2747 347 2779 bi
368 2758 454 2787 cum,
481 2755 514 2779 ut
536 2754 660 2779 matrem
678 2746 761 2789 filius
782 2769 794 2785 ,
814 2741 975 2787 sequentur
996 2767 1004 2775 .
1031 2747 1070 2776 Ut
1090 2750 1191 2776 autem

308 2805 411 2840 poenae
429 2806 539 2839 quoque
558 2796 677 2828 modum
698 2799 846 2828 noveritis
858 2819 869 2835 ,
895 2805 984 2836 quam
1008 2793 1115 2826 Edidit
1134 2797 1191 2826 mei

312 2854 490 2888 contemptor
508 2846 591 2885 luet,
616 2849 650 2877 in
671 2845 748 2877 malo
758 2848 850 2878 navis
867 2843 1028 2885 pendebit.
1054 2845 1108 2885 Sin
1128 2853 1192 2875 eum

319 2896 427 2938 fluc‘lus
448 2900 584 2932 marinus
606 2892 772 2927 deturbarit
785 2918 797 2934 ,
822 2898 854 2925 in
876 2893 937 2926 alto
957 2895 1042 2927 litore
1062 2894 1194 2934 aditoque

319 2944 547 2989 speculatiffimae
572 2943 700 2984 arbori,
729 2955 797 2986 quae
822 2949 855 2975 in
880 2948 919 2976 iis
944 2943 1092 2977 montibus
1117 2944 1193 2976 caedi

310 3000 421 3042 poterit
444 3020 457 3037 ‚
482 2996 612 3039 affigetur
633 3007 644 3027 .·
672 2998 710 3027 Ut
732 2998 786 3036 qui
806 2994 900 3026 medio
919 2999 997 3026 mari
1019 2999 1171 3037 navigant
1184 3016 1196 3033 ,

313 3057 379 3079 eum
397 3043 576 3089 conspiciant
589 3069 600 3085 ,
625 3044 707 3079 velut
726 3044 764 3076 de
789 3051 923 3076 antenna
943 3043 1043 3076 velum
1054 3068 1066 3084 ‚
1087 3048 1196 3085 promi-

320 3103 463 3137 nentem,
487 3104 577 3138 atque
598 3099 631 3127 in
652 3102 736 3128 terra
759 3092 973 3137 naufragium,
992 3092 1047 3135 suo
1062 3092 1197 3134 exemplo

314 3151 433 3179 careres
457 3153 641 3185 monentem,
670 3154 707 3178 m
718 3142 879 3187 naufragia
899 3144 1074 3184 invadant,
1100 3145 1198 3177 &na-

305 3205 380 3237 *ves
395 3193 539 3237 spolient.
567 3194 826 3238 ,Quemadmodum
846 3195 926 3226 Deus
951 3203 1052 3226 arcum
1067 3191 1197 3236 suumin

317 3243 445 3277 nubibus
453 3244 628 3287 suspendit,
654 3248 707 3287 qui
717 3250 887 3286 argumento
908 3240 972 3284 esset
984 3254 1041 3276 non
1055 3242 1124 3285 fore
1134 3255 1199 3276 am·

315 3293 398 3337 plius
412 3295 576 3328 diluvium.
603 3293 761 3329 Peffimus
770 3293 953 3336 Tyrannus
975 3294 1037 3327 fuit
1059 3290 1199 3326 isteAn-

317 3341 471 3378 dronicus
492 3366 505 3383 ,
530 3342 596 3377 haec
616 3353 727 3378 tamen
747 3342 817 3387 ejus
839 3342 894 3376 lex
914 3342 960 3376 est
980 3343 1082 3389 digna
1103 3343 1198 3377 omni

316 3392 495 3427 encomio.
526 3393 572 3425 Et
595 3403 650 3435 per
671 3403 807 3427 omnem
828 3392 896 3436 ejus
914 3392 1018 3427 vitam
1039 3392 1103 3427 fuit
1122 3392 1198 3438 rigi·

316 3440 442 3479 diffime
455 3439 637 3478 custodita.
664 3441 790 3480 Verum
812 3442 884 3489 post
905 3440 973 3486 ejus
992 3451 1134 3479 mortem
1153 3454 1199 3479 re·

1252 2392 1365 2421 eximia
1386 2393 1501 2430 pietate
1524 2389 1670 2433 miserans
1687 2415 1700 2432 ,
1725 2393 1761 2425 (τ
1784 2397 1828 2425 els
1855 2392 2055 2427 humanitatis
2082 2394 2141 2436 ff-

1252 2443 1328 2471 cium
1352 2438 1486 2473 exbiberi
1514 2446 1696 2482 praecipiens
1719 2463 1732 2480 ,
1752 2452 1866 2485 graves
1893 2449 1927 2477 in
1960 2455 2010 2477 eos
2030 2452 2150 2487 poenas·¹

1249 2487 1382 2531 sanxit,
1407 2495 1456 2532 qui
1475 2489 1564 2531 forte
1587 2492 1647 2524 illis
1673 2496 1706 2524 in
1730 2493 1828 2534 aliquo
1853 2492 1959 2532 molesti
1983 2493 2035 2536 esse
2057 2502 2141 2536 prae·

1249 2537 1423 2581 sumerent,
1448 2540 1502 2573 vel
1520 2541 1556 2574 de
1580 2542 1669 2574 rebus
1688 2543 1845 2584 quidpiam
1869 2541 2033 2586 usurpare.
2058 2543 2140 2587 Ejus

1255 2589 1341 2622 filius
1365 2589 1399 2624 &
1425 2591 1582 2624 successor
1617 2590 1803 2625 Richardus
1838 2593 1944 2627 emifit
1968 2591 2034 2627 hoc
2059 2592 2144 2626 Edi*

1254 2641 1343 2672 &um
1370 2650 1378 2670 ε
1418 2641 1512 2683 ,Quod
1536 2646 1632 2673 omnis
1655 2640 1822 2685 naufragus
1847 2663 1859 2679 ,
1881 2646 1934 2683 qui
1958 2643 2004 2674 ad
2025 2650 2143 2675 terram

1255 2693 1350 2722 vivus
1371 2695 1542 2730 pervenerit
1566 2714 1578 2731 ,
1614 2702 1714 2724 omnes
1737 2701 1789 2724 res
1808 2688 1883 2732 suas
1908 2691 1999 2725 libere
2025 2690 2138 2725 habeat

1255 2740 1417 2781 Θᾳιιὶειᾶ.
1443 2742 1477 2772 si
1501 2747 1601 2774 autem
1625 2747 1656 2773 in
1689 2745 1765 2774 navi
1786 2749 1919 2774 mortuus
1936 2741 2058 2783 fuerit,
2077 2741 2138 2784 fflii

1256 2789 1308 2822 vel
1319 2788 1416 2830 filiae‚
1433 2788 1554 2830 fratres
1574 2790 1626 2823 vel
1639 2788 1750 2833 sorores
1762 2791 1827 2830 ejus
1846 2802 1892 2823 res
1897 2789 1970 2833 ficas
1981 2790 2138 2832 babeant,

1253 2837 1413 2882 secundum
1448 2839 1528 2880 quod
1549 2838 1693 2879 ostendere
1713 2847 1855 2881 poterunt
1876 2839 1909 2883 se
1932 2841 1984 2884 effe
2012 2845 2142 2882 propin-

1257 2894 1372 2931 quiores
1385 2888 1519 2922 baeredes
1539 2890 1639 2926 illius.
1666 2890 1712 2921 Et
1728 2888 1925 2931 fidefunHus
1943 2889 2022 2931 filios
2043 2891 2097 2924 vel
2101 2890 2139 2932 fi·

1257 2941 1336 2979 lias,
1356 2937 1475 2979 fratres
1495 2937 1661 2982 velfirores
1685 2950 1744 2973 non
1755 2939 1892 2973 babuerit
1903 2962 1915 2978 ,
1940 2943 2008 2973 Rex
2027 2939 2136 2974 babeat

1259 2988 1370 3022 catalla
1380 3013 1388 3021 .
1414 2987 1574 3024 Frederici
1586 2989 1716 3024 secundi
1733 2988 1872 3024 adduiia
1883 2990 1968 3023 circa
1978 2988 2043 3024 hoc
2055 3001 2140 3034 pun·-

1258 3040 1346 3074 stum
1371 3039 1423 3072 lex
1438 3040 1502 3073 fuit
1512 3039 1620 3073 multe>
1638 3038 1761 3073 castior
1773 3064 1780 3072 .
1809 3040 1862 3073 Ex
1874 3038 1926 3074 his
1948 3040 2080 3074 interim
2092 3039 2139 3073 iu·

1258 3098 1310 3123 cet
1331 3087 1415 3122 hanc
1438 3088 1615 3122 barbariem
1636 3089 1782 3123 etiamin
1794 3088 1978 3133 Hispania,
2003 3088 2135 3129 Sicilia,

1258 3150 1356 3181 atque
1368 3138 1491 3184 Anglia
1513 3139 1605 3174 fuisse
1619 3141 1790 3183 graffatam
1802 3164 1810 3172 .

1297 3189 1444 3235 Qidam
1456 3189 1490 3223 in
1502 3189 1680 3223 Germania
1691 3189 1804 3233 populi
1813 3191 1944 3225 fuerunt
1957 3187 2057 3234 longe
2067 3187 2137 3223 bar-

1259 3238 1399 3275 bariores
1417 3263 1425 3271 .
1453 3239 1586 3273 Etenim
1607 3249 1678 3274 nou
1699 3240 1767 3275 sola
1794 3243 2024 3285 naufragorum
2047 3236 2135 3271 bona

1258 3299 1429 3332 rapuerunt
1441 3312 1452 3329 ,
1479 3289 1532 3323 sed
1555 3289 1680 3333 &ipsas
1700 3290 1853 3334 personas
1872 3289 2077 3332 captivarunt
2099 3287 2136 3320 in

1260 3339 1465 3373 servitutem.
1491 3338 1585 3373 Hinc
1608 3339 1767 3375 habemus
1786 3339 1872 3384 apud
1883 3337 2055 3373 Albertum
2066 3333 2136 3370 Ab·

1260 3388 1368 3423 batem
1388 3387 1574 3423 stadensem
1595 3401 1603 3422 :
1632 3391 1787 3423 Frederici
1805 3395 1880 3423 avia
1898 3389 1934 3422 (r
1952 3395 2048 3420 mater
2060 3409 2073 3426 ,
2096 3387 2136 3420 de

1263 3441 1370 3484 Anglia
1392 3444 1573 3483 navigantes
1596 3463 1610 3482 ,
1635 3444 1669 3474 in
1689 3443 1841 3475 comitatu
1859 3434 1997 3479 stadenfi
2013 3434 2140 3480 naufras

2005 3491 2090 3532 giam
