2372 3756
161 363 198 399 C.
218 379 263 401 ιο.

145 1063 182 1097 C·
200 1074 225 1101 ἃ·

322 242 529 282 Catholicis,
553 241 676 286 duplex
698 242 740 277 de
756 242 953 279 stationibus
975 256 1085 290 pugna
1106 270 1119 287 ,
1144 256 1199 288 per

323 296 427 339 ipsum
448 292 577 336 prodita
594 291 632 327 'in
653 291 742 327 disto
763 292 848 328 libro
859 292 899 327 de
920 293 1065 336 jejuniis:
1092 298 1198 338 AEque

317 345 460 386 stationes
481 342 590 384 nostras
612 352 647 377 ut
669 343 820 385 indicias,
845 343 993 387 quasdam
1012 348 1083 379 vero
1104 347 1138 380 ἐν
1163 342 1199 378 ἐπ’

315 394 419 438 serum
438 393 605 434 constitutas
617 418 628 434 ‚
654 399 801 428 novitatis
824 399 939 427 nomine
956 394 1092 438 incusant
1107 421 1119 437 ,
1143 395 1196 430 boc

320 455 431 488 quoque
443 455 550 477 munus
570 446 605 483 ζῇ*
616 455 654 478 ex
664 444 787 477 arbitrio
796 443 960 477 obeundum
982 446 1034 489 effe
1044 446 1173 480 dicentes
1183 471 1194 486 ‚

316 496 353 528 (St
363 505 420 528 non
429 495 510 527 ultra
519 505 628 527 nonam
635 495 828 527 detinendum
837 517 846 526 .
872 497 918 528 De
921 493 974 537 suo
975 494 1086 539 scilicet
1095 507 1172 529 more
1185 521 1193 528 .

315 544 487 579 orandum
525 546 561 578 &
586 544 796 587 jejunandum
823 543 1035 588 praedicarunt
1060 544 1192 587 quidem

314 594 497 639 frequenter
521 595 555 628 δε
579 595 646 638 ipse
670 594 841 629 Dominus
867 595 902 628 ὃς
928 594 997 638 ejus
1018 595 1192 639 Apostoli,

310 646 419 680 neutri
433 655 541 679 tamen
563 643 727 679 functiioni
739 645 844 679 ullum
865 645 1071 688 praefixerunt
1081 646 1187 681 diem.

312 694 506 738 Apostolica
517 694 670 737 Synodus
680 695 822 732 collectis
840 694 859 729 ὲ
872 695 1067 731 Gentilitate
1086 697 1189 730 fratri.-

308 744 374 781 bus
393 743 517 779 censuit
529 744 657 779 nullum
678 745 918 789 imponendum
929 756 1015 779 onus
1027 771 1039 788 ‚
1066 745 1126 778 nisi
1135 746 1188 780 ab·

309 794 500 830 stinentiam
521 795 540 828 a
558 795 898 830 contaminationibus
920 795 1188 838 simulacrorum,

307 845 549 885 fornicatione,
576 845 753 891 sanguine,
779 844 986 879 &suffocatis
1004 871 1012 878 .
1038 845 1133 880 Hinc
1143 858 1186 881 ex

305 894 558 929 Catholieorum
581 895 738 940 dogmate
761 895 797 929 &
817 895 952 937 persona
973 896 1079 940 pergit
1100 894 1185 931 Ter-

306 945 480 980 tullianus:
507 945 615 978 Volunt
625 944 665 986 fic
687 946 721 979 &⁹
747 943 890 987 Apostolos
914 943 1098 989 observaffe,
1123 948 1186 980 nul-

299 996 366 1028 >lum
385 996 471 1027 aliud
481 1000 668 1036 imponentes
670 996 780 1038 jugum
802 1003 946 1029 certorum
973 996 1049 1033 &in
1060 1007 1183 1031 commu-

307 1056 345 1078 ne
367 1043 499 1078 omnibus
522 1043 717 1078 obeundorum
734 1046 922 1085 Jeiuniorum
944 1070 951 1077 .
981 1047 1113 1080 Proinde
1133 1057 1183 1081 noc

299 1094 479 1140 stationum,
506 1106 574 1137 quae
598 1093 718 1138 &ipsae
723 1093 793 1138 suos
819 1096 940 1138 quidem
960 1096 1024 1128 dies
1047 1096 1182 1131 habeant

302 1145 514 1188 quartaeferiae
536 1143 696 1188 &sex-tce,
720 1145 837 1187 paffive
848 1154 950 1179 tamen
962 1155 1109 1187 currant,
1134 1158 1181 1180 ne-

299 1206 353 1238 que
358 1194 415 1238 sub
433 1197 492 1238 lege
507 1197 654 1237 Praecepu
668 1219 679 1237 ,
706 1205 799 1238 neque
820 1197 899 1230 ultra
908 1193 1083 1238 supremam
1095 1196 1155 1231 diei
1169 1221 1180 1238 ,

297 1247 418 1288 quando
437 1247 472 1280 Θ
484 1250 630 1279 orationes
647 1244 716 1288 fere
726 1246 877 1278 concludat
897 1245 970 1278 hora
982 1257 1060 1279 nona
1077 1247 1114 1279 de
1128 1250 1180 1280 Pe-

296 1302 338 1334 πί
360 1297 516 1338 exemplo,
541 1296 621 1338 quod
643 1296 726 1329 Aeli:
750 1295 896 1337 refertur.
925 1295 979 1330 De
989 1296 1103 1339 jejunii
1115 1295 1179 1330 die-

296 1344 358 1379 bus
382 1344 467 1380 nihil
493 1346 641 1389 praecepit
668 1346 837 1380 Dominus
857 1368 868 1385 ,
892 1346 949 1379 nifi
976 1346 1066 1388 quod
1092 1344 1176 1379 dixit

295 1394 477 1439 discipulos
496 1398 571 1431 suos
592 1396 700 1430 ablato
712 1397 829 1439 sponso
841 1395 1054 1437 jejunaturos.
1083 1394 1176 1429 Hinc

297 1445 397 1479 etiarn
425 1447 553 1479 nullum
580 1446 722 1489 generali
749 1446 852 1478 totius
885 1444 1029 1477 Ecclesiae
1054 1443 1175 1486 jejunio

302 1495 393 1530 diem
404 1496 508 1530 affixit
527 1495 629 1536 prima
650 1494 784 1527 Parrum
806 1493 1002 1536 disciplina,
1028 1494 1087 1527 nisi
1111 1505 1175 1528 ma-

299 1555 406 1589 guam
425 1545 547 1577 sextam
570 1542 705 1583 feriam,
719 1544 765 1577 ,ὃς
777 1541 977 1576 Sabbathum
998 1544 1184 1578 Sanctum.

289 1594 340 1626 Hi
357 1593 446 1627 enirn
470 1595 544 1626 sunt
567 1593 655 1631 dies,
684 1594 718 1625 in
730 1592 848 1635 quibus
858 1592 983 1626 ablatus
1005 1593 1067 1626 fuit
1079 1594 1170 1636 spon-

287 1644 357 1678 sus.
386 1642 490 1677 Haud
506 1640 605 1676 dubie
618 1641 731 1676 habuit
758 1643 791 1676 δε
808 1640 1100 1689 Qadragefimam
1112 1668 1124 1683 .
1136 1645 1171 1678 δε

287 1703 429 1736 quatuor
439 1692 518 1727 anni
533 1702 677 1737 tempora
691 1717 702 1734 ,
728 1693 762 1726 δε
775 1701 892 1736 quartae
917 1705 955 1727 ac
968 1694 1064 1726 sexta:
1085 1694 1170 1728 feriae

287 1743 462 1785 stationes,
490 1741 602 1777 verum
620 1753 690 1785 quae
713 1742 829 1786 passive
851 1741 891 1776 ad
912 1742 1064 1786 cujusque
1088 1742 1167 1778 arbi-

287 1794 385 1828 trium
412 1803 575 1828 currerent
602 1793 667 1826 sine
694 1793 770 1838 lege
795 1792 951 1836 Praecepti
979 1818 987 1825 .
1017 1793 1060 1827 Et
1086 1792 1166 1830 hinc

288 1846 401 1880 nescio
421 1844 493 1886 quis
520 1869 530 1885 ,
554 1843 631 1877 licet
655 1843 873 1886 interpolator
897 1867 908 1882 ,
934 1842 1032 1876 avitae
1056 1852 1163 1878 tamen

286 1895 465 1938 disciplinae
485 1904 662 1937 utcumque
682 1894 802 1936 peritus
823 1916 834 1933 ,
884 1891 950 1927 haec
972 1894 1165 1938 interposuit

290 1945 477 1980 Eusebiano
503 1941 674 1978 Chronico
699 1957 710 1976 ι
738 1942 997 1988 ,Quadragefimale
1017 1945 1164 1996 jejunium

158 2004 164 2011 ·
292 1998 311 2028 ἃ
324 1994 493 2040 Telesphoro
507 1998 595 2037 Papa
611 2002 668 2036 per
681 1993 732 2028 hoc
741 2003 857 2039 tempus
867 1994 1049 2039 institutum
1042 2009 1076 2033 ae
1086 2007 1163 2042 pm-

210 2314 224 2326 :
282 2296 356 2341 J'cba
370 2322 376 2328 .

155 2343 186 2390 ί

285 2057 402 2090 ceptum
412 2047 537 2089 quidam
545 2044 696 2089 scribunt
728 2046 846 2082 Scribit
869 2049 948 2083 item
961 2049 1041 2084 liber
1052 2050 1164 2086 Ponti

241 2122 245 2127 .
289 2098 423 2132 ficalis·
417 2123 423 2129 .
451 2095 641 2139 Telesphorus
670 2096 814 2138 constituit
835 2123 846 2139 ,
872 2108 908 2133 ut
929 2099 1038 2143 septem
1060 2100 1164 2133 bebdo-

286 2150 387 2182 madis
397 2155 468 2180 ante
482 2145 600 2189 Pascha
617 2149 768 2188 jejunium
790 2149 1001 2183 celebraretur.
1029 2149 1074 2184 Et
1084 2150 1164 2184 anti-

287 2210 350 2242 qua
363 2198 469 2242 ignoti
492 2198 628 2231 auctoris
641 2198 806 2232 Historica
832 2200 1045 2241 compilatio:
1070 2200 1166 2242 Telefi

282 2248 396 2291 phorus
421 2246 565 2286 constituit
578 2271 588 2287 ,
615 2255 647 2279 ut
669 2246 904 2291 ,Quadragefima
919 2248 1006 2289 fieret
1023 2257 1093 2283 ante
1106 2251 1165 2282 Pa-

402 2296 446 2330 Et
458 2296 627 2330 Marianus
638 2298 754 2331 Scotus
768 2311 778 2331 .·
801 2292 994 2341 'Telesphorus
1007 2299 1162 2341 constituit,

286 2357 320 2381 ut
339 2346 452 2391 septem
476 2346 675 2380 hebdomadas
693 2350 803 2389 plenas
825 2356 895 2382 ame
921 2348 1038 2392 Pascha
1065 2361 1164 2383 omnes

287 2399 394 2432 Clerici
413 2400 529 2431 hearne
540 2397 716 2437 abstinerent
729 2422 736 2429 .
766 2397 868 2446 Quod
889 2399 992 2441 ipsum
1006 2400 1039 2432 in
1053 2400 1165 2434 lfidori

289 2448 487 2482 Mercatotis
511 2448 708 2481 collectione
746 2448 848 2482 sancit
874 2449 1013 2483 secunda
1041 2449 1164 2483 laudati

288 2498 459 2533 Pontificis
481 2496 644 2541 Epistola.
672 2497 752 2543 Qo
775 2498 847 2531 solo
867 2499 974 2542 palam
998 2500 1165 2542 profitetur

130 2564 274 2597 L,2,c‚,5
292 2549 323 2582 se
341 2549 403 2582 efle
423 2548 563 2592 spuriam
584 2548 616 2581 &
639 2547 872 2590 supposititiam
898 2574 905 2581 .
935 2549 1069 2582 Etenim
1091 2560 1159 2582 non

288 2597 434 2633 Clericos
445 2597 550 2632 solum
561 2621 574 2636 ,
600 2597 653 2630 sed
667 2608 782 2631 omnes
806 2598 947 2632 omnino
958 2597 1067 2632 fideles
1077 2599 1094 2631 ὲ
1106 2600 1166 2642 pri-

288 2659 344 2682 mo
357 2647 529 2692 Evangelii
543 2647 682 2681 exordio
695 2647 880 2682 abstinuisse
891 2660 987 2682 carne
999 2673 1010 2688 ‚
1036 2649 1071 2683 δε
1085 2649 1164 2683 vino

288 2709 344 2742 per
364 2710 496 2732 omnem
516 2696 820 2744 Qadragefimatn,
846 2710 887 2732 ex
899 2698 1043 2732 Philone
1056 2698 1164 2742 Judaeo

287 2746 431 2781 ostendit
443 2771 454 2787 ‚
480 2748 514 2780 &
525 2750 573 2779 uti
585 2747 809 2788 Apostolicam
821 2748 1033 2783 traditionem
1055 2749 1164 2782 laudat

288 2797 324 2830 in
347 2795 566 2830 Ecclefiastiea
589 2795 736 2829 Historia
764 2797 923 2832 Eusebius
944 2798 1143 2832 Caesarienfis
1155 2823 1162 2830 .

290 2847 391 2891 Apud
402 2843 541 2880 eundem
561 2845 716 2888 antiquus
738 2846 993 2881 &authenticus
1014 2847 1164 2881 Ecclesiae

130 2907 164 2941 Ι..
175 2913 235 2942 5.c·
250 2897 437 2942 17.Scriptor
447 2895 647 2938 Apollonius
670 2895 778 2929 scribit
789 2896 829 2929 de
844 2897 1030 2931 Montano:
1060 2902 1117 2930 Hic
1125 2897 1164 2937 est

289 2948 397 2982 Dollor
409 2970 419 2986 ,
445 2951 496 2989 qui
510 2956 604 2979 novas
620 2946 731 2986 jejunii
740 2946 814 2990 leges
823 2944 949 2988 sanxit.
977 2948 1022 2981 Et
1034 2947 1074 2981 ad
1086 2947 1161 2981 San—

289 2999 374 3032 &um
387 2996 555 3031 Vistorem
569 2995 767 3028 Pontificem
789 2995 830 3029 de
840 2995 1004 3030 Paschalis
1013 2997 1164 3032 festivita·

291 3047 332 3081 tis
345 3047 516 3092 quaestione
538 3056 578 3079 ex
590 3044 692 3079 totius
705 3044 880 3079 Gallicanae
891 3043 1037 3081 Ecclefiae
1058 3047 1163 3081 'nomi-

292 3107 333 3130 ne
355 3099 486 3131 Sanctus
508 3095 647 3129 Irenaeus
671 3094 885 3138 Metropolita
913 3096 1139 3141 Lugdunensis
1151 3109 1158 3128 :

292 3150 364 3179 Non
377 3148 410 3179 de
425 3145 578 3189 Pasobatis
592 3147 637 3178 die
643 3143 736 3193 solnm
749 3169 760 3185 ‚
782 3144 840 3188 fed
850 3151 939 3179 etiam
952 3148 988 3180 de
993 3149 1104 3188 jejunii
1116 3159 1163 3180 ra-

291 3201 372 3229 rione
384 3198 416 3229 Θ
429 3198 510 3228 modo
521 3195 558 3236 est
567 3194 719 3234 constituta
731 3194 784 3234 ista
795 3196 988 3238 controversia
997 3222 1004 3229 .
1027 3198 1164 3240 ,Quidam

294 3256 421 3288 namque
446 3258 533 3278 unum
544 3248 620 3279 diem
639 3243 672 3288 se
676 3247 819 3286 jejunare
830 3254 959 3288 oportere
968 3270 979 3287 ‚
1005 3248 1059 3280 alii
1070 3248 1142 3279 duos
1153 3269 1164 3286 ,

226 3305 234 3315 ·
295 3305 353 3329 non
360 3300 449 3338 pauci
456 3295 568 3335 plures,
579 3295 842 3336 multiexistimant
854 3297 1065 3339 quadraginta.
1077 3295 1164 3330 Uni-

291 3357 349 3381 eus
361 3344 416 3379 ille
429 3344 498 3377 dies
508 3354 573 3377 erat
586 3355 705 3388 magna¹
713 3346 803 3380 sexta
816 3345 894 3379 feria
905 3369 912 3376 .
926 3346 994 3380 Hic
1005 3346 1090 3380 solus
1098 3355 1165 3379 erat

291 3395 374 3439 apud
384 3404 499 3428 omnes
512 3394 546 3426 in
561 3393 724 3436 Praecepto
737 3419 747 3434 ,
758 3395 975 3438 reliqui-erant
986 3396 1079 3430 variae
1089 3407 1164 3430 con·

291 3443 514 3483 metudinie&
521 3443 642 3487 quaevis
651 3443 793 3479 Ecclesia
801 3444 839 3480 in
846 3446 905 3480 suo
913 3444 981 3479 sesu
994 3445 1164 3481 abedabat.

698 157 738 202 S.
774 145 1094 202 Gnaeontt
1132 154 1788 202 SEPTIM1P0NT1·F101s

1258 240 1264 248 “
1322 243 1372 276 Ita
1393 243 1457 277 fuit
1468 244 1569 287 usque
1591 242 1631 277 ad
1642 245 1805 279 versutum
1815 241 1943 288 justitiae
1954 243 2148 286 histrionem

1272 293 1497 332 Montanum,
1524 293 1580 336 qui
1601 305 1704 328 nevas
1714 294 1873 331 Paracleti
1895 296 2094 341 Prophetias
2107 311 2149 335 ac

1271 343 1484 378 revelationes
1497 343 1642 388 fingere,
1666 345 1753 378 &ex
1776 342 1849 390 ipsis
1872 348 2015 389 variam,
2043 350 2149 393 specie

1271 402 1365 428 tenus
1387 393 1612 434 sanctissimam
1630 419 1642 436 ,
1669 405 1792 430 novam
1813 395 2019 440 disciplinam
2046 401 2148 443 coepit

1271 444 1411 484 sancire,
1439 445 1537 489 atque
1561 445 1607 479 ita
1627 446 1661 478 &
1684 445 1790 490 legem
1812 445 1854 480 de
1874 446 2049 490 jejunanda
2074 458 2147 484 tota

1269 492 1521 541 Qadragesima
1540 519 1551 535 ,
1580 495 1616 529 δε
1634 495 1760 529 duabus
1785 507 1839 539 per
1864 506 1998 532 omnem
2023 497 2147 533 hebdo-

1269 541 1625 586 madam'stationibus‚
1651 545 1729 579 feria
1747 554 1860 589 quarta
1881 546 2036 583 &sexta.
2060 551 2147 585 Om-

1269 600 1342 626 nem
1353 593 1413 628 sibi
1424 595 1643 630 adversantem
1655 617 1666 634 ,
1692 607 1730 630 ac
1741 596 1783 630 de
1794 597 1884 631 avita
1896 596 2044 634 libertate
2060 600 2147 634 exci-

1268 643 1412 686 pientem
1427 668 1438 685 ,
1465 645 1635 679 damnavit
1647 657 1685 679 ac
1696 655 1786 680 reum
1807 647 1876 691 egit
1887 647 1922 680 in
1935 659 2056 682 novam
2066 647 2144 683 Pro-

1267 691 1409 737 phetiam
1424 719 1435 734 ,
1461 695 1594 739 ejusque
1616 696 1779 730 audiere-m
1801 697 1957 740 Spiritum
1970 698 2142 742 Sanstum.

1266 743 1310 777 Et
1329 745 1406 788 quia
1430 745 1516 779 falsae
1534 745 1754 780 sanctimoniae
1775 758 1843 781 non
1864 745 1997 783 deerant
2016 748 2144 783 &falsa

1264 794 1442 836 miracula,
1467 795 1597 830 seduxit
1621 796 1778 839 plurimos
1799 821 1811 838 ‚
1836 795 1920 831 adeo
1942 807 1978 832 ut
1997 799 2033 832 in
2056 798 2142 835 libro

1263 843 1413 879 adversus
1424 844 1583 880 praxeam
1595 845 1711 880 scribat
1729 846 1976 882 Tertullianus:
2002 850 2142 882 Praxeas

1263 903 1332 928 tunc
1345 897 1513 928 Romanum
1536 896 1716 938 Episcopum
1729 895 1942 931 Eleutherum
1954 922 1966 938 ,
1991 897 2141 943 agnoscen-

1261 953 1321 977 tem
1333 945 1406 985 jam
1430 945 1606 988 Prophetias
1632 950 1790 988 Montani,
1817 946 1961 990 Priftillae
1980 950 2015 982 <5
2037 952 2138 983 Maxi-

1260 994 1373 1035 milla,
1397 995 1479 1028 &ex
1499 1007 1535 1029 ea
1559 1001 1710 1039 agnitione
1725 1005 1832 1039 pacem
1854 997 1988 1039 Ecclefiis
2010 998 2082 1040 Afiae
2104 1001 2140 1034 Θ·

1261 1043 1396 1087 Pbrygiae
1417 1045 1593 1086 inferentem
1615 1069 1628 1087 ‚
1645 1045 1734 1089 saU‘ae
1754 1049 1791 1080 de
1812 1046 1878 1089 ipfis
1900 1047 2078 1090 Prophetis,
2103 1051 2140 1084 6·

1255 1092 1393 1134 ,Εετῖεβη
1403 1106 1503 1130 eorum
1512 1097 1703 1139 asseverando
1713 1121 1725 1138 ‚
1753 1098 1787 1130 Θ·
1798 1099 2001 1142 Praecefforum
2010 1101 2075 1142 eJ‘us
2086 1110 2141 1133 au-

1259 1143 1426 1179 &ornarem
1459 1145 1647 1188 deftndqndo
1665 1171 1677 1187 ‚
1713 1151 1802 1191 coegit
1834 1149 1868 1182 (9·
1900 1148 2021 1182 litteras
2049 1154 2138 1192 pacis

1257 1204 1393 1229 revocare
1406 1197 1477 1236 jam
1497 1198 1632 1241 emiffaes,
1659 1197 1694 1229 ό·
1706 1198 1728 1228 ἃ
1742 1197 1883 1239 proposito
1905 1201 2137 1239 recipiendorum

1256 1243 1468 1286 charismatum
1476 1247 1644 1289 concessare.
1672 1246 1769 1280 Adeo
1781 1247 1864 1282 reste
1874 1242 1986 1282 fucata*
1995 1259 2064 1283 erat
2074 1249 2137 1284 ista

1258 1292 1389 1333 fabula,
1413 1304 1451 1328 ut
1470 1294 1573 1338 ipsam
1596 1297 1856 1340 circumscriptus
1877 1297 2073 1334 Eleutherus
2092 1298 2136 1333 ab

1255 1342 1479 1378 accusantium
1505 1345 1632 1386 impetu
1654 1345 1837 1380 absolutam
1862 1348 2021 1382 censuerit
2056 1350 2135 1383 cum

1255 1390 1318 1424 suis
1330 1392 1426 1425 novis
1449 1392 1575 1436 legibus
1587 1391 1848 1433 admittendam,
1874 1406 1932 1430 aut
1941 1396 2050 1439 potius
2061 1398 2136 1432 reti-

1255 1440 1395 1478 nendam
1417 1442 1452 1474 in
1467 1439 1642 1475 Catholica
1653 1444 1891 1483 communione
1904 1469 1912 1477 .
1940 1444 2067 1480 Verum
2086 1447 2140 1481 fu-

1252 1501 1308 1524 cos
1319 1490 1460 1526 detraxit
1481 1491 1644 1531 Praxeas,
1670 1491 1897 1527 demonstrans
1914 1496 1978 1529 effe
1999 1494 2136 1530 foediffi-

1253 1551 1324 1574 mos
1335 1540 1543 1582 Histriones,
1556 1541 1745 1585 quiCurios
1761 1542 1911 1578 simulent
1924 1544 1959 1578 iu
1975 1544 2133 1589 publico,

1251 1591 1330 1624 &in
1353 1592 1489 1626 occulto
1514 1591 1627 1626 vivant
1638 1591 1879 1629 Bacchanalia
1905 1591 2068 1638 Avium,
2093 1604 2134 1631 ac

1250 1651 1268 1672 a
1281 1640 1442 1683 prioribus
1461 1641 1703 1684 Pontificibus,
1729 1643 1865 1688 ipsisque
1876 1642 2046 1689 Apostolis
2065 1657 2134 1690 per·

1250 1689 1377 1725 missam
1386 1690 1553 1735 jejunandi
1565 1691 1748 1728 libertatem
1758 1694 1924 1739 ,aliasque
1937 1690 2133 1731 Ecclesiasti-

1248 1750 1301 1774 cas
1311 1742 1562 1777 eonsuetudines
1570 1743 1644 1778 ursit
1653 1742 1701 1778 ob
1710 1754 1811 1780 novas
1823 1743 1881 1781 has
1892 1745 2135 1782 Haereticorum

1248 1791 1421 1837 praestigias
1435 1804 1502 1827 non
1516 1794 1580 1828 esse
1592 1791 1782 1831 mutandas
1810 1795 2016 1842 Qaeomnia
2027 1797 2136 1831 erudi·

1246 1841 1289 1876 tis
1300 1842 1435 1886 Scriptis
1457 1845 1601 1879 exsecuti
1625 1846 1699 1881 sunt
1708 1847 1808 1882 etiam
1829 1845 1979 1881 laudatus
1990 1845 2136 1890 Apollo·

1246 1892 1356 1936 nius,
1382 1892 1608 1939 Apollinarius
1632 1896 1903 1950 Hierapolitanus
1927 1896 1963 1930 in
1982 1893 2134 1942 Phrygia

1248 1943 1453 1992 Episcopus,
1479 1946 1581 1981 &alii
1607 1941 1744 1990 plin-es.-
1761 1946 1816 1982 Ad
1832 1944 2040 1982 evertendam
2050 1947 2132 1981 fisiae

1246 1997 1465 2034 sanaimoniae
1493 2000 1616 2033 famam
1634 1999 1768 2034 occulta
1795 1999 1934 2034 istorum
1961 1997 2131 2032 Erronum

1244 2047 1383 2082 crimina
1397 2048 1495 2084 libere
1507 2049 1715 2084 detexerunt:
1743 2047 1848 2084 Porro
1866 2049 2038 2093 primaevus
2050 2043 2132 2082 fide·

1243 2096 1325 2131 lium
1343 2097 1450 2132 fervor
1472 2098 1671 2142 pedetentim
1690 2100 1840 2138 refrixit,
1866 2097 2077 2142 &jejunandi
2091 2097 2133 2130 li-

1244 2140 1347 2181 be'rtas
1357 2146 1446 2205 apud
1455 2147 1580 2181 multos
1589 2148 1733 2181 transiit
1725 2159 1759 2181 m
1775 2147 1941 2182 licentiam
1953 2147 2040 2192 quasi
2051 2146 2132 2181 abo·

1245 2196 1355 2230 leudi
1345 2196 1484 2240 Jejunii.
1513 2197 1637 2230 Hinc
1619 2196 1700 2241 ergo
1722 2197 1816 2231 illam
1828 2196 2055 2240 transmutavit
2065 2195 2132 2230 Ec·

1244 2246 1335 2280 elesa
1362 2246 1397 2279 in
1410 2245 1540 2290 legem,
1566 2254 1664 2288 atque
1688 2245 1734 2278 ita
1743 2254 1830 2279 certa
1841 2256 1898 2288 per
1916 2256 2041 2280 aunum
2050 2243 2130 2287 jeju-

1245 2296 1298 2329 nia
1311 2320 1322 2336 ,
1350 2295 1466 2329 &duae
1487 2304 1690 2339 peromnem
1702 2293 1965 2335 hebdomadam,
1989 2304 2129 2338 excepta.

1246 2344 1523 2392 Qinquagefima
1531 2368 1542 2386 ‚
1567 2344 1723 2379 stationes
1732 2354 1900 2389 coeperunt
1908 2345 1972 2379 esse
1983 2344 2129 2388 rigidum

1245 2396 1466 2439 Praeceptum.
1495 2395 1669 2428 Praecisum
1691 2403 1819 2439 tempus
1839 2396 1980 2441 ignoro:
2006 2394 2127 2428 Existi*

1245 2451 1300 2480 mo
1324 2445 1480 2488 paulatim
1501 2444 1543 2478 ab
1566 2454 1631 2479 una
1646 2444 1790 2479 Ecclefia
1811 2444 1852 2479 ad
1880 2444 2002 2484 aliam,
2027 2453 2128 2487 atque

1245 2497 1290 2530 ita
1305 2494 1436 2529 tandem
1449 2494 1489 2529 ad
1501 2505 1636 2528 omnem
1648 2492 1933 2530 Christianitatem
1947 2494 2130 2538 profecisse

1244 2546 1379 2579 Interim
1404 2545 1475 2588 post
1487 2543 1692 2578 Tertulliani
1703 2553 1872 2589 tempora,
1897 2554 1997 2587 atque
2015 2544 2062 2578 ita
2073 2544 2134 2578 πό

1243 2605 1404 2639 quaquam
1415 2595 1433 2628 a
1448 2594 1535 2639 Papa
1544 2591 1769 2637 Telesphoro.
1798 2593 1882 2628 Non
1904 2594 1983 2627 item
1995 2600 2128 2636 proptet

1245 2644 1484 2679 Montanistas.
1514 2645 1680 2678 Erronum
1704 2642 2038 2678 enimlitibusmores
2050 2643 2129 2676 suos

1243 2693 1357 2729 cedere
1385 2705 1557 2738 nunquam
1597 2693 1766 2730 consuevit
1791 2690 1966 2727 catholica
1991 2691 2129 2733 Mater,

1244 2752 1303 2779 nec
1314 2753 1440 2779 mutare
1453 2770 1462 2777 .
1489 2745 1535 2777 Et
1548 2742 1628 2778 hinc
1643 2744 1734 2778 vides
1745 2741 1834 2786 quod
1845 2741 1864 2776 a
1875 2740 2018 2789 Rabano
2027 2741 2128 2776 Mau*

1244 2807 1281 2828 to
1292 2794 1430 2829 adducta
1455 2794 1538 2827 inter
1560 2793 1716 2836 jejunium
1737 2792 1773 2826 δε
1786 2791 1963 2826 stationem
1975 2791 2127 2826 differem*

1244 2845 1290 2878 tia
1301 2844 1430 2878 nullum
1442 2843 1484 2877 ab
1496 2844 1628 2887 antiqua
1642 2841 1784 2877 Ecclesia
1805 2839 1923 2876 habeat
1933 2841 2128 2876 fitndamen-

1245 2904 1335 2929 tum.
1365 2893 1458 2928 Licet
1470 2903 1580 2928 tamen
1591 2891 1795 2927 laudatarum
1817 2890 2127 2934 stationumjeJuniae

1247 2943 1384 2979 Ecclesia
1398 2944 1580 2988 praeceperit
1587 2964 1602 2983 ,
1628 2942 1811 2976 subnexum
1823 2949 1933 2975 tamen
1945 2940 1986 2975 ad
1999 2941 2127 2975 Divina

1246 2994 1368 3029 Officia·
1394 3002 1592 3027 conventum
1617 2991 1760 3036 permisit
1791 2990 1934 3025 libertati
1962 2987 2127 3034 pristinae,

1245 3045 1277 3079 &
1290 3053 1369 3077 tunc
1390 3043 1581 3077 Christianae
1602 3041 1752 3076 stationis
1771 3041 1908 3076 essentia
1929 3051 1967 3075 ae
1985 3039 2127 3084 discipli-

1245 3105 1286 3127 na
1308 3093 1349 3128 ad
1373 3094 1477 3127 solum
1497 3092 1657 3136 jejunium
1685 3091 1748 3125 fuit
1769 3092 1952 3125 contrasta-
1978 3090 2127 3125 Liberta-

1244 3152 1312 3177 tem
1333 3142 1426 3178 istam
1439 3167 1450 3184 ,
1475 3141 1655 3186 &quidem
1675 3152 1718 3175 ex
1737 3140 1906 3175 Gnosticis
1931 3139 2127 3184 principiis,

1244 3192 1425 3228 restitutam
1437 3191 1537 3226 hodie
1551 3192 1667 3226 volunt
1677 3189 1856 3226 Lutherani
1869 3191 1904 3225 δε
1915 3190 2125 3224 Calvinistae.

1246 3242 1344 3277 Adeo
1367 3243 1523 3278 differunt
1544 3240 1562 3274 ὲ
1586 3241 1820 3276 Montanistis.
1850 3240 1976 3275 Verum
1989 3239 2126 3282 utipro-

1246 3303 1315 3336 pter
1349 3290 1411 3327 hos
1444 3300 1517 3325 non
1555 3291 1689 3325 abstulit
1723 3291 1835 3325 Mater
1861 3289 2004 3324 Ecclesia
2028 3312 2040 3329 ,
2075 3288 2124 3321 ita

1246 3352 1375 3387 propter
1402 3341 1478 3376 istos
1504 3352 1573 3375 non
1585 3340 1765 3385 reparabit.
1791 3341 1873 3374 Lata
1897 3338 1943 3372 est
1971 3335 2037 3371 haec
2056 3347 2124 3371 ma·

1245 3393 1326 3427 teria
1362 3393 1396 3427 &
1433 3391 1556 3425 multos
1591 3390 1690 3426 habet
1724 3391 1810 3424 smus
1844 3413 1851 3419 .
1888 3386 2014 3422 Verum
2051 3396 2123 3421 non

1246 3443 1320 3478 sunt
1347 3441 1444 3485 hujus
1479 3441 1546 3477 loci
1572 3467 1579 3475 .
1617 3441 1730 3476 Altera
1767 3436 2048 3520 Montanistarun?
2084 3447 2126 3472 ac

1992 3498 2026 3531 lp
2041 3498 2076 3524 ο-
