2384 3756
394 170 459 205 22

319 241 378 289 ges
394 241 495 278 divisa
505 243 631 282 fuerat,
655 250 745 275 nune
769 241 806 276 in
825 241 965 277 unicum
975 240 1199 276 »catholicum

319 294 477 337 Regnum
498 291 639 326 adunata
658 285 726 326 erat
748 291 931 336 Hispania,
965 291 1107 337 ideoque
1129 303 1199 327 non

321 342 455 390 singulis
475 339 656 376 Provinciis
675 366 687 383 ,
723 340 780 377 sed
799 341 862 377 toti
883 342 975 387 genti
999 343 1034 377 δε
1058 342 1200 377 Dioecefi

317 393 453 435 praesens
476 391 596 428 Canon
619 392 727 426 sanxit
751 392 815 427 effe
839 393 979 430 unicum„
997 393 1033 428 in
1058 393 1200 427 Ecclesia

316 441 463 475 officium
483 466 492 476 .
527 440 577 475 At
614 441 693 476 vero
718 442 844 477 decima
871 442 995 477 ibidem
1025 443 1199 490 Synodus,

315 491 477 526 diversum
500 491 599 526 ritum
620 491 698 525 fidei
719 491 839 527 unitati
852 502 921 526 non
932 490 1041 527 obesiie
1052 492 1201 536 praefiua,

314 541 485 576 dumtaxat
505 542 610 576 sancit
631 542 822 576 Dominieae
846 541 1124 577 Annuntiationis
1157 541 1202 575 fe-

312 590 398 626 stum
419 601 488 626 uno
510 591 632 636 ubique
655 590 710 625 die
728 591 979 628 celebrandum.
1008 590 1199 626 Undecima

311 641 452 676 eundem
474 640 641 689 psallendi*
654 652 694 676 ac
713 641 922 677 ministrandi
949 642 1048 677 ritum
1063 641 1199 677 mandat

310 692 429 726 servari
453 690 489 725 in
514 691 629 736 quavis
649 689 819 726 dumtaxat
838 692 1029 727 Provincia.
1060 691 1198 738 Qin&

309 738 487 775 Monachis
523 741 683 786 permittit
706 741 834 788 aliquid
870 742 1041 788 singularis
1068 741 1171 776 officii
1191 765 1199 774 .

309 790 440 835 Nempe
458 791 548 836 quod
570 791 600 826 la
607 791 740 827 udatum
757 801 875 836 quartae
884 790 1195 836 synodi-canonem

308 841 345 874 in
366 842 496 885 plenam
520 841 677 877 deducere
697 843 928 877 executionem
952 853 1021 876 non
1049 841 1192 883 valeret,

307 890 424 926 saltem
444 891 613 927 laudatum
634 892 884 931 Gerundensem
894 891 1002 928 voluit
1014 891 1195 928 immobili·

308 949 357 975 ter
379 942 490 987 vigere
502 966 509 974 .
970 964 972 968 s

356 991 468 1025 Etiam
489 992 659 1026 Gallicana
672 991 812 1027 Ecclesia
824 991 965 1035 ejusdem
976 991 1109 1026 unitatis
1129 992 1193 1027 fuit

303 1039 546 1075 studiofiffima.
575 1042 680 1077 Lucet
702 1054 741 1076 ex
767 1041 904 1085 Synodo
927 1042 1110 1077 Venetica:
1139 1047 1193 1076 Re-

305 1088 381 1123 Hum
404 1092 546 1124 duximus
567 1116 577 1132 ,
603 1100 636 1126 ut
664 1094 720 1125 vel
742 1097 824 1126 intra
847 1095 1040 1126 Provinciam
1066 1091 1192 1133 nostram

303 1141 457 1174 Sacrorum
477 1141 546 1174 ordo
567 1143 601 1175 Θ
621 1140 773 1185 psallendi
793 1154 853 1175 una
863 1142 903 1184 fit
925 1140 1093 1185 confitetudo
1106 1169 1114 1176 .
1145 1146 1191 1176 Et

295 1188 370 1231 ficut
394 1202 487 1224 unam
508 1202 572 1224 cum
593 1194 755 1225 Trinitatis
766 1192 1024 1235 confefflonefidem
1035 1201 1167 1226 tenemus
1180 1218 1190 1233 ,

299 1250 391 1273 unam
412 1243 446 1276 θ’
471 1241 623 1284 officiorum
644 1243 788 1286 Regulam
801 1253 975 1276 teneamus:
1001 1247 1054 1275 Ne
1065 1249 1189 1276 variata

298 1288 500 1333 observatione
524 1315 536 1332 ‚
556 1290 558 1292 ’
575 1290 607 1324 in
633 1294 740 1335 aliquo*
757 1294 872 1326 devotio
897 1292 993 1332 nostra
1024 1291 1189 1334 discrepare

296 1342 452 1374 credatur.
480 1341 601 1382 Dicit,
625 1344 683 1376 Vel
706 1348 789 1376 intra
816 1346 1009 1376 Provinciam
1034 1342 1161 1380 nostram
1175 1353 1186 1373 .·

296 1390 401 1437 Quod
427 1390 544 1436 nempe
565 1403 691 1434 optaret
712 1393 755 1427 fic
778 1393 847 1426 fieri
874 1404 930 1435 per
956 1402 1089 1424 omnem
1109 1389 1186 1423 Gal-

295 1438 375 1474 liam
391 1462 402 1481 ‚
428 1441 482 1475 sed
496 1442 645 1477 obtinere
658 1442 720 1476 des
714 1452 834 1485 peraret
845 1465 852 1473 .
881 1440 973 1473 Hinc
986 1439 1186 1473 &universae

233 1514 241 1526 .
293 1489 362 1524 fere
389 1489 506 1525 Gailiae
527 1491 681 1533 Synodus
703 1489 905 1534 Agathensis
916 1489 1042 1523 sanxit:
1070 1493 1181 1522 Conve-

294 1543 341 1573 nit
360 1541 504 1574 Ordinem
526 1537 661 1581 Ecclefiae
684 1539 724 1572 ab
748 1539 880 1572 omnibus
903 1538 1184 1581 aqualitercustodi-

293 1595 339 1622 ri.
369 1587 476 1624 Addit
508 1587 724 1630 studendum,
748 1596 788 1622 ut
808 1588 902 1622 variae
921 1587 1001 1622 hinc
1025 1588 1101 1622 inde
1126 1589 1184 1623 Ec-

293 1638 463 1672 clefiarum
484 1638 706 1681 discrepantiae
716 1637 858 1672 omnino
871 1639 1094 1683 corrigantur.
1116 1638 1186 1673 Vo-

293 1688 566 1730 ce83³Convenlt,
592 1688 627 1722 δε
658 1689 843 1721 studendum
869 1711 880 1727 ,
912 1687 1064 1722 videntur
1089 1687 1187 1722 dum·

292 1747 383 1773 taxat
404 1739 580 1776 consilium
604 1738 772 1773 continere
794 1749 831 1777 ac
852 1749 985 1781 preces,
1013 1749 1081 1771 non
1105 1738 1187 1772 Prae-

295 1800 429 1833 ceptum
445 1814 452 1821 .
481 1790 523 1823 Et
539 1789 924 1835 EpaonensisSynodus:
951 1789 1000 1821 Ad
1008 1789 1186 1822 celebranda

293 1837 424 1875 Divina
438 1841 529 1883 officia
540 1836 696 1881 ordinem5
723 1850 808 1884 quem
823 1840 1041 1883 Metropolitum
1062 1846 1163 1874 tenent
1175 1865 1186 1881 ,

291 1891 503 1925 -Provintiales
528 1889 685 1934 observare
705 1891 811 1926 debent
833 1917 840 1924 .
874 1891 948 1927 Suis
970 1891 1116 1927 sacrificii
1147 1890 1186 1924 ri·

293 1941 382 1975 tibus
402 1942 445 1976 &'
459 1942 532 1975 aliis
557 1941 692 1976 Divinis
713 1942 843 1976 Officiis
854 1943 945 1986 plura
957 1942 1075 1985 adjecit
1088 1941 1187 1977 etiarn

119 2001 160 2032 C·
183 2010 209 2037 3·
232 2012 261 2038 ·5·
291 1992 435 2027 -secunda
459 1991 611 2026 Vasenfis
621 1992 794 2036 Synodus:
823 1993 984 2040 Qodita
997 1994 1088 2027 fieret
1100 1992 1185 2037 apud

295 2042 411 2076 Sedem
424 2041 676 2085 Apostolicam,
698 2051 832 2077 omnem
846 2042 973 2077 Italiam
986 2067 996 2083 ‚
1027 2042 1186 2084 Africam,

295 2102 398 2136 atque
422 2093 596 2127 Orientem
618 2118 625 2125 .
665 2093 801 2126 Cunctis
823 2093 882 2126 sub
911 2094 1010 2127 Coelo
1037 2094 1186 2127 Ecclefiis

294 2143 445 2175 voluisset
467 2144 529 2175 esse
553 2152 654 2175 unum
676 2142 794 2174 ritui-n.
822 2142 918 2174 Hinc
945 2142 1039 2175 illum
1065 2141 1100 2175 δε
1125 2143 1187 2176 suae

289 2192 408 2225 'saltem
435 2189 618 2225 Provinciae
646 2189 824 2233 praescripsit
856 2190 996 2225 secunda
1029 2191 1188 2233 Synodus

293 2241 499 2275 Turonensis
519 2265 528 2272 .
566 2240 611 2273 Et
636 2238 704 2273 haec
725 2240 784 2274 sub
807 2240 910 2283 prima
933 2241 1088 2285 Regnum
1116 2241 1188 2285 Dy-

297 2290 401 2326 nastia
424 2315 431 2322 .
472 2288 551 2323 Post
573 2299 751 2332 reparatam
777 2290 795 2323 a
820 2289 943 2325 Carolo
969 2290 1099 2335 Magno
1126 2292 1188 2325 Di-

297 2341 473 2384 sciplinam
499 2339 562 2373 fuit
583 2339 654 2373 istic
676 2339 777 2385 longe
788 2341 928 2384 amplius
938 2340 1080 2375 studium
1093 2339 1188 2384 hujus

294 2391 438 2425 -unitatis
451 2415 458 2421 .

350 2440 443 2487 Qin
456 2440 488 2474 ὅ(
499 2439 539 2474 de
549 2439 676 2473 diversis
689 2452 741 2484 per
762 2440 932 2476 Orientem
955 2441 1166 2476 Monasteriis
1179 2465 1189 2482 ,

304 2491 394 2535 quod
415 2490 577 2524 diversum
599 2490 956 2526 Canonicaeorationis
976 2492 1115 2526 modum
1137 2491 1191 2525 ha-

305 2541 418 2576 berent
431 2565 440 2581 ,
467 2540 609 2581 queritur
629 2541 662 2574 in
675 2540 935 2575 Monasticarum
946 2541 1191 2576 institutionum

132 2579 243 2609 1”““ε·
262 2589 290 2607 ²·
307 2590 396 2625 libris
417 2591 558 2633 Joannes
569 2590 736 2624 Caffianus
751 2615 762 2631 ‚
789 2591 934 2637 AEgypti
946 2588 1193 2627 &Thebaidos

131 2629 162 2661 ε’
308 2639 464 2674 Caenobia
497 2639 672 2684 praedicans
694 2660 706 2681 ³
742 2641 833 2685 quod
858 2643 982 2677 avitam
1009 2640 1070 2676 hac
1097 2643 1132 2676 in
1160 2653 1192 2675 re

308 2691 467 2725 unitatem
493 2690 676 2724 constanter
696 2699 920 2726 retentarent.
959 2691 1095 2726 Avitam
1122 2691 1192 2726 istic

310 2739 471 2774 orationis
496 2749 643 2773 normam
665 2740 787 2782 edicit,
814 2751 911 2786 atque
932 2741 1100 2786 adjungit:
1129 2743 1194 2784 ‚Qui

302 2790 415 2824 'modus
436 2793 603 2830 antiquitus
623 2789 788 2829 constitutus
819 2793 925 2824 idcirco
947 2800 1003 2833 per
1021 2799 1063 2823 tot
1082 2790 1193 2834 saecula

304 2847 402 2882 -penes
423 2837 524 2872 cunc‘la
550 2839 668 2872 illarum
694 2842 924 2874 Provinctarum
948 2842 1124 2882 Monasteria
1152 2847 1195 2874 in·

312 2896 473 2925 temeratus
495 2899 572 2922 nune
592 2886 682 2932 usque
695 2890 861 2931 perdurat,
887 2896 959 2934 quia
982 2903 1037 2925 non
1059 2891 1194 2924 humana

313 2940 528 2973 adinventione
545 2937 676 2978 statutus
697 2940 716 2970 ἂ
742 2940 909 2974 5em'oribus
931 2941 1116 2982 affirmatur,
1140 2939 1197 2983 sed

314 2991 441 3023 Caelitus
469 2990 571 3033 Angeli
596 2988 758 3032 magisterio
784 2989 925 3022 Patribus
944 2991 1032 3033 fuisse
1056 2993 1194 3024 delatus.

315 3038 449 3072 Factum
460 3037 493 3072 id
508 3037 590 3072 dicit
600 3038 639 3071 ad
652 3039 819 3081 primaevos
832 3040 976 3084 AEgypti
989 3039 1175 3075 Monachos
1185 3066 1195 3082 ,

318 3087 490 3133 proditque
512 3089 614 3123 torius
633 3089 678 3121 rei
702 3089 814 3122 seriem
828 3113 839 3129 ‚
865 3101 962 3133 quam
973 3091 1074 3125 etiam
1089 3090 1212 3125 laudat·

317 3138 352 3171 &
374 3138 478 3172 firmat
500 3147 679 3172 memorata
702 3139 839 3172 secunda
861 3141 1013 3182 Synodus
1023 3123 1212 3183 Tamen-l

320 3186 378 3220 fis.
406 3186 516 3222 Etiam
539 3189 693 3223 sanetum
715 3187 902 3232 Ignatium,
932 3190 1121 3224 Amiochiae
1141 3187 1212 3223 Pax-5

321 3234 494 3270 triarcham
517 3262 527 3277 ,
566 3237 608 3272 ab
628 3236 759 3282 Angelo
780 3238 926 3272 didicisse
950 3240 1103 3282 psallendi
1131 3219 1212 3273 mo-¹

141 547 216 577 Can.
238 558 261 578 ι.

75 1207 82 1214 x
128 1231 168 1262 Cu
199 1237 244 1266 ις.

122 1802 194 1838 Can.
213 1816 262 1841 27.

124 2118 214 2148 Cant.
235 2121 262 2148 8.

690 146 735 202 S.
775 153 1100 203 Gueoortn
1134 156 1376 202 Sta-primi
1412 154 1788 202 Pon-rrrrcrs

1263 240 1374 276 Etiam
1398 240 1434 275 in
1456 240 1655 283 Monachis,
1679 239 1719 278 ac
1745 240 1915 288 praesertim
1926 243 2144 291 kgularibus
2163 274 2165 276 .

1263 291 1417 326 Clericis.
1444 290 1578 326 Etenim
1603 291 1746 333 litteras,
1770 293 1888 338 quibus
1898 295 2146 333 SanstumNor·

1263 341 1392 376 bertum
1413 341 1458 376 ob
1481 341 1596 378 datum
1615 341 1692 376 filiis
1718 342 1783 377 suis
1806 344 1970 390 singulare
1993 345 2141 382 officium

1260 390 1443 436 gravissime
1460 393 1568 437 arguit
1587 392 1697 426 nescio
1719 392 1793 436 quis
1803 392 2051 441 Magalonensis
2065 395 2146 440 Epi-

1261 443 1392 485 scopus,
1417 442 1476 477 suo
1497 441 1538 477 de
1556 441 1737 477 Canonum
1750 442 1953 480 observantia
1975 445 2068 489 operi
2093 446 2144 481 in·
2160 433 2196 466 C·
2219 446 2247 472 7·

1260 493 1358 527 seruit
1377 516 1387 532 ‚
1414 491 1622 536 multumque
1643 491 1968 538 laudatyRadulphus
1987 495 2148 532 Decanuo

1259 541 1482 588 Tongrenfis.
1509 542 1689 577 Monachis
1707 538 1796 577 enim
1817 568 1829 585 ,
1865 544 1955 587 quod
1978 545 2040 579 soli
2061 547 2147 582 olim

1260 591 1344 626 intra
1367 590 1510 628 clausum
1527 593 1723 628 Oratorium
1733 593 1865 627 Divinae
1884 593 2050 638 Majestati
2065 597 2147 640 psal-

1261 641 1386 682 lerent,
1410 643 1466 676 sua
1486 642 1596 685 potuit
1617 644 1762 686 permitti
1780 654 1916 686 norma,
1943 644 2054 679 verum
2079 646 2146 682 Re-

1259 692 1387 737 gulares
1409 692 1530 726 Clerici
1550 692 1592 727 ad
1613 704 1807 727 communes
1832 693 1978 729 Ecclefiae
1990 694 2146 733 Canones

1259 741 1502 787 singulariffime
1531 742 1740 788 obligantur.
1767 744 1835 778 Res
1858 742 1925 779 haec
1946 745 1991 779 est
2015 745 2146 781 alterius

1259 792 1342 827 loci.

1309 842 1454 889 Qaestio
1465 843 1532 882 est,
1557 842 1614 877 An
1639 844 1679 878 ad
1702 844 1905 880 Decentium
1927 844 2146 890 Eugubinum

1259 892 1458 936 Episcopum
1481 893 1615 928 Sanctus
1635 893 1722 939 Papa
1734 895 1949 930 Innocentius
1958 894 2038 930 reste
2051 895 2147 940 scrip,

1256 942 1330 978 serit
1354 943 1476 977 rituum
1497 943 1713 978 diversitatem
1737 945 1923 980 nullatenus
1948 946 2010 981 esse
2034 945 2077 980 ab
2097 949 2147 981 A·

1258 991 1391 1035 postolis
1415 1003 1472 1027 aut
1494 992 1570 1027 viris
1592 994 1818 1037 Apostolicis,
1846 996 1896 1029 sed
1910 994 2079 1031 dumtaxat
2102 996 2144 1030 ab

1257 1043 1482 1087 ignorantium
1507 1052 1562 1076 aut
1585 1044 1825 1088 negligentium
1838 1046 2075 1089 Epist-operum
2086 1056 2146 1089 po-

1256 1092 1441 1127 sterioribus
1462 1093 1676 1137 corruptelis?
1698 1094 1742 1128 Et
1766 1095 1898 1138 quidem
1920 1108 1960 1130 ex
1972 1095 2036 1130 hoc
2048 1097 2143 1131 fonte

1255 1143 1394 1177 multam
1417 1145 1558 1178 manasse
1582 1143 1796 1180 diversitatem
1813 1170 1823 1185 ‚
1846 1147 1889 1179 est
1912 1145 2137 1180 manifestum.

1254 1192 1388 1226 Etenim
1409 1193 1443 1226 in
1467 1192 1551 1227 libro
1573 1193 1614 1227 de
1636 1193 1782 1228 velandis
1797 1194 1993 1240 Virginibus
2006 1195 2142 1230 Tertul-

1253 1241 1357 1276 lianus
1383 1243 1537 1286 quasdam
1559 1242 1600 1277 ab
1625 1243 1794 1286 Apostolis
1817 1255 1874 1279 aut
1894 1245 1971 1279 viris
1997 1244 2142 1288 Aposto-

1255 1291 1322 1324 licis
1358 1291 1509 1326 fundatas
1525 1317 1536 1332 ,
1580 1294 1733 1335 quasdam
1761 1295 1918 1329 Ecclefias
1945 1295 2052 1329 scribit
2078 1296 2142 1330 esse

1252 1338 1413 1381 posteras,
1433 1339 1474 1372 A&
1496 1339 1627 1373 istarum
1655 1343 1826 1377 dumtaxat
1851 1347 1931 1380 ritus
1952 1346 1986 1379 δε
2007 1347 2143 1380 consue-

1252 1387 1382 1422 tudines
1410 1389 1553 1422 affirmat
1579 1390 1642 1424 effe
1669 1389 1898 1436 irrefragabilis
1924 1395 2144 1428 auctoritatis.

1253 1437 1362 1472 Etiam
1383 1438 1418 1471 in
1442 1437 1512 1480 ipso
1538 1438 1697 1471 sacrificio
1720 1441 1806 1483 apud
1831 1442 1989 1483 quosdam
2016 1443 2080 1476 effe
2101 1443 2145 1477 le-

1249 1487 1372 1533 gitimae
1397 1487 1569 1531 religionis
1589 1498 1711 1522 vacuos
1734 1512 1745 1528 ‚
1780 1488 1822 1522 ab
1845 1492 1940 1524 omni
1968 1492 2144 1526 Dominici

1250 1548 1306 1572 aut
1328 1537 1516 1581 Apostolici
1543 1536 1700 1581 Praecepti
1714 1539 1903 1574 auctoritate
1915 1534 2062 1582 alienos,
2088 1553 2145 1577 cu·

1250 1587 1322 1622 riofi
1342 1587 1454 1630 potius
1464 1588 1560 1631 quam
1574 1587 1741 1622 rationalis
1753 1588 1854 1623 officii
1865 1615 1878 1631 ,
1905 1591 1939 1625 &
1951 1591 2144 1627 Gentilibus

1251 1636 1398 1674 nimium
1413 1638 1630 1675 vicinosritus
1640 1637 1748 1672 scribit
1760 1640 1793 1673 in
1806 1639 1889 1674 libro
1909 1641 1952 1676 de
1970 1641 2143 1685 oratione,

1253 1687 1393 1732 ideoque
1419 1688 1633 1733 corrigendos
1656 1700 1693 1724 ac
1705 1689 1943 1726 eliminandos.
1977 1691 2050 1726 Effe
2059 1693 2144 1727 affir-

1251 1747 1318 1772 mat
1341 1748 1410 1771 non
1433 1738 1534 1778 ritus,
1562 1738 1613 1773 sed
1639 1739 1897 1782 superstitiones·
1935 1741 2028 1775 Etin
2039 1742 2143 1786 poste·

1251 1787 1332 1822 riori
1341 1787 1381 1822 ad
1396 1788 1586 1831 Ianuarium
1612 1788 1759 1833 Epistola
1783 1790 1895 1826 scribit
1912 1793 2048 1826 Sanetus
2068 1791 2142 1828 Aa·

1251 1838 1397 1883 gustinus
1421 1852 1432 1872 :
1461 1841 1554 1883 ,Quod
1572 1838 1731 1878 instituitur
1746 1849 1861 1883 prater
1880 1840 2143 1886 consuetudinem,

1250 1898 1284 1922 ut
1307 1888 1391 1932 quafi
1411 1887 1576 1931 observatio
1597 1892 1783 1925 sacramenti
1796 1890 1835 1933 fit
1857 1916 1868 1933 ,
1893 1891 2058 1934 approbare
2082 1903 2141 1926 non

1248 1939 1357 1983 possum
1371 1964 1380 1979 ,
1409 1938 1524 1979 etiamst
1542 1940 1637 1974 multa
1658 1940 1825 1987 hujusmodi
1844 1950 1966 1984 propter
1989 1944 2144 1977 nonnulla-

1252 2002 1316 2025 rum
1339 1990 1391 2024 vel
1409 1989 1586 2025 sannarum
1599 2015 1610 2032 ,
1637 1994 1688 2026 vel
1705 1991 1939 2026 turbulentarum
1945 1992 2142 2036 personarum

1248 2040 1398 2085 scandala
1419 2043 1590 2076 devitanda
1602 2066 1612 2082 ‚
1637 2042 1758 2076 liberins
1781 2043 1947 2086 improbare
1959 2054 2016 2076 non
2026 2044 2139 2077 audeo.

1252 2092 1310 2125 sed
1328 2092 1380 2124 boc
1403 2097 1491 2125 nimis
1521 2093 1622 2132 doleo,
1647 2099 1718 2134 quia
1743 2095 1858 2134 multa,
1884 2104 1952 2134 quae
1971 2099 2004 2126 in
2015 2096 2142 2126 Divinis

1251 2140 1335 2173 libris
1355 2140 1550 2183 saluberrime*
1570 2149 1725 2182 praecepta
1741 2141 1838 2183 sunt,
1865 2143 1964 2175 minus
1976 2150 2142 2182 curantur,

1253 2193 1287 2223 (τ
1309 2198 1374 2222 tam
1399 2191 1502 2224 multis
1517 2188 1800 2232 pra-sumptionibus
1818 2193 1913 2232 plena
1928 2191 2003 2233 fient
2022 2197 2144 2232 omnia,

1252 2249 1285 2272 ut
1302 2245 1433 2282 gravius
1457 2244 1633 2280 corripiatur
1652 2245 1704 2280 qui
1721 2247 1777 2281 ptr
1797 2240 1932 2272 Oc‘lavas
1946 2238 2022 2282 suas
2029 2249 2143 2273 terram

1254 2291 1330 2322 nudo
1353 2289 1432 2330 pede
1455 2294 1587 2331 tetigerit
1601 2313 1613 2330 ,
1640 2299 1731 2330 quam
1752 2295 1805 2330 qui
1824 2297 1952 2323 mentem
1973 2290 2141 2326 vinolentia

1250 2337 1421 2382 sepeliverit
1433 2363 1441 2371 ,
1468 2342 1579 2371 omnia
1599 2343 1702 2381 itaque
1722 2340 1798 2372 talia
1820 2362 1832 2379 ,
1845 2351 1933 2382 ..quae
1956 2351 2049 2382 neque
2070 2342 2143 2372 saie-

1253 2389 1366 2422 diarum
1378 2391 1398 2421 5
1399 2394 1599 2431 criptas-arum
1611 2388 1837 2422 auHoritatibur
1858 2395 2065 2430 continentur,
2089 2400 2143 2432 ner.¹

1253 2445 1285 2472 in
1309 2440 1449 2472 conciliis
1472 2436 1680 2481 Episcoporum
1695 2438 1810 2478 statuta
1832 2444 2027 2473 inveniuntur
2047 2463 2060 2481 ,
2088 2450 2142 2473 nec

1253 2487 1457 2531 consuetudine
1482 2486 1663 2531 universalis
1685 2487 1819 2530 Ecclefiae
1830 2489 1965 2523 roborata
1971 2487 2063 2532 sunt,
2083 2487 2143 2531 sed

1255 2537 1440 2581 diversorum
1462 2539 1584 2572 locorum
1597 2537 1722 2580 diverfis
1746 2539 1873 2572 moribus
1885 2538 2142 2573 innumerabiliter·

1255 2593 1439 2629 variantur,
1466 2593 1511 2622 ita
1530 2597 1564 2622 ut
1588 2593 1667 2629 vix,
1705 2597 1759 2622 aut
1781 2592 1900 2621 omnim}
1925 2598 2078 2630 nunquam
2094 2592 2144 2621 in-

1256 2643 1354 2673 veniri
1373 2639 1477 2680 poffint
1500 2633 1616 2681 causae,
1642 2649 1718 2680 quar
1738 2643 1772 2671 in
1789 2642 1832 2670 eis
1849 2637 2037 2677 instituendis
2047 2636 2144 2670 bom}-

1256 2700 1307 2722 nes
1321 2686 1416 2731 secuti
1445 2686 1520 2731 sunt
1545 2713 1556 2729 ,
1580 2688 1630 2721 ubi
1645 2688 1782 2729 facultas
1800 2686 1968 2727 tribuitur,
1996 2684 2061 2728 fine
2079 2686 2142 2721 ulla

1257 2740 1437 2772 dubitatione
1451 2736 1608 2781 resecanda
1620 2737 1749 2777 existimo
1760 2761 1768 2769 .
1794 2738 1949 2779 ,Quamvis
1959 2741 2038 2770 enim
2048 2746 2143 2780 neque

1257 2789 1306 2821 boc
1318 2793 1450 2821 inveniri
1457 2788 1539 2829 poffit
1553 2812 1563 2827 ,
1575 2789 1714 2830 quomodo
1727 2794 1828 2820 confla
1834 2785 2012 2828 fidemfint‚
2042 2784 2142 2829 'ipsam

1258 2848 1360 2871 tamen
1384 2838 1551 2881 religionem
1564 2862 1575 2878 ,
1614 2840 1706 2881 quam*
1717 2836 1891 2877 pauciffimis
1915 2838 1950 2870 ό·
1968 2833 2142 2878 manifestis-'-

1252 2888 1335 2929 fimis
1359 2887 1583 2921 celebrationum
1604 2889 1801 2920 sacramentis
1810 2884 2012 2928 misericordia
2020 2887 2079 2919 Dei
2088 2884 2141 2929 ff

1257 2938 1382 2971 liberam
1403 2940 1497 2971 voluit
1515 2961 1527 2978 ,
1561 2935 1724 2980 servilibus
1746 2934 1878 2969 oneribus
1895 2943 2041 2977 premunt
2059 2957 2071 2975 ,
2106 2940 2142 2968 ut

1258 2987 1432 3031 tolerabilior
1444 2987 1483 3029 fit
1505 2987 1629 3021 conditio
1642 2986 1845 3031 Judaeorum‚
1870 2991 1922 3028 qui
1947 2983 2143 3027 etiamfitem-

1256 3039 1320 3080 pus·
1334 3037 1487 3071 libertatis
1510 3048 1567 3070 non
1587 3041 1781 3079 agnoverint,
1806 3034 1949 3078 legalibus
1966 3042 2070 3069 tamen
2073 3032 2145 3078 san-t

1259 3093 1356 3126 cinis,
1386 3099 1442 3120 non
1469 3087 1611 3121 humanis
1635 3084 1916 3128 praesumptionibus
1921 3084 2141 3128 subjiciuntur.

1260 3139 1318 3170 sed
1335 3137 1460 3179 Ecclesia
1483 3139 1540 3169 Dei
1557 3142 1636 3169 inter
1660 3135 1788 3169 multam
1803 3137 1924 3177 paleam
1940 3159 1953 3177 ,
1992 3136 2144 3176 multaque

1260 3190 1393 3220 Zizania
1414 3186 1589 3228 constituta,
1613 3186 1708 3218 multa
1727 3185 1833 3220 tolerat
1855 3210 1867 3227 ,
1891 3186 1927 3218 (θ’
1949 3194 2049 3219 tamen
2073 3194 2142 3226 με

1256 3236 1327 3280 sunt
1348 3248 1449 3272 contra
1467 3236 1559 3278 fidem
1578 3237 1632 3268 vel
1649 3235 1755 3269 bonam
1776 3240 1875 3269 vitam
1898 3246 1958 3269 non
1974 3231 2143 3277 approbat,

2156 1228 2194 1259 C·
2220 1240 2247 1260 2.

2160 1606 2194 1642 C.
2210 1621 2256 1643 ιι·
2270 1621 2317 1643 12.

321 3284 400 3319 dum
424 3307 434 3323 ‚
480 3286 524 3319 est
551 3286 770 3331 antiquiffima
802 3289 835 3322 &
857 3287 1042 3324 authentica
1068 3290 1200 3324 traditio
1262 3298 1310 3320 nec
1329 3295 1405 3319 tacet
1425 3311 1437 3327 ,
1475 3297 1526 3319 nec
1544 3285 1626 3326 facit
1646 3310 1655 3318 .
1683 3285 1845 3320 Plurimos
1866 3285 1982 3329 partim
2004 3281 2144 3326 proban·

313 3335 511 3368 Graecorum
525 3334 656 3371 Parrum
670 3362 676 3369 .
701 3337 841 3373 Rituum
851 3350 931 3383 ergo
943 3342 1050 3374 unitas
1059 3350 1097 3373 ex
1111 3340 1199 3381 Deo,
1212 3339 1215 3361 Γ

324 3385 460 3419 varietas
479 3385 525 3418 cst
551 3395 592 3419 ex
613 3384 828 3428 hominibus,
852 3388 992 3430 ideoque
1016 3390 1100 3424 hanc
1123 3367 1215 3425 sem-l

323 3444 380 3479 per
404 3433 555 3470 toleravit
575 3433 685 3480 potius
706 3437 848 3474 Ecclesia
869 3463 881 3481 ,
918 3439 1015 3483 quarn
1037 3440 1200 3484 probarit.

1261 3338 1321 3371 dos
1342 3361 1353 3377 ‚
1380 3336 1495 3380 partim
1517 3334 1748 3377 improbandos
1769 3335 1984 3370 Ecclesiarum
2002 3331 2144 3368 diversos

1263 3388 1341 3420 ritus
1362 3387 1530 3420 enumerat
1551 3384 1585 3417 in
1600 3385 1818 3421 Ecclesiastica
1828 3380 2074 3417 historiaetiam
2086 3381 2145 3414 So-

1264 3446 1389 3478 crates,
1413 3446 1512 3481 atque
1521 3434 1690 3481 adjungit:
1715 3432 1823 3476 causa
1841 3433 1875 3468 ὁ·
1897 3428 2146 3520 auderezuigufi
