2352 3756
421 113 485 161 ὗε
519 104 777 163 Romam
813 111 1246 179 Emscopoaun
1280 125 1824 166 consEcRArroNE.
1881 131 1975 179 369

225 213 283 237 nas
303 224 315 243 ,
341 210 431 237 aetate
447 203 623 248 Juliiniani
652 208 843 247 Imperatoris
864 227 875 244 ‚
901 202 1103 245 Constantino-
1162 198 1245 245 perii
1269 211 1395 236 annum
1406 199 1571 245 *legitimo
1598 206 1872 243 Antiochensium
1909 208 2046 245 Patr-iar.

218 251 485 296 politaenaesaneiae
495 253 629 296 Ecclefiae
645 254 800 295 Presbyter
812 278 823 295 ,
845 262 998 297 promotus
1009 253 1106 294 effiad
1168 251 1255 291 chae,
1283 250 1354 295 post
1366 251 1587 286 Saracenicam
1605 258 2045 298 captivitatem'successerint

223 302 509 347 Arcbiepiftopatum
543 304 584 337 ab
604 308 733 348 Agapeto
758 307 847 347 Papa
867 307 999 337 Romano
1017 328 1028 345 ,
1054 304 1104 345 q'ui
1145 321 1148 324 -
1170 301 1386 335 Macedonius
1410 325 1421 342 ‚
1442 301 1574 346 ‚Jaribus
1594 326 1605 342 ‚
1638 306 1671 338 δε
1700 308 1864 344 Macarius
1884 334 1895 350 ,
1931 308 2046 344 intrusi

222 352 502 397 Constantinopolim
529 355 697 389 advenerat
717 381 724 387 .
753 359 812 390 Hic
841 354 1013 388 anthimum
1037 357 1105 386 Hae-
1169 363 1223 395 per
1245 350 1447 386 patriarchas
1467 351 2048 403 atr-ImperatoresConstantinopoli-

220 409 343 437 reticum
367 406 622 446 Trapezuntinum
643 429 654 446 ‚
680 410 714 438 in
747 403 1104 447 constantinopolitanam
1170 412 1265 436 tanos
1288 426 1296 434 .
1323 401 1373 436 Ita
1395 402 1428 436 &
1449 412 1504 445 per
1526 401 1768 437 Monotheliras
1791 406 1956 443 haereticos
1975 433 1986 449 ,
2010 408 2046 443 δε

221 452 325 487 sedem
348 454 387 488 ab
411 454 559 490 hereticis
570 455 771 495 translatum,
799 453 953 497 deposuit,
978 456 1012 488 (ν
1030 455 1105 486 Bea-
1171 463 1224 495 per
1244 462 1388 496 paganos
1397 452 1573 487 Saracenos
1596 450 1902 489 Christianitasillic
1913 459 1974 492 fuit
1986 459 2047 493 mi-

216 512 288 536 tum
313 506 455 538 Mennam
480 506 634 539 ordinavit
651 527 661 545 ,
688 501 943 540 ordinationem
971 504 1109 537 manife-

221 548 269 586 Ωὲ
291 551 425 588 laudant
450 554 482 588 δε
505 553 662 598 probant.
690 552 849 589 Notanda
869 556 944 588 sunt
970 553 1106 588 Macarii

220 601 398 645 Ancyram
421 604 537 638 verba:
565 606 624 638 Vel
640 615 704 638 eum
723 606 884 645 ordinare,
910 605 963 638 vel
975 602 1029 647 suo
1047 613 1106 636 con·

217 649 279 693 {ilio
296 654 428 686 ordinari
441 679 448 686 .
475 652 677 688 Profitcntur
691 652 779 698 quod
801 655 857 688 ille
869 678 879 695 ‚
907 652 1107 698 quialicujus

218 700 467 737 ordinationem
489 705 546 738 suo
566 704 706 738 confilio
724 715 834 749 regere
853 705 904 738 stu
915 703 1107 738 confirmare

223 751 322 786 debet
340 776 353 794 ,
376 752 519 788 eundem
543 754 644 789 etiam
666 755 761 798 po'sfit
785 752 934 788 ordinare
958 776 965 784 .
990 751 1039 786 At
1060 762 1107 786 ve·

221 801 423 837 &omnium
435 801 695 838 patriarcharum
717 803 998 837 consecrationem
1019 801 1106 845 Papa

221 851 418 887 confirmare
438 852 533 887 debet
557 877 564 885 .
590 853 659 887 Res
671 852 724 886 ⁴est
745 851 853 887 lucida
878 851 963 895 apud
987 853 1106 895 peritos

224 898 458 938 Ecclesiastico:
470 899 670 936 Hierarchiae
684 900 718 934 δε
729 910 885 945 perpetuae
903 901 1106 937 consuetudi-

222 949 297 985 nis.
324 950 416 995 Ergo
427 950 676 995 potest&ipsos
685 952 886 986 consecrare.
914 951 1017 986 Porro
1036 952 1109 986 Bar·

226 1000 351 1036 laamas
361 998 547 1036 Monachus
558 1024 568 1040 ‚
593 1001 674 1035 dum
695 1002 847 1035 Sanctum
860 1001 1017 1046 Jacobum
1029 1001 1108 1036 Hie-

224 1050 403 1093 :osolymae
423 1048 622 1094 Episcopum
643 1051 768 1096 negata
781 1052 899 1087 Sansto
923 1051 1023 1086 Petro
1034 1062 1111 1087 con·

226 1100 384 1137 sectatum
396 1124 407 1142 ‚
422 1099 570 1136 audacter
587 1100 680 1145 loqui
691 1111 743 1136 tur
755 1127 762 1133 .
784 1102 921 1137 Etenim
932 1103 1025 1136 fuisse
1035 1113 1110 1136 con-

226 1150 387 1185 sectatum
405 1149 523 1185 diserte
546 1151 684 1186 affirmat
704 1153 828 1186 famosa
854 1151 989 1195 epistola
1017 1151 1110 1194 Papae

227 1198 403 1257 Anacleti.
430 1199 508 1244 Ejus
529 1199 649 1237 author
669 1201 818 1246 loquitur
839 1202 881 1237 ad
906 1203 1034 1237 sensum
1061 1200 1109 1235 sui

227 1257 403 1294 temporis.

1172 501 1298 536 serrime
1319 501 1474 536 lacerata.
1502 502 1637 537 Interim
1660 513 1727 537 non
1749 504 1880 538 cessavit
1890 506 2046 542 ambitio.

1173 551 1305 586 Etenim
1327 552 1368 585 ad
1394 552 1553 594 Joannem
1576 551 1812 596 Philadelphiae
1825 554 2048 599 Episcopum,

1176 601 1302 635 Arabiae
1325 600 1575 645 Metropolitam
1588 628 1598 643 ,
1624 614 1662 636 ac
1685 604 1774 636 suurn
1794 603 1867 637 isi-ic
1878 603 2050 640 Vicarium

1174 651 1291 695 scripsit
1303 651 1435 685 Sanetus
1448 651 1535 695 Papa
1549 664 1586 685 ac
1598 653 1727 696 Martyr
1737 653 1904 687 Martinus
1917 655 2049 698 primus:

1174 703 1254 741 Ejus
1284 706 1336 744 qul
1361 700 1448 743 fals&
1462 700 1519 744 fibi
1540 701 1739 745 Episcopatus
1771 714 1876 736 nomen
1895 704 2052 746 adfinxit,
2072 714 2122 751 Ep,
2145 721 2171 748 ς.

1173 750 1334 784 Macedonii
1354 752 1419 785 dico
1441 775 1453 791 ,
1479 757 1663 794 importunas
1687 753 1855 786 litterarum
1873 759 1972 787 minas
1987 753 2052 796 five

1171 800 1529 845 protestationemfortiter
1541 800 1693 845 despuito,
1719 810 1753 835 ut
1771 802 1869 835 rabidi
1883 805 1916 837 (rt
1927 813 2055 838 temera·

1173 856 1211 883 rii
1232 858 1317 886 canis
1338 852 1482 885 latratum
1507 876 1514 883 .
1542 854 1628 887 Hunc
1645 857 1726 887 enim
1746 850 1924 894 Epiftopum
1942 853 2053 887 catho-

1172 899 1228 934 lica
1246 899 1373 943 Ecclefia
1393 903 1468 935 nullo
1489 903 1571 935 modo
1594 907 1695 936 novit.
1724 906 1798 936 Non
1815 900 1910 945 solum
1926 904 2008 945 quad
2024 909 2052 937 is

1171 958 1283 993 praeter
1302 955 1438 985 canones
1459 957 1492 984 in
1510 959 1635 986 externa
1655 956 1771 996 regione
1786 951 1849 994 fine
1871 951 2006 996 consensu
2018 954 2053 987 ὁ·

1174 998 1281 1043 absque
1301 1000 1358 1032 ullo
1369 1009 1446 1034 certo
1457 1004 1578 1034 Decreto
1588 1001 1719 1044 ham-fibi
1730 1003 1958 1044 appellationem
1970 1000 2054 1046 usur·

1173 1056 1276 1094 parit,
1298 1048 1359 1093 sed
1374 1051 1409 1084 <5
1430 1052 1512 1093 quod
1529 1050 1689 1094 consentiat
1711 1051 1861 1085 baerettcis
1884 1076 1895 1092 ,
1920 1058 1971 1094 qui
1995 1051 2056 1084 hae·

1175 1099 1268 1143 reseos
1283 1098 1350 1143 suae
1370 1102 1563 1142 appendicem
1575 1125 1585 1141 ‚
1611 1103 1675 1142 ejas
1687 1102 1852 1135 clemonem
1864 1110 1921 1143 per
1930 1110 2056 1135 contem-

1174 1159 1261 1192 ptum
1270 1151 1462 1184 tumultuarie*
1467 1150 1607 1191 fecerunt
1617 1175 1624 1182 .
1638 1152 1894 1194 ‚Quemadmodum
1907 1154 1939 1185 ό·
1952 1154 2057 1190 Petri,

1176 1205 1227 1242 qut
1250 1199 1341 1233 abiis
1350 1205 1520 1232 nominatur
1529 1199 1566 1238 est
1589 1201 1623 1234 (ν
1635 1202 1803 1240 affimilatus
1816 1199 1981 1244 Epist-opus
1994 1201 2059 1233 Ale·

1178 1250 1321 1283 xaendriae
1331 1273 1343 1289 ‚
1368 1258 1402 1283 ut
1408 1257 1465 1290 per
1471 1250 1576 1290 plures
1587 1250 1620 1282 (9·
1628 1248 1833 1293 adftrtptitias
1843 1249 1986 1294 personas
1997 1250 2059 1283 bae-

1178 1297 1256 1340 refim
1273 1297 1363 1343 suam
1388 1304 1572 1332 munitiorem
1581 1301 1731 1333 reddant.
1757 1300 1812 1333 De
1823 1301 1937 1334 iisdem
1949 1300 2062 1334 Mace-

1179 1348 1286 1383 donio
1307 1349 1342 1383 &
1363 1347 1461 1383 Petro
1472 1348 1586 1383 scribit
1605 1349 1693 1383 idem
1704 1349 1863 1384 Pontifex
1873 1349 1914 1383 ad
1924 1358 2063 1383 omnem

1181 1396 1400 1433 Antiochenae
1412 1399 1446 1439 ὃς
1459 1398 1775 1442 Hierosolymitanae
1786 1399 1974 1434 Dioeceseos
1987 1398 2063 1433 Cle-

1180 1459 1250 1481 rum
1264 1459 1300 1481 ac
1312 1447 1492 1492 populum:
1519 1456 1687 1485 Hortamur
1711 1448 2063 1489 Dilec‘lionemvestram,
2084 1476 2103 1504 Ε
2150 1480 2183 1503 n

1178 1506 1210 1531 ut
1221 1496 1366 1541 nobiscum
1373 1497 1487 1541 semper
1497 1500 1625 1532 credatis
1652 1500 1826 1533 &teneatis
1849 1522 1860 1539 ,
1887 1499 2064 1532 devitantes
2105 1480 2132 1512 μ
2186 1492 2194 1501 ”

1180 1559 1293 1582 omnem
1305 1547 1435 1589 baerefim
1450 1572 1462 1588 ,
1486 1546 1659 1591 insanosque
1670 1547 1819 1590 haerefium
1830 1546 1973 1581 authores
1983 1572 1993 1587 ,
2001 1558 2065 1581 una

1179 1609 1245 1632 cum
1265 1600 1364 1631 veteie
1389 1599 1424 1632 <5
1454 1608 1565 1632 novum
1587 1620 1599 1637 ,
1625 1604 1677 1641 qui
1708 1598 1884 1640 temporibus
1917 1597 2022 1638 nostris
2044 1599 2066 1629 ἄ

1181 1659 1257 1680 vera
1274 1648 1414 1681 dodlrina
1431 1647 1591 1681 aberravit
1602 1671 1614 1686 ,
1638 1648 1844 1682 Macedonium
1875 1646 2066 1688 baereticum,

1181 1706 1267 1737 quem
1290 1704 1394 1728 contra
1414 1701 1554 1730 Canones
1573 1696 1631 1737 sibl
1651 1696 1808 1738 finxerunt
1822 1696 1941 1741 falsum
1966 1699 2069 1729 Antio-

1181 1743 1256 1778 cbiae
1274 1743 1452 1787 Episcopum
1467 1745 1609 1786 predicti
1630 1745 1778 1780 haeretici.
1806 1746 2069 1789 ,Quemadmodum

1180 1795 1214 1826 et
1226 1797 1349 1826 Petrum
1360 1795 1554 1828 Alexandriae
1565 1797 1761 1828 tumultuarie
1781 1803 1975 1832 creaverunt.
2005 1797 2068 1827 Hos

1182 1841 1322 1884 euimfibi
1342 1841 1553 1885 consentientes
1566 1844 1648 1876 nac‘lt
1657 1868 1669 1883 ‚
1694 1843 1948 1887 concurrentesque
1957 1850 1990 1877 in
1998 1852 2070 1885 pro·

1180 1898 1258 1934 priae
1282 1891 1421 1935 haeresi-01
1443 1898 1577 1933 exitum,
1607 1890 1778 1933 &similiter
1788 1887 2068 1935 ipsu-'expositionem

1186 1952 1272 1974 novae
1291 1941 1438 1975 doc‘lrinae
1455 1966 1466 1981 ‚
1487 1942 1700 1985 formulamque
1719 1942 1810 1986 super
1820 1944 2010 1977 induc‘litiam
2023 1954 2070 1977 ac-

1184 1996 1326 2033 cipientes
1347 1992 1509 2024 mercedem
1532 1991 1672 2032 injustam
1683 1991 1848 2034 hujusmodi
1857 2004 1955 2026 eorum
1966 1997 2069 2034 impiae

1184 2039 1370 2082 consenfionis
1404 2041 1439 2073 (9¹
1464 2046 1613 2074 vanitatis
1638 2065 1650 2082 ,
1681 2040 1787 2083 fie‘l‘am
1812 2042 1974 2074 sacerdotii
1999 2041 2070 2083 ipfie

1185 2087 1384 2131 imposuerunt
1415 2089 1645 2129 appellationem
1668 2114 1679 2129 ,
1705 2100 1762 2122 non
1787 2091 1827 2123 ab
1851 2092 1908 2123 ullo
1939 2092 2070 2134 legitimo

1182 2137 1324 2182 suffragio
1346 2145 1400 2170 aut
1422 2136 1618 2178 Ecclefiastica
1638 2137 1799 2181 succeffiom
1819 2138 1921 2172 adhoc
1931 2140 2067 2181 indum,

1183 2186 1266 2232 sedi?
1274 2195 1380 2229 prava
1401 2187 1435 2220 (δ’
1456 2186 1595 2220 baeretica
1605 2193 1830 2231 excogitatione,
1855 2197 1890 2220 ut
1902 2189 2068 2231 perplures

1188 2235 1436 2280 &adfiriptitias
1452 2235 1591 2279 personas
1602 2261 1613 2277 ,
1639 2245 1671 2270 ut
1692 2239 1810 2279 quidem
1817 2245 1928 2280 putant
1940 2263 1950 2279 ,
1975 2238 2069 2279 consti·

1186 2295 1272 2321 tuant
1281 2284 1496 2327 inconsistentem
1503 2285 1590 2329 suam
1603 2289 1637 2321 (⁵5
1648 2288 1822 2321 damnatam
1835 2287 1965 2330 baerefim
1974 2313 1984 2328 ,
2009 2291 2068 2324 Det

1187 2340 1258 2372 vero
1278 2336 1461 2370 catholicam
1472 2337 1506 2371 (x
1518 2336 1704 2379 apostolicam
1716 2336 1872 2379 Ecclesiam
1882 2337 1997 2378 vastent
2008 2364 2016 2371 .

1236 2386 1416 2422 Destruffls
1438 2395 1495 2420 aut
1519 2386 1672 2421 desolatis
1692 2399 1747 2430 per
1763 2387 1956 2429 Saracenos,
1982 2388 2071 2422 Tur·

1188 2448 1241 2471 cas
1252 2461 1264 2477 ‚
1289 2447 1344 2470 aut
1356 2436 1439 2470 alios
1450 2434 1595 2470 infideles
1606 2437 1756 2471 Ecclefiis
1771 2438 1916 2473 titulares
1939 2438 2072 2481 Episco-

1189 2497 1247 2531 pos
1269 2485 1369 2520 hodie
1389 2485 1471 2521 dant
1492 2486 1527 2520 &
1548 2486 1917 2531 Constantinopolitana
1929 2487 2072 2522 Ecclesia

1188 2538 1221 2570 δε
1247 2537 1400 2570 Romana
1417 2560 1425 2568 .
1453 2535 1511 2570 Est
1536 2547 1610 2570 mos
1634 2537 1786 2580 antiquus
1812 2562 1819 2569 .
1847 2537 1954 2580 Ipsum
1979 2538 2071 2571 enim

1189 2585 1322 2620 laudant
1344 2597 1383 2620 ac
1404 2585 1541 2629 probant
1554 2610 1565 2626 ‚
1592 2587 2073 2631 atqueistiusmodiEpiscopos

1190 2634 1367 2680 privilegiis
1379 2645 1500 2680 augent
1511 2636 1668 2670 Trullani
1680 2637 1849 2671 Canones.
1861 2637 2072 2685 Qapropter

1189 2686 1330 2720 omnino
1351 2686 1452 2728 coepit
1474 2685 1513 2720 ad
1526 2687 1757 2720 Saracenorum
1771 2686 1804 2720 in
1820 2687 1997 2720 Ecclesiam
2009 2687 2072 2730 pri·

1190 2747 1257 2770 mas
1278 2735 1506 2780 grassationes.
1534 2736 1578 2770 Et
1600 2736 1706 2770 forsan
1728 2735 1793 2770 haec
1815 2736 2007 2772 Macedonii
2032 2747 2072 2770 ac

1190 2786 1277 2820 Petri
1301 2785 1468 2829 promotio
1488 2786 1551 2820 suit
1573 2785 1675 2829 prima
1702 2786 1885 2820 istiusmodi
1912 2785 2070 2830 provisio.

1189 2835 1362 2883 Qidquid
1381 2834 1442 2874 fit,
1467 2846 1522 2879 per
1545 2833 1613 2869 haec
1635 2847 1779 2880 tempora
1802 2833 2018 2870 Antiochenae
2035 2834 2071 2868 &

1191 2885 1420 2920 Alexandrinae
1431 2885 1622 2921 vacantibus
1635 2886 1784 2921 Ecclesiis
1794 2884 1915 2920 Paulus
1936 2884 2071 2919 Patriar-

1190 2934 1250 2971 cha
1262 2934 1654 2980 Constantinopolitanus
1664 2946 1721 2971 aut
1732 2936 1916 2970 nominavit
1925 2943 1980 2969 aut
1992 2943 2069 2968 cum

1191 2988 1249 3021 suo
1271 2985 1372 3020 Clero
1392 2986 1494 3031 elegit
1514 2986 1696 3030 Episcopos
1708 2985 1946 3021 Macedonium
1958 2995 1995 3018 ac
2008 2983 2070 3018 Pe-

1191 3047 1299 3077 trum,
1323 3036 1357 3070 δε
1379 3035 1673 3081 Constantinopoli
1693 3035 1890 3071 consecravit
1909 3059 1916 3067 .
1943 3033 2070 3068 Mono-

1191 3085 1306 3121 thelita
1318 3084 1577 3121 Monothelitas.
1604 3086 1835 3122 Alexandrino
1855 3082 2070 3125 Patriarchae,

1193 3136 1248 3181 qui
1298 3134 1590 3170 Monotheliticam
1627 3135 1745 3180 pestem
1786 3133 1948 3179 plantavit
1981 3132 2070 3178 apud

1195 3186 1378 3231 AEgyptios
1390 3208 1400 3225 ,
1425 3186 1518 3230 Cyro
1529 3187 1672 3221 successit
1686 3186 1821 3226 Petrus,
1849 3194 1947 3227 quem
1960 3184 1996 3218 in
2007 3184 2072 3218 Ec-

1193 3236 1358 3272 clesiastica
1383 3236 1530 3270 Historia
1543 3235 1729 3269 Anastasius
1750 3232 2024 3270 Bibliothecarius
2033 3243 2071 3266 ac

1196 3288 1322 3330 Martyr
1341 3284 1589 3328 Theophanes,
1615 3286 1648 3319 &
1670 3286 1705 3319 in
1730 3285 1788 3319 suo
1808 3283 1980 3319 Chronico
2008 3284 2072 3318 lau-

1195 3336 1250 3371 dat
1278 3337 1411 3370 Sanetus
1434 3335 1641 3379 Nicephorus
1667 3332 1854 3370 patriarcha
1880 3331 2071 3368 Constanti-

1198 3385 1406 3432 nopolitanus
1416 3410 1428 3429 ‚
1438 3385 1584 3423 adserens
1594 3385 1705 3422 sediffe
1714 3385 1827 3421 decem
1837 3383 1950 3466 annish.
1972 3382 2020 3437 ,Et
2032 3380 2071 3416 in

1948 3441 2020 3476 ujus

406 1477 763 1526 CAPUT
832 1479 940 1525 ΙΙΙ.

267 1614 415 1665 Eadem
443 1620 610 1671 Romani
634 1614 824 1679 Pontfficz‘s
841 1614 1002 1682 poteslas
1016 1615 1082 1664 de-

302 1684 529 1748 monstratur
551 1703 601 1731 ex
630 1684 739 1732 Αὲἶὶς
760 1685 896 1732 ὃανιῖἰί
919 1691 1048 1731 Mar-

408 1756 478 1800 ti'm'
501 1759 617 1821 Papae
639 1757 936 1818 &Martyria

318 1890 428 1927 Odem
456 1890 526 1933 jure
547 1903 603 1935 per
624 1903 759 1926 omnem
780 1892 954 1927 Orientem
976 1892 1051 1925 usus
1072 1889 1118 1924 est

341 1941 477 1975 Sanctus
494 1941 582 1984 Papa
611 1942 646 1975 &
665 1942 796 1985 Martyr
815 1940 1000 1976 Martinus.
1027 1940 1121 1974 Gras-

234 1989 327 2028 sante
350 1989 454 2025 haerefi
475 1990 759 2032 Monothelitica,
784 1992 819 2025 δε
839 1990 1035 2034 Imperatore
1053 1990 1119 2024 He-

234 2041 340 2075 raclio
363 2039 474 2083 potins
498 2038 539 2072 ad
561 2039 627 2082 ejus
648 2039 747 2081 quam
773 2040 814 2072 ad
827 2039 1030 2083 Reipublicae
1042 2047 1120 2072 tute·

235 2091 304 2124 lam
315 2089 506 2125 attendente
519 2113 528 2127 ,
554 2089 790 2123 Saracenorum
813 2087 970 2131 Princeps
991 2089 1122 2122 Homar

236 2139 356 2174 invasit
367 2137 598 2178 Antiochiam,
610 2138 879 2181 Hierosolymam
890 2162 901 2178 ‚
910 2138 1123 2178 Damascum,

237 2199 375 2223 ornnem
395 2187 462 2223 fere
483 2189 631 2230 Syriamt
659 2188 703 2223 Et
724 2188 900 2223 devastavit
921 2198 1036 2223 ornnes
1062 2188 1123 2221 Ec-

237 2239 351 2273 clesias
375 2263 384 2270 .
409 2237 474 2273 Rei
499 2237 734 2283 compendium
760 2234 930 2273 audiamus
956 2237 975 2272 a
1006 2237 1123 2272 Sanno

239 2286 471 2332 Theophane:
497 2290 555 2322 Hoc
574 2299 678 2329 anno,
703 2288 818 2332 utique
841 2285 965 2322 Christi
983 2287 1124 2323 Domini

239 2337 476 2372 sexcentesimo
488 2337 642 2381 vigesimo
652 2361 664 2379 ,
690 2338 742 2372 vel
753 2337 861 2382 potins
875 2338 1041 2383 trigesimo
1052 2362 1064 2378 ‚
1083 2338 1127 2371 se-

240 2388 370 2432 ptimo,
395 2392 546 2422 Homarus
570 2392 603 2420 in
626 2386 807 2429 Palestinam
825 2386 952 2430 sufiepit
966 2388 1127 2429 expeditio-

242 2448 332 2477 nem,
358 2437 393 2470 &
412 2435 552 2479 obfidione
566 2444 623 2479 per
640 2448 736 2471 annos
759 2438 832 2470 duos
844 2435 1030 2479 adsanc‘lam
1043 2440 1129 2469 Civi-

242 2495 340 2520 tatem
361 2491 552 2528 continuata,
582 2488 708 2521 tandem
728 2485 787 2529 fide
803 2487 969 2520 data·eam
995 2490 1028 2519 in
1049 2494 1128 2528 pote-

237 2536 346 2578 statem
373 2541 484 2577 accepit
507 2561 514 2568 .
551 2536 726 2579 sophronius
751 2547 849 2571 autem
874 2534 1128 2578 Hierosolymorum

245 2585 373 2627 Antifles
380 2585 474 2628 fidem
485 2585 523 2618 ab
533 2596 564 2619 eo
569 2594 627 2628 pro
638 2591 728 2619 totius
751 2585 909 2626 Palestinae
930 2587 1129 2620 incolumitate

242 2643 380 2678 ceperat.
409 2639 445 2668 In
466 2647 502 2668 ea
524 2646 623 2669 rerum
642 2635 813 2669 calamitate
822 2634 998 2678 sophronius
1005 2636 1128 2677 praecla-

245 2692 292 2720 ris
312 2684 417 2727 verbis
439 2686 473 2719 (5
492 2684 589 2726 Gestis
617 2684 871 2728 Hierosolymorum
893 2684 1051 2727 Ecclesiam
1060 2686 1129 2719 olim

247 2734 437 2776 amplificans
471 2758 481 2774 ,
515 2737 553 2768 cle
577 2736 708 2768 Heraclio
733 2737 767 2769 (zt
792 2734 1052 2769 Monothelitarum
1079 2734 1135 2778 ipfi

245 2784 439 2818 additurum
444 2786 656 2828 pravitatibus
667 2786 702 2819 Θ
715 2789 896 2819 commentis
907 2810 917 2826 ,
931 2787 1023 2827 deque
1034 2787 1130 2830 Sergio

248 2836 286 2869 <Et
312 2836 402 2873 Pyrro
426 2834 590 2876 confutatis
612 2857 623 2874 ,
646 2835 796 2874 clariffima
821 2834 957 2877 tropbaea
982 2835 1130 2877 referens,

249 2883 413 2926 defunctus
440 2884 499 2925 est.
526 2886 642 2918 Eodem
666 2895 744 2917 anno
770 2889 920 2920 Homarus
945 2883 1080 2928 Jasdum
1099 2890 1132 2919 in

251 2934 363 2971 syriam
373 2933 450 2975 misit
461 2958 472 2975 ,
498 2939 550 2977 qui
562 2943 653 2967 totam
664 2935 747 2968 illam
771 2935 963 2969 Provinciam
972 2940 1005 2968 in
1017 2936 1132 2969 sarace-

251 2993 358 3016 norum
374 2983 547 3024 potestatem
568 2986 694 3029 redegit.
724 2985 769 3019 Et
794 2983 834 3019 ad
861 2985 1003 3028 ejusdem
1029 2985 1132 3020 saeculi

253 3042 379 3066 annum
391 3033 591 3076 trigesimum
612 3046 740 3070 nonum
750 3034 878 3069 scribit:
906 3039 966 3068 Hoc
974 3046 1052 3069 anno
1063 3039 1133 3069 Ara·

254 3081 307 3116 bes
329 3081 512 3116 Antiochiam
532 3090 624 3116 armis
647 3093 875 3129 expugnarunt.
902 3086 1059 3129 Sequenti
1081 3096 1133 3120 an-

255 3143 303 3166 no
323 3131 509 3167 invaserunt
528 3132 828 3178 Mesopotamiam,
854 3146 891 3169 ac
910 3135 1043 3170 tandem
1064 3136 1134 3170 uni·

255 3181 379 3216 versam
400 3182 545 3226 Syriam.
572 3181 617 3216 Et
637 3184 679 3218 ad
700 3183 766 3218 haec
778 3195 923 3229 tempora
934 3185 1015 3219 reete
1027 3185 1134 3221 scribit

256 3230 292 3265 in
307 3231 529 3267 Ecclesiastico
551 3232 723 3269 Chronico
742 3235 936 3280 onuphrius
947 3235 1132 3271 Panuinus:

257 3279 514 3325 Hierosolymorum
543 3282 752 3327 Episcoporum
773 3283 898 3329 fitcceffio
921 3283 1057 3329 obscura.
1083 3286 1134 3321 Et·

259 3331 326 3367 iam
338 3331 647 3368 Antiochenorum.
674 3334 780 3370 Aliud
802 3337 891 3370 enim
915 3347 983 3370 non
998 3336 1135 3378 scimus,

262 3381 322 3416 nisi
341 3382 433 3427 quod
443 3383 590 3429 Georgio
601 3409 613 3427 ,
638 3384 679 3420 ad
690 3383 854 3422 decimum
872 3385 1064 3423 Heracliani
1076 3386 1134 3423 Im·
