2352 3756
103 2094 173 2125 lib&-
194 2107 220 2130 τ.

101 2144 146 2173 <2³1
156 2153 170 2162 ν
196 2147 240 2172 Η-

104 2635 133 2663 1².
152 2637 218 2670 432.

601 49 805 80 Dtcmuu
845 48 894 78 Er
930 46 1194 77 UNDECIMUM
1230 33 1466 78 ROMANUM
1502 37 1784 83 C0Nc1r1um,

280 128 408 159 rentiam
420 122 521 164 ferias
536 119 663 152 ac‘luris.
694 116 804 151 Etiam
823 114 1022 160 Chaganum
1037 113 1161 148 Abato-

283 184 354 208 rum
378 172 507 205 Ducem
533 169 662 208 laudat,
692 167 782 210 quod
806 177 860 210 per
882 165 1069 200 Dominicae
1090 163 1162 198 Pas·

282 224 428 257 fionis'ac
440 218 695 255 Resurrestionis
721 217 799 251 festa
821 227 897 250 cum
916 215 1098 255 Romanis,
1126 214 1163 247 li-

284 273 525 316 cetipsosfame
537 270 723 304 laborantes
752 266 883 300 haberet
907 267 941 299 in
966 276 1087 305 manu,
1115 265 1164 297 in-

283 323 397 357 ducias
408 322 518 356 fecerit
530 345 537 352 .
562 319 642 365 Qo
655 316 769 361 nempe
779 317 827 350 illi
841 317 895 349 sua
908 316 986 350 festa
998 315 1099 350 securi
1112 326 1165 358 pe·

287 382 455 417 rogerent.
484 371 622 405 Etinter
633 368 811 407 articulos,
835 364 880 398 ob
892 377 973 408 quos
996 365 1161 400 Gallicani

288 423 442 466 Episcopi
456 421 685 464 Imperatorem
710 416 920 452 Ludovicum
943 417 1031 458 pium
1054 416 1161 458 degra-

286 474 408 507 darunt
420 496 435 511 ,-
459 468 650 504 fuit&hic.·
677 471 760 511 ,Quia
769 476 870 500 contra
896 465 1097 506 Christianam
1120 476 1160 497 re-

287 525 444 566 ligionem,
469 522 617 554 &contra
629 516 824 559 vorumsuum
837 540 847 555 ,
870 514 930 556 fine
951 516 1012 548 ulla
1034 517 1161 548 utilitate

283 572 402 613 publica
413 596 423 611 ,
451 579 501 602 aut
511 578 590 603 certa
602 569 758 608 neceffimte
771 592 780 606 ,
804 575 972 607 pravorum
984 562 1093 609 consilio
1114 566 1161 597 de·

284 619 370 663 lusus
383 645 393 660 ,
420 626 452 653 in
465 620 567 653 diebus
580 616 827 662 ,Quadragefimae
840 617 1056 657 expeditionem
1074 626 1162 658 gene-

286 671 538 713 ralemfierijuffie
549 695 556 701 .
589 666 702 701 Media
718 667 807 700 enim
819 665 931 700 saecula
945 665 1036 698 istam
1064 666 1165 706 pieta-

286 732 353 755 tem
364 720 583 754 exhibuerunt
605 719 704 752 etiarn
726 715 1007 763 Qadragelimae.
1035 713 1160 757 Pagani

284 769 395 804 adhuc
408 770 543 814 Bulgari
555 768 700 802 solebant
712 766 867 809 quosdam
890 765 959 798 dies
980 762 1036 795 sibi
1057 765 1160 809 cense-

282 819 509 857 seinfaustos,
534 818 677 859 ideoque
702 816 766 848 illis
790 826 858 848 non
885 814 1039 856 praeliari.
1070 813 1161 847 Hinc

284 869 496 911 quaestionem
509 865 595 900 hanc
609 865 788 899 retulerunt
802 863 947 896 Nicolao
959 862 1065 906 primo
1076 864 1162 897 Pon-

285 919 371 952 tifici
395 943 401 950 .
435 917 476 951 Et
500 915 555 950 hic
575 914 738 958 respondit
763 912 886 947 dierum
903 912 1162 948 observationem

285 969 348 1003 else
370 968 558 1001 damnatam
580 965 621 999 ab
643 963 841 1008 Evangelica
875 963 947 1007 lege
968 964 1163 1006 superstitio-

288 1028 382 1057 nem,
409 1018 531 1051 addens
549 1015 747 1050 Dominicos
773 1013 898 1047 nostros
922 1014 954 1046 δε
975 1014 1056 1047 alios
1078 1014 1162 1048 festi-

287 1079 344 1101 vos
353 1067 420 1101 dies
431 1068 492 1102 effe
503 1065 686 1108 prael-iorum
709 1063 906 1097 abstinentia
929 1062 1139 1097 honorandos
1152 1089 1162 1103 ‚

287 1119 345 1151 nisi
360 1129 456 1161 cogat
469 1114 665 1149 inevitabilis
683 1114 846 1147 neceffitas
862 1138 870 1145 .
901 1113 1034 1155 Utique
1044 1115 1083 1147 ad
1098 1114 1160 1148 bel-

284 1168 356 1201 lum
367 1167 585 1201 defenfivurn.
613 1163 716 1212 Qod
727 1164 830 1206 ipsum
843 1163 1010 1206 respondit
1022 1163 1062 1197 de
1074 1164 1158 1208 Qa-

285 1217 478 1262 dragefima.
506 1217 548 1249 Et
561 1216 676 1249 Ovoni
690 1214 927 1257 Hungarorum
941 1214 1048 1257 Regi,
1071 1213 1158 1256 quod

288 1267 577 1315 Qadragefimam
588 1263 726 1299 caedibus
738 1263 900 1308 polluiflet
909 1289 920 1304 ‚
950 1264 1060 1307 Regni
1074 1263 1161 1296 arnis—

285 1318 409 1351 sionem
436 1315 582 1360 praedixit
604 1316 737 1350 Sanitus
760 1312 920 1348 Gerardus
941 1312 1162 1347 Chanodenfis

286 1367 485 1410 Episcopus.
516 1367 559 1399 Et
579 1362 753 1408 Prophetia
776 1364 886 1397 evenit
905 1387 912 1394 .
937 1362 985 1397 Ita
1007 1362 1104 1397 habes
1127 1364 1159 1397 in

285 1403 382 1459 huju}
409 1418 472 1450 vita
498 1414 583 1458 apud
617 1414 830 1448 Laurentium
858 1413 987 1447 Surium
1012 1437 1019 1444 .
1058 1414 1160 1461 Qiod

283 1467 384 1500 etiam
408 1467 615 1500 dominantes
628 1465 661 1497 in
678 1463 770 1497 Italia
784 1463 988 1496 Nortmanni
1007 1475 1060 1506 per
1070 1464 1162 1512 Qa-

284 1515 496 1560 dragesimam
508 1527 576 1548 non
590 1514 768 1554 bellarent,
793 1513 923 1547 testatur
936 1513 970 1545 in
986 1513 1101 1546 litteris
1122 1514 1161 1547 ad

255 1571 260 1578 ·
286 1565 488 1599 Defiderium
514 1564 733 1599 Caffinensern
758 1562 921 1597 Abbatem
941 1563 1049 1597 noster
1070 1564 1162 1606 septi-

284 1625 356 1648 mus
383 1616 563 1658 Gregorius
581 1639 591 1654 ,
633 1623 751 1657 rogans
772 1613 847 1646 illos
872 1614 1010 1646 suaviter
1028 1613 1162 1652 induci,

232 1700 240 1707 ,
284 1674 320 1697 ut
332 1665 479 1699 adversus
493 1657 730 1705 Henricianarri'
747 1674 783 1695 ac
805 1661 1033 1695 Guibertinam
1056 1663 1160 1695 factio·

286 1726 359 1748 nem
382 1715 484 1748 velint
507 1711 736 1756 dispensatorie
750 1709 834 1744 hanc
846 1711 999 1753 pietatem
1013 1722 1100 1744 nunc
1115 1712 1161 1744 in-

282 1764 459 1804 terpolare.
488 1763 544 1798 Ob
565 1763 743 1795 extremam
762 1761 921 1794 Romanae
946 1761 1094 1794 Ecoleflae
1111 1772 1164 1794 ne-

282 1814 475 1847 ceilitatem.
503 1812 601 1846 lstarn
623 1811 672 1844 illi
696 1810 848 1854 pietatem
871 1811 975 1843 secum
997 1821 1036 1843 ex
1053 1810 1161 1844 Gallia

282 1865 486 1898 detulerunt.
517 1862 560 1895 Et
583 1861 623 1894 de
649 1861 695 1894 sui
718 1859 872 1901 temporis
894 1871 932 1893 ac
955 1860 1063 1903 gentis
1086 1860 1163 1893 cala·

281 1914 395 1946 mitate
421 1911 530 1944 scribit
551 1910 587 1943 in
613 1909 756 1953 generali
786 1907 919 1942 historia
941 1910 1026 1942 Otto
1049 1909 1163 1943 Frifin-

282 1963 389 2008 geniis
410 1960 613 2004 Episcopus:
640 1960 730 2001 Apud
749 1969 799 1991 nos
824 1967 886 1991 tam
904 1966 983 1991 tetra
1000 1962 1071 1999 jam
1082 1961 1161 1992 vide-

281 2023 331 2046 tur
355 2010 496 2052 confusio,
523 2019 557 2042 ut
581 2020 638 2041 non
650 2008 747 2049 solum
769 2009 879 2050 reliquo
889 2014 962 2039 anni
972 2010 1075 2041 circulo
1088 2011 1162 2042 milt-

283 2073 328 2095 τω·
343 2062 499 2103 praeda&
511 2060 643 2092 incendio
653 2057 756 2090 cunila
777 2055 992 2099 permisceant,
1013 2056 1070 2100 sed
1087 2060 1160 2092 &in

283 2111 344 2155 ipso
359 2107 616 2154 ,Quadragefimali
639 2118 672 2139 ac
690 2106 892 2140 Poenitentiali
914 2115 1040 2148 tempore
1060 2117 1161 2140 contra

281 2164 430 2195 humanas
442 2172 475 2193 ac
487 2163 620 2192 Divinas
633 2159 709 2201 leges
720 2155 864 2199 desaevire
874 2167 930 2188 non
937 2157 1159 2198 pertimefiant.

283 2214 327 2247 Et
354 2212 394 2244 de
417 2209 588 2245 Frederico
612 2209 717 2251 primo
741 2207 937 2250 Imperatore
960 2230 971 2246 ,
1006 2208 1156 2242 rebellem

281 2261 477 2295 Terdonam
497 2258 666 2292 obsidente
689 2282 699 2298 ,
727 2257 835 2291 scribit
854 2258 887 2290 in
913 2268 1010 2299 opere
1031 2258 1071 2291 de
1089 2258 1157 2301 ejus

281 2312 390 2351 Gestis
405 2324 414 2343 :
442 2307 706 2351 appropinquabat
719 2305 860 2349 Paschale
865 2306 974 2347 festum
986 2332 996 2347 ,
1024 2310 1056 2341 (vs
1071 2310 1156 2340 Prin.

280 2370 348 2403 ceps
375 2360 534 2402 Religionis
559 2362 672 2390 intuitu
694 2366 821 2398 quatuor
842 2357 942 2390 diebus
959 2382 969 2397 ,
999 2359 1036 2389 id
1052 2357 1088 2396 est
1101 2382 1111 2397 ,
1136 2360 1155 2390 ἆ

282 2417 392 2453 quinta
402 2413 503 2442 Coenae
518 2412 637 2440 Domini
640 2407 729 2448 feria
739 2432 749 2447 ,
777 2405 865 2449 usque
878 2408 1076 2448 adproximae
1098 2411 1157 2440 Pa-

276 2459 388 2504 schalis
409 2458 600 2492 bebdomadae
618 2455 925 2499 secundamferiam,
950 2456 988 2488 ab
1014 2461 1091 2489 arcis
1103 2462 1156 2490 im-

277 2514 458 2554 pugnatione
470 2507 634 2551 ceffandum
643 2506 748 2547 statuit
765 2530 770 2537 .
792 2506 834 2540 Et
856 2507 896 2540 de
910 2505 1075 2550 Stephano
1088 2507 1155 2541 An·

281 2562 415 2606 glorum
426 2559 518 2602 Rege
537 2556 645 2591 scribit
668 2558 818 2599 Rogerus
842 2554 1046 2589 Hovedenfis
1060 2569 1070 2589 :
1097 2560 1156 2591 ste-

276 2611 399 2653 pbanus
414 2614 444 2641 ln
455 2612 483 2640 V
482 2609 562 2651 igilia
575 2608 702 2639 Natali:
714 2609 854 2645 Domini,
883 2607 916 2639 <5
929 2611 960 2637 in
972 2613 1029 2638 toto
1045 2609 1155 2640 Natali

259 2657 261 2661 ⁴
282 2661 395 2704 obsedit
409 2657 620 2698 Redefhrdiam
635 2682 641 2688 .
671 2656 764 2699 ‚Quod
772 2661 864 2687 etiam
874 2656 974 2687 multIs
987 2654 1155 2700 displicuisse

281 2715 344 2745 Deo
358 2708 456 2751 visum
465 2708 502 2748 est
515 2732 524 2747 ‚
551 2711 622 2749 quia
632 2704 831 2748 solemnitates
838 2704 1057 2747 solemnitatum
1060 2713 1154 2747 parvi

281 2762 335 2794 vel
344 2759 429 2792 nihili
437 2757 595 2800 pendebat.
623 2755 835 2798 Reynoldum
849 2755 1013 2788 Colonien
1021 2756 1081 2789 sem
1095 2756 1154 2790 Ar-

279 2809 520 2853 chiepiscopum
534 2832 543 2846 ,
572 2805 740 2840 hominem
758 2804 994 2838 schismaticum
1016 2806 1048 2838 ὃς
1061 2805 1152 2848 plene

278 2859 465 2895 Martialem
477 2880 488 2897 ‚
514 2857 601 2901 quod
613 2866 720 2890 tamen
734 2856 766 2888 in
780 2855 986 2888 Pentecostes
1003 2854 1083 2888 festo
1096 2868 1154 2891 no-

278 2911 376 2945 luerit
386 2908 592 2943 committere
604 2905 864 2950 prelium,laudat
874 2904 1069 2938 Godefridus
1079 2906 1153 2941 Mo-

279 2958 403 2995 nachus
414 2958 518 2992 Sancti
534 2956 763 2990 Pantaleonis.
787 2955 829 2988 Et
840 2954 1068 2996 Imperatorem
1080 2957 1152 2991 Fre-

278 3010 423 3045 dericurn
448 3007 624 3041 secundum
638 3031 648 3047 ,
676 3006 765 3049 quod
785 3005 820 3038 in
848 3005 971 3038 festivis
982 3005 1094 3040 diebus
1105 3009 1152 3041 of-

278 3060 395 3094 fenfiva
411 3058 516 3101 praelia
529 3058 630 3100 egerit
647 3079 656 3094 ,
675 3056 812 3100 graviter
834 3055 938 3099 arguit
964 3055 1151 3090 Monachus

278 3110 469 3143 paduanus.
500 3107 541 3138 Et
553 3107 593 3139 de
620 3105 855 3139 Erfurtensibus
874 3116 987 3138 contra
1012 3106 1150 3140 Frederi·

278 3171 354 3195 cum
368 3159 460 3191 suum
473 3155 704 3198 Lantgravium
718 3153 913 3188 bellantibus
941 3154 1047 3188 scribit
1069 3158 1149 3190 anti-

277 3222 340 3251 qua
354 3206 626 3250 Lantgraviorum
640 3202 791 3238 historia:
820 3209 885 3237 Nec-
907 3204 1026 3244 festivir
1048 3207 1147 3239 diebm

273 3266 463 3302 pepercerunt
484 3279 490 3285 .
514 3254 667 3297 Princeps
689 3255 795 3287 noster
814 3254 952 3287 Carolus
977 3255 1092 3287 Audax
1114 3258 1145 3289 in

275 3312 357 3346 festo
370 3304 575 3340 Pentecostes
590 3303 701 3337 invasit
727 3304 894 3339 civitatem
912 3305 1144 3341 Leodiensem:

378 3355 480 3396 Christ.
499 3358 575 3397 Lupi
588 3358 685 3398 Opera
699 3355 783 3388 T.V1.

1934 58 1953 99 3
1969 56 2029 101 37

1226 113 1468 157 Etintercepit.
1498 118 1691 153 Leodienses
1702 130 1782 154 tunc
1792 119 1838 154 ob
1851 121 2030 156 festivitatis
2052 134 2095 156 re-

1225 163 1403 197 verentiam
1419 175 1484 196 non
1496 167 1635 201 timuisse
1645 171 1781 203 affirmat
1792 169 1961 213 Philippus
1982 173 2097 206 Comi-

1227 225 1330 247 naeus.
1359 213 1504 246 Plurima
1516 215 1589 247 sunt
1602 215 1944 264 hujusmodiexempia
1958 244 1966 251 .
1996 220 2097 256 Avita

1227 265 1326 307 pietas
1334 263 1379 297 est
1392 263 1488 297 nobis
1498 264 1686 297 resumenda
1696 291 1703 297 .

1275 315 1327 348 De
1345 315 1426 349 faila
1445 339 1455 354 ,
1481 313 1514 347 &
1537 324 1592 356 per
1616 312 1777 349 Abbatem
1799 320 2037 364 Uspergenstm
2061 331 2099 354 ac

1227 363 1443 397 Bettholdum
1456 362 1738 397 Constantiensem
1750 365 1874 400 laudata
1898 370 2098 413 imperatoris

1227 414 1339 447 Alexii
1354 414 1521 448 Comneni
1533 412 1574 446 ad
1587 412 1768 447 Henricum
1782 415 1905 459 Regem
1919 419 2098 462 Legatione

1226 462 1316 497 addit
1342 464 1376 498 in
1402 464 1594 497 Caffinenfis
1615 462 1809 498 Monasterii
1834 464 1999 500 Chronico
2027 469 2097 502 Leo

1228 514 1409 547 Hostienfis
1422 514 1618 556 Episcopus:
1648 521 1708 549 Hoc
1718 515 1841 555 audito,
1869 515 1982 556 utique
2003 516 2096 558 plena

1227 563 1333 597 Roma
1340 576 1383 597 nae
1397 563 1536 597 civitatis
1547 562 1734 606 captivitate
1745 565 1776 598 &
1789 564 1940 598 Guiberti
1953 565 2096 598 intrusio-

1228 625 1268 647 ne
1278 639 1289 654 ,
1316 625 1412 647 omnes
1416 613 1488 655 fere
1498 612 1618 649 istarum
1624 620 1760 654 partium
1771 613 1900 648 homines
1910 625 1965 647 uno
1974 619 2072 647 animo
2084 640 2096 656 ,

1225 674 1342 705 unaque
1353 666 1505 697 voluntate
1515 671 1615 696 contra
1640 671 1846 699 Nortmannos
1869 663 2095 707 conspirarunt,

1226 722 1259 746 ut
1272 715 1335 746 cum
1344 717 1510 755 Imperator
1521 715 1647 747 Romam
1658 713 1811 756 tranfiiffiet
1821 739 1831 755 ‚
1860 726 1959 748 omnes
1978 719 2010 747 in
2032 716 2096 747 illos

1225 768 1411 797 unamimiter
1423 762 1641 807 consurgerent.
1669 764 1761 806 ,Quod
1768 765 1812 796 illi
1823 763 2033 807 cognoscentes,
2058 766 2093 798 Θ·

1228 814 1335 847 malum
1358 820 1495 847 timentes
1514 839 1524 854 ‚
1550 822 1721 855 acceperunt
1740 812 1881 854 confilium
1902 819 1978 847 inter
1983 813 2016 857 se
2023 837 2034 853 ‚
2060 823 2096 848 ut

1219 862 1244 903 fi
1264 875 1320 905 quo
1343 865 1425 897 modo
1440 865 1554 907 poffi’nt
1573 889 1584 904 ,
1605 863 1713 905 faedus
1736 875 1799 897 cum
1819 863 1947 897 Henrico
1967 868 2097 905 Impera·

1227 921 1287 945 tore
1298 922 1518 955 componerent,
1546 916 1673 948 dieentes
1693 939 1704 954 ‚
1730 916 1814 956 ‚Quia
1832 914 1985 956 postquam
2005 918 2098 955 Impe-

1227 971 1307 995 rator
1331 963 1458 996 Romam
1474 964 1628 1005 habuerit,
1653 966 1766 998 nullam
1787 965 1908 998 ulterius
1927 963 1966 997 ab
1976 976 2008 998 eo
2013 962 2097 1007 spem

1227 1011 1397 1046 babebimus
1418 1038 1429 1054 ,
1452 1013 1510 1057 sed
1521 1015 1647 1054 junoqus
1667 1015 1814 1049 Romanis
1832 1017 1867 1049 ό·
1888 1019 2001 1048 caeteris
2020 1019 2098 1048 circa

1228 1063 1437 1103 manentibus,
1463 1076 1560 1098 omnes
1586 1077 1637 1098 nos
1663 1067 1701 1098 de
1710 1065 1849 1106 partibus
1872 1065 1932 1098 illis
1957 1065 2097 1106 expellet.

1229 1115 1324 1155 ,Quod
1338 1114 1492 1156 postquam
1517 1117 1679 1149 uallatum
1702 1121 1777 1148 inter
1797 1127 1844 1148 eos
1865 1113 2028 1157 &positum
2039 1113 2098 1154 est,

1229 1165 1262 1195 (o'
1286 1170 1383 1195 nuntii
1402 1175 1497 1196 eorum
1521 1164 1556 1196 ob
1574 1164 1625 1196 boc
1646 1166 1690 1196 ad
1711 1167 1918 1205 Imperatorem
1940 1169 2039 1198 ierant
2064 1165 2101 1198 ὢ·

1228 1213 1401 1252 redierant,
1427 1215 1543 1245 demum
1564 1224 1746 1247 vocaverunt
1765 1218 1888 1248 Patrem
1900 1213 2077 1256 Defiderium
2087 1237 2100 1253 ,

1229 1263 1263 1295 (5
1295 1268 1367 1304 quia
1393 1269 1539 1296 neminem
1561 1265 1652 1296 alium
1679 1271 1710 1297 in
1735 1264 1783 1297 his
1804 1266 1944 1306 partibus
1966 1270 2101 1298 invenire

1226 1321 1389 1352 poterant,
1416 1318 1448 1345 in
1467 1324 1523 1354 quo
1543 1314 1682 1356 confidere
1700 1316 1872 1357 potmffent‚
1898 1317 1932 1348 ὦ·
1949 1316 1986 1347 de
2006 1326 2036 1348 eo
2051 1312 2102 1356 sie·

1229 1367 1269 1393 tis
1286 1362 1417 1403 fideliter
1435 1361 1680 1405 pra-sumebant,
1706 1371 1805 1396 omnia
1826 1369 1873 1404 ei,
1899 1376 1968 1405 quae
1979 1363 2104 1404 consilia-

1229 1417 1254 1443 ti
1267 1411 1397 1452 fuerant
1417 1437 1426 1452 ,
1452 1415 1642 1446 crediderunt
1665 1439 1675 1453 ,
1707 1414 1860 1455 secumque
1881 1416 1926 1446 aol
1946 1419 2102 1455 Imperato-

1228 1472 1289 1493 rem
1309 1468 1351 1494 ire
1374 1462 1483 1495 hortati
1500 1462 1591 1505 sunt.
1622 1467 1667 1495 Et
1690 1465 1756 1496 licet
1770 1473 1894 1506 propter
1911 1462 2103 1506 securitatem

1224 1509 1409 1553 suamfinem
1421 1524 1484 1544 cum
1507 1518 1683 1554 Imperatore
1704 1522 1902 1554 componerent
1914 1538 1924 1552 ‚
1951 1525 1982 1546 eo
2001 1523 2102 1547 tamen

1229 1568 1326 1593 animo
1343 1562 1503 1595 veniebant
1515 1588 1525 1603 ‚
1553 1573 1584 1595 ut
1600 1562 1688 1605 causa
1704 1565 1863 1606 fidelitatis
1884 1564 2033 1597 Romame
2045 1568 2104 1597 Ec-

1228 1611 1315 1652 clefiae
1327 1614 1364 1645 de
1373 1618 1535 1653 pateinter
1551 1613 1722 1655 Pontificem
1733 1626 1766 1646 ac
1788 1619 2001 1655 Imperatorem
2017 1609 2104 1657 sata-

1225 1672 1331 1703 gerent
1342 1687 1349 1693 .
1378 1663 1445 1694 Hoc
1458 1663 1509 1694 ubi
1518 1666 1654 1706 Gregorio
1670 1666 1766 1705 Papae
1786 1667 1960 1696 nuntiatum
1972 1663 2010 1704 est
2022 1689 2032 1704 ,
2053 1662 2102 1706 su·

1227 1717 1286 1749 pm
1297 1710 1406 1741 dit-'lum
1421 1715 1629 1750 Imperatorem
1643 1724 1704 1744 cum
1715 1714 1847 1746 omnibus
1854 1713 1917 1755 fiiis
1924 1713 2101 1756 sequacibur

1228 1759 1415 1792 &liminibus
1426 1760 1559 1801 Ecclefiae
1561 1758 1736 1802 separavit.
1766 1764 1832 1795 Hoc
1842 1764 1892 1794 ubi
1915 1769 2101 1796 Nortmanni

1225 1806 1427 1850 persenserunt
1440 1834 1450 1848 ,
1477 1822 1573 1842 omnes
1586 1817 1635 1852 qui
1640 1810 1848 1854 supradidlum
1860 1816 1946 1846 Ponti
1943 1813 2026 1855 ficem
2049 1826 2101 1846 an-

1229 1866 1278 1890 tea
1282 1857 1429 1898 sinceriter
1440 1870 1473 1892 ac
1491 1859 1619 1900 fideliter
1642 1862 1806 1905 diligebant
1819 1887 1830 1902 ,
1857 1864 1896 1895 ab
1918 1875 1948 1896 eo
1970 1875 2009 1896 ex
2029 1874 2099 1897 tunc

1228 1915 1341 1950 corpore
1364 1911 1397 1943 Θ·
1420 1916 1517 1943 animo
1539 1913 1723 1954 recesserunt.
1751 1913 1803 1946 De
1824 1923 1960 1956 utraque
1986 1914 2098 1947 Sicilia

1228 1958 1350 1991 dudum
1364 1962 1603 1995 contenderunt
1625 1963 1750 2003 Graeci,
1777 1964 1948 2004 Saraceni,
1977 1965 2099 1998 Roma-

1228 2019 1288 2041 nus
1301 2009 1454 2043 Pontifex
1466 2036 1475 2051 ‚
1501 2011 1533 2044 ὃς
1545 2011 1683 2045 Latinus
1695 2013 1872 2054 Imperator
1889 2025 1896 2044 :
1929 2014 1969 2046 Et
1980 2012 2099 2056 singuli

1228 2058 1294 2091 illic
1309 2058 1487 2094 habuerunt
1498 2061 1638 2103 aliquid.
1668 2060 1829 2096 Robertus
1841 2062 2035 2096 Guiscardus
2045 2075 2098 2097 ex-

1227 2107 1310 2150 pulit
1322 2119 1457 2141 omnes:
1485 2109 1528 2142 Et
1543 2110 1610 2151 post
1626 2111 1723 2154 longa
1737 2111 1821 2144 bella
1833 2114 1956 2154 accepit
1969 2112 2042 2146 istas
2052 2113 2101 2147 di-

1226 2156 1331 2190 tiones
1342 2156 1382 2191 de
1395 2169 1493 2191 manu
1506 2159 1637 2192 Nicolai
1652 2161 1780 2193 secundi
1803 2161 1973 2194 Pontificis
1993 2162 2028 2194 in
2049 2162 2099 2198 be<

1226 2208 1400 2249 neficium‚
1429 2208 1553 2242 &fecit
1572 2208 1620 2241 illi
1643 2209 1753 2253 ligiam
1777 2211 2022 2253 profeflionem.
2053 2213 2096 2247 Et

1224 2258 1267 2291 sic
1281 2258 1393 2291 mansit
1407 2258 1465 2292 sub
1476 2259 1613 2292 aliorum
1625 2259 1723 2293 trium
1734 2258 1831 2294 odio.
1860 2261 2005 2296 Bellabat
2015 2272 2094 2299 tunc

1226 2308 1259 2340 in
1282 2310 1469 2342 Graecorum
1497 2309 1638 2352 Imperio
1661 2334 1671 2348 ‚
1707 2322 1838 2344 omnem
1867 2312 1932 2345 fere
1957 2312 2092 2355 Epirum

1226 2357 1408 2401 subjugarat
1420 2370 1456 2392 ac
1468 2358 1702 2393 Macedoniam
1715 2384 1725 2399 ,
1752 2361 1784 2394 δε
1807 2362 1997 2396 imminebat
2020 2364 2094 2399 urbi

1223 2407 1597 2452 Constantinopolitanae
1626 2434 1632 2441 .
1670 2410 1762 2444 Hinc
1782 2412 1918 2445 Henrici
1941 2411 2089 2448 adversus

1222 2458 1394 2501 septimum
1413 2458 1609 2503 Gregorium
1622 2461 1798 2503 progressus
1809 2462 1941 2495 audiens
1955 2464 2092 2500 Alcxius

1221 2508 1414 2542 comnenus
1425 2533 1435 2548 ,
1461 2520 1536 2542 cum
1549 2509 1605 2541 illo
1619 2511 1702 2551 patra
1715 2511 1797 2546 inire
1811 2524 1863 2554 per
1876 2512 2016 2557 Legatos
2028 2515 2091 2550 stu-

1220 2557 1290 2590 duit
1311 2582 1321 2598 ,
1349 2559 1575 2592 Nortmannos
1595 2559 1709 2602 ejicere
1730 2573 1771 2594 ex
1792 2561 1884 2596 Italia
1906 2588 1915 2603 ,
1946 2565 2086 2606 ipsorum

1219 2606 1360 2641 ditiones
1377 2608 1519 2642 dividere
1534 2610 1615 2642 inter
1634 2618 1807 2654 utrumque
1831 2613 2027 2655 Imperium,
2052 2617 2085 2650 δε

1220 2657 1387 2699 praesertim
1401 2659 1468 2691 suas
1479 2658 1668 2693 Provincias
1680 2660 1810 2694 liberare
1821 2662 1862 2695 ab
1875 2664 2015 2705 ipsorum
2039 2677 2086 2699 ar-

1219 2708 1299 2741 mis.
1328 2708 1370 2741 Et
1393 2707 1595 2742 Nortmanni
1621 2710 1800 2744 timuerunt
1821 2736 1826 2742 .
1857 2713 1948 2746 Hinc
1965 2716 2086 2758 cogita-

1218 2768 1291 2791 runt
1305 2757 1416 2801 ligiam
1430 2759 1652 2801 professionem
1667 2761 1754 2794 suam
1770 2760 1878 2804 postha
1886 2761 1957 2796 bere
1970 2788 1979 2803 ‚
2006 2766 2086 2799 Gre-

1216 2808 1345 2850 gorium
1358 2819 1412 2841 aut
1424 2820 1499 2842 cum
1514 2810 1660 2843 Henrico
1670 2810 1845 2845 conciliare
1855 2823 1909 2845 aut
1922 2812 2060 2848 deserere
2071 2840 2083 2856 ,

1214 2857 1336 2891 &tunc
1348 2858 1403 2900 ipsi
1418 2870 1492 2892 curn
1507 2859 1567 2893 isto
1580 2859 1731 2904 Principe
1741 2873 1778 2895 ac
1800 2861 1995 2897 Germanico
2018 2865 2080 2898 Im-

1215 2908 1304 2951 perio
1315 2909 1414 2941 redire
1429 2908 1460 2941 in
1472 2910 1626 2953 gratiam.

1263 2958 1306 2991 Et
1323 2958 1361 2991 ad
1376 2957 1439 2993 haec
1462 2961 1575 2993 omnia
1598 2958 1774 3004 diffipanda
1798 2962 1975 3006 Gregorius
1998 2964 2081 2998 cele-

1214 3007 1316 3041 bravit
1330 3009 1418 3042 suam
1430 3008 1589 3043 decimam
1601 3012 1769 3052 Synodum
1782 3037 1791 3051 ,
1819 3012 1907 3053 cujus
1921 3012 1999 3046 Aeta
2011 3014 2078 3056 jam

1215 3057 1309 3091 nobis
1323 3057 1460 3093 breviter
1473 3059 1577 3093 edixit
1591 3061 1659 3094 Leo
1682 3061 1858 3094 Hostiensis
1881 3062 2075 3105 Episcopus,

1212 3109 1244 3141 ὅ(
1254 3119 1421 3151 parumper
1430 3108 1549 3154 largius
1560 3108 1708 3144 describit
1719 3110 1910 3144 Bertholdus
1919 3110 2078 3147 Constan-

1212 3158 1338 3191 tienlis:
1367 3161 1508 3192 Dominus
1522 3163 1608 3201 Papa
1622 3185 1631 3199 ,
1654 3161 1765 3194 collet‘la
1778 3162 1796 3192 5
1791 3162 1884 3197 ynodo
1894 3166 1998 3194 iterum
2008 3165 2076 3196 sen-

1212 3214 1334 3240 tentiam
1345 3208 1545 3242 anathematis
1567 3216 1598 3241 in
1622 3210 1794 3243 Guibertum
1819 3209 2073 3254 Haerssrrcbum,

1211 3260 1243 3291 ὢ·
1256 3258 1419 3291 Henricum
1441 3283 1451 3298 ,
1485 3262 1518 3291 (τ’
1541 3270 1639 3291 omnes
1661 3272 1755 3293 eorum
1770 3260 1906 3299 fautores
1912 3264 2077 3306 promulga-

1211 3314 1257 3341 vit
1267 3333 1277 3349 ,
1306 3310 1384 3351 quod
1395 3310 1427 3342 (π
1439 3315 1470 3341 in
1474 3307 1548 3350 fello
1559 3309 1657 3341 Sanc‘t'i
1661 3314 1693 3354 J
1697 3315 1802 3344 oannis
1811 3310 1956 3352 Baptlstae
1963 3320 2075 3353 prase-

1610 3361 1637 3393 F
1662 3361 1681 3394 f
1974 3368 2029 3394 rito
