2352 3756
356 137 449 193 396

275 229 389 253 contra
415 216 646 261 Apostolicum
666 227 704 250 ac
734 216 861 251 sextum
894 214 1068 248 Nicaenum
1095 213 1158 245 Ca-

277 281 420 304 nonem:
447 269 530 301 Illud
547 279 647 301 autem
663 268 842 312 generaliter
862 267 972 298 clarum
994 262 1032 300 est
1045 286 1055 301 ‚
1081 264 1159 302 quod

268 318 299 362 fi
313 326 379 362 quis
399 327 512 360 praeter
530 317 714 361 sententiam
732 317 928 356 Metropolrtae
945 310 1154 354 fuerttfaHus

276 368 442 412 Ep‘scopus
466 391 477 408 ‚
502 367 580 402 bunc
605 379 713 412 magna
728 367 856 405 synodus
878 362 1016 403 definivit
1038 360 1144 404 Eptsco

269 430 346 464 pum
354 419 407 462 effe
422 430 480 452 non
491 427 622 461 oportere
632 444 639 451 .
666 419 725 451 Per
737 413 986 455 Metropolitam
999 411 1154 455 intelligit

273 469 518 504 Patriarcham..
541 469 586 503 Et
607 468 684 501 hinc
707 465 794 497 vides
815 462 913 496 istum
926 472 1049 495 morem
1060 462 1154 496 fuine

272 522 450 565 precariam
469 520 605 565 gratiam
620 540 629 555 ‚
656 514 789 548 &illius
801 513 942 557 primum
964 513 1154 547 immutato-

272 582 339 606 tem
353 570 445 605 fuisse
468 571 607 613 primum
621 565 795 608 Pelagium
806 588 813 595 .

323 622 426 670 Qod
445 621 547 662 ipsum
561 616 732 659 infigniter
746 615 832 648 lucet
853 625 894 647 ex
907 611 1079 658 privilegio
1091 612 1154 646 Ti-

273 671 410 706 cinenfis
423 667 587 703 Ecclefiae.
618 665 696 708 Ejus
709 665 908 707 Episcopum
928 663 1021 697 fuisse
1043 666 1058 696 a
1073 664 1152 697 San-

271 723 326 756 ἑὶο
341 718 511 753 Ambrofio
531 718 757 751 consecratum
784 715 917 749 testatur
937 715 970 746 in
987 713 1075 747 illius
1088 715 1151 746 vita

272 767 623 809 PaulinusPresbyter
651 791 661 807 ,
687 766 721 800 ὃς
742 777 852 799 tamen
881 765 913 796 in
938 762 1152 798 Constantini

272 818 445 854 Pontificis
458 819 523 851 vita
534 817 645 851 scribit
659 815 841 849 Anastasius
855 813 1130 847 Bibliothecarius
1146 826 1153 845 z

271 873 399 903 Romam
422 875 510 902 venit
537 870 570 901 ὦ*
593 866 774 900 Beneditlus
800 863 1024 903 Mediolanensi}
1051 864 1150 897 Archi-

272 918 438 963 Episcopus
451 923 592 951 orationis
605 925 671 950 voto
684 942 694 957 ,
722 918 755 950 &
763 914 813 959 suo
831 913 864 958 se
879 913 1014 955 Pontifict
1022 914 1152 958 praesen-

269 978 357 1004 tare.
387 972 551 1002 Altercavtt
562 969 632 1001 vero
657 969 756 1009 &pro
779 964 901 1007 Ecclesia
919 965 1076 1006 Ticinenfi‚
1099 963 1156 1008 sed

270 1021 371 1054 vietus
383 1020 442 1059 est,
467 1021 500 1052 εό
510 1019 591 1061 quod
611 1020 631 1050 ἃ
638 1016 746 1060 priscis
771 1015 948 1057 temporibus
971 1017 1057 1049 Sedis
1081 1021 1153 1057 Apo-

262 1070 379 1111 stolice,
405 1067 537 1113 ejusdem
549 1067 703 1110 Ticinenfis
719 1066 854 1108 Ecclesiae
879 1066 1006 1106 antistes
1028 1067 1072 1098 ad
1088 1077 1153 1098 con-

263 1119 442 1164 ficrandum
448 1118 618 1162 pertinebat
641 1128 730 1161 atque
740 1122 906 1159 pertinuit.
935 1116 1023 1162 Qa
1038 1115 1153 1158 nempe

266 1174 340 1214 quis
363 1171 432 1214 post
445 1171 553 1204 Sansti
578 1167 740 1202 Ambrofii
761 1178 906 1211 tempora
921 1166 1078 1200 Pontifex
1091 1166 1139 1200 Ti

265 1221 446 1254 cinenfium
484 1220 655 1264 Episcopis
683 1218 814 1252 dederat
839 1217 1002 1251 honorem
1029 1216 1149 1256 Pallii,

263 1271 298 1305 ἀ
312 1271 523 1315 privilegium
545 1270 648 1313 plenz
669 1268 911 1312 exemptionis.
940 1267 1034 1301 Hinc
1051 1267 1149 1300 etiam

263 1321 461 1355 Lintardum
482 1319 697 1356 Ticinensem
722 1319 921 1362 Episcopum
944 1316 1036 1351 fuiffe
1060 1317 1149 1351 aNi-

264 1373 362 1406 colao
389 1374 495 1416 primo
517 1372 741 1406 consecratum
769 1369 902 1402 testatur
919 1367 951 1400 in
978 1367 1072 1409 hujus
1085 1368 1148 1400 vita

262 1421 351 1456 idem
372 1421 577 1456 Anastasius.
609 1422 651 1455 Et
670 1421 711 1454 ita
734 1419 796 1452 fuit
821 1420 923 1461 usque
942 1417 983 1452 ad
1006 1417 1151 1451 Alexan-

262 1473 359 1506 drum
371 1473 503 1506 tertium
519 1497 528 1511 ‚
555 1471 611 1514 qui
637 1470 809 1514 papienses
833 1469 1034 1512 Epistopos,
1062 1466 1148 1512 quod

260 1522 434 1557 octaviani
457 1521 594 1555 schisma
613 1520 647 1553 ὃς
671 1520 877 1563 imperatoris
899 1519 1060 1553 Frederici
1085 1518 1149 1552 vio-

261 1573 381 1607 lentias
396 1572 588 1606 sectaremur
600 1596 611 1612 ‚
638 1569 766 1605 honore
781 1570 880 1604 Pallii
901 1570 935 1603 δε
948 1569 1055 1603 sancto
1068 1567 1149 1602 Cru-

259 1625 307 1656 cis
330 1622 467 1657 Vexillo
497 1622 634 1665 privavit
661 1645 671 1661 ,
697 1632 734 1654 ac
757 1619 899 1654 reddidit
922 1618 1150 1662 Metropolitis

259 1673 564 1707 Mediolanensibus
578 1698 584 1705 .
615 1671 724 1705 Etiam
737 1671 776 1704 de
789 1671 916 1713 joanne
931 1671 1050 1713 quinto
1063 1667 1149 1702 Pon-

261 1725 349 1759 tifice
359 1724 470 1758 scribit
494 1724 574 1758 liber
589 1721 817 1757 pontificalis:
837 1722 982 1764 Joannes
993 1719 1056 1759 past
1078 1720 1148 1750 mul-

260 1786 356 1808 torum
390 1786 535 1807 annorum
568 1772 711 1806 curricula
738 1777 874 1811 propter*
901 1766 1149 1810 transsreffionem

261 1827 466 1858 Ordinationt's
494 1821 624 1863 Ecclesiae
639 1823 824 1859 Turritane,
850 1823 940 1859 quam
959 1815 1020 1856 sine
1045 1814 1147 1846 autbo-

259 1880 349 1907 ritate
384 1872 538 1916 Pontificis
565 1871 683 1913 fecerat
714 1873 875 1900 citonatus
909 1861 1148 1906 Arcbiepiscopus

261 1925 460 1960 calaritanus
484 1947 494 1962 ,
530 1929 587 1963 pro
616 1930 646 1952 eo
671 1918 748 1961 quod
783 1920 953 1957 antiqultus
991 1915 1148 1946 Ordinatio

251 1975 320 2018 fuit
346 1975 431 2007 Sedit
462 1971 637 2013 Apostolice‚
662 1970 696 2002 Θ
721 1968 763 2000 ad
789 1974 908 2008 tempus
932 1963 1055 2006 conceffa
1074 1962 1146 2004 fue·

261 2035 312 2058 ret
338 2022 404 2066 ipsa
440 2023 600 2056 Ordinatio
637 2020 734 2052 eidem
769 2015 891 2056 Ecclefie
911 2038 919 2046 .
960 2013 1147 2052 Postmodum

256 2078 413 2117 protervia
431 2072 567 2113 faciente
609 2065 891 2108 Archleptscoporum
914 2087 926 2103 ,
969 2072 1024 2104 per
1064 2065 1147 2094 Prae-

261 2132 344 2166 cepta
372 2120 546 2162 Pontificum
573 2118 612 2150 ab
645 2117 749 2149 eadem
786 2115 984 2147 Ordinatione
1014 2108 1150 2155 suspensi

885 129 1531 177 DtssnRrA'r1o

1220 208 1293 253 sunt
1312 212 1409 251 juxta
1434 214 1712 247 determinationem
1734 213 1838 258 san&
1861 225 1998 262 memorie-
2023 224 2107 256 Mar-

1227 267 1288 292 tim·
1311 264 1425 303 Papae.
1453 266 1499 295 Et
1513 263 1601 304 sablo
1621 266 1751 298 Conctle'o
1773 268 1983 310 sacerdotum,
2007 273 2106 305 novel-

1223 311 1285 343 lum
1299 310 1478 354 Episcopum
1490 338 1498 353 ‚
1525 320 1574 356 qut
1585 314 1622 346 ab
1635 316 1734 348 eodem
1755 316 1975 360 Archiepifiopo
1989 322 2105 356 ordina·

1222 369 1271 394 tus
1274 361 1382 402 fuerat
1395 386 1406 402 ‚
1429 360 1484 406 sub
1505 365 1616 398 ditione
1627 366 1710 398 sedis
1738 368 1900 408 apostolica:
1922 370 2105 412 redintegra-

1222 416 1269 444 vit
1286 422 1377 453 atque
1397 411 1561 455 firmavit,
1585 426 1707 457 quorum
1730 417 1955 461 chirographus
1979 418 2106 454 Arcbtvo

1224 461 1512 502 Eccleliae-detentus‘
1531 465 1588 505 est.
1617 465 1832 501 Turritanam
1855 468 2029 502 Ecclesiam
2051 481 2107 512 per

1222 512 1326 555 ipsum
1349 514 1500 548 Sanctum
1514 516 1648 550 Petrum
1670 515 1763 551 fuiffc
1780 516 1801 550 ὲ
1818 519 1876 552 suo
1890 518 2107 563 Metropolim

1221 573 1409 606 exemptam
1430 566 1531 609 aliqui
1545 566 1707 601 affirmarit
1721 592 1730 600 .
1757 568 1838 611 Ejus
1850 569 1923 603 sane
1933 570 2105 612 exemptio

1221 613 1265 646 est
1277 614 1513 658 antiquiffima.
1541 616 1632 658 lllins
1658 616 1856 662 Episcopum
1871 644 1882 660 ,
1906 620 1999 664 quod
2017 622 2107 655 Sara-

1222 665 1447 698 ceniornnem
1468 677 1544 700 cum
1568 667 1683 702 vicinis
1694 669 1809 702 insulis
1831 669 2020 715 infestarent
2043 670 2105 705 Ita-

1223 715 1322 755 liam,
1352 716 1461 749 nescio
1483 717 1556 758 quis
1577 717 1732 752 Pontifex
1744 715 1922 754 indulserat
1940 721 2105 761 consecra-

1221 765 1246 797 ri
1268 766 1286 798 ὲ
1301 765 1527 809 Metropolitis
1550 768 1766 802 Calaritanis.
1798 770 1840 803 Et
1855 768 1928 812 abb
1957 782 2029 804 rum
2048 770 2106 805 ali-

1220 825 1286 857 quo
1298 815 1401 857 passus
1413 817 1469 850 ille
1494 817 1539 851 est
1553 818 1670 861 quoda
1685 818 1791 853 vitali
1805 781 2047 863 Mediossnenfi
2070 821 2105 855 &

1219 863 1362 899 Paulino
1385 866 1587 910 Aquileiensi
1612 870 1715 912 patrus
1736 871 1841 904 fuerat
1873 871 1996 913 primus
2015 870 2107 905 Pela-

1220 915 1310 959 gius.
1340 915 1382 949 Et
1393 917 1534 960 Ioannes
1547 919 1683 960 quintus
1704 919 1849 953 fimiliter
1874 921 1975 954 vicit.
2002 920 2108 954 Nem·

1221 966 1258 1008 pe
1278 976 1343 998 non
1369 966 1604 1001 tantummode>
1631 969 1921 1014 Metropolitarum
1943 994 1954 1010 ,
1993 970 2047 1004 sed
2072 970 2106 1005 δε

1220 1015 1476 1050 provincialium
1506 1016 1741 1060 Episcoporum
1767 1021 2035 1055 consecrationes
2071 1020 2106 1054 &

1221 1066 1393 1110 indulgere
1407 1065 1508 1110 potest
1532 1078 1572 1100 ex
1583 1067 1719 1101 arbitrio
1743 1068 1926 1114 Pontifex,
1952 1069 2107 1105 &indul-

1221 1127 1269 1150 tas
1280 1117 1420 1150 auferre.
1448 1117 1557 1150 Sansti
1576 1116 1665 1151 Petri
1685 1117 2038 1160 tempore‘Atelatenfis
2060 1120 2106 1154 ci-

1221 1167 1302 1201 vitas
1324 1179 1392 1200 non
1413 1168 1477 1201 fuit
1499 1167 1720 1211 Metropolis.-
1749 1168 1791 1202 Et
1812 1178 1922 1202 tamen
1946 1169 2104 1213 quodipfi

1219 1218 1307 1253 idem
1323 1215 1502 1260 Apostolus
1522 1219 1622 1252 trium
1635 1217 1881 1252 provinciarum
1894 1218 2104 1267 Episcopalef

1217 1268 1479 1302 consecrationes
1498 1267 1625 1302 dederit
1648 1293 1660 1310 ,
1685 1279 1782 1312 atque
1802 1269 1846 1302 ita
1863 1268 1967 1311 trium
1980 1268 2109 1303 Metro·

1219 1317 1394 1361 politarum
1409 1317 1616 1362 privilegium
1631 1320 1664 1352 in
1675 1330 1747 1352 eam
1767 1317 1961 1354 transtulerit
1974 1342 1985 1359 ‚
2012 1319 2107 1362 supra

1217 1367 1401 1401 audivimus
1427 1369 1447 1403 ὸ.
1463 1369 1617 1411 Zozymo
1644 1367 1810 1404 Pontifice
1831 1392 1843 1410 ,
1870 1369 1989 1403 Sansto
2013 1367 2108 1404 Hila-

1218 1419 1267 1452 rio
1280 1441 1290 1458 ‚
1317 1416 1385 1460 ejus
1409 1417 1620 1454 Anteceffore
1639 1419 1816 1459 Patroclo,
1842 1419 1876 1453 δε
1896 1418 2009 1454 multis
2031 1417 2106 1455 aliis

1218 1467 1400 1502 Gallicanis
1427 1469 1601 1513 Episcopis
1626 1494 1633 1502 .
1670 1470 1728 1504 An
1755 1480 1868 1507 verum
1896 1469 2106 1509 asseruerint,

1215 1519 1259 1552 est
1273 1519 1336 1552 alia
1347 1519 1484 1563 quaestio
1494 1532 1508 1562 ;
1537 1519 1866 1555 interimconstanter
1886 1515 2104 1563 asseruerunt.

1218 1569 1269 1604 Ex
1284 1580 1351 1612 quo
1363 1570 1452 1604 vides
1462 1580 1519 1603 eos
1531 1595 1541 1611 ,
1567 1571 1624 1613 qui
1638 1569 1739 1605 hodie
1761 1572 1827 1604 sine
1840 1570 1951 1614 fronte
1972 1570 2005 1604 &
2018 1580 2110 1617 meq-

1215 1629 1247 1654 te
1271 1618 1435 1655 blaterant
1455 1620 1567 1655 fimilia
1589 1620 1758 1665 privilegia
1770 1620 1933 1655 adversari
1957 1620 2106 1659 Canoni-

1218 1669 1298 1710 bus,
1325 1669 1463 1714 ideoque
1477 1671 1638 1709 Romanae
1650 1669 1797 1704 Ecclefiae
1810 1671 1935 1704 nullam
1949 1671 2012 1703 effe
2023 1669 2105 1712 ipso-

1215 1731 1286 1757 rum
1317 1720 1612 1762 impartiendorum
1643 1719 1838 1762 potestatem
1857 1744 1868 1760 ,
1894 1719 2016 1763 garrire
2036 1719 2104 1752 ina-

1214 1769 1268 1802 nia
1282 1791 1293 1807 ‚
1319 1769 1381 1802 effe
1395 1769 1553 1812 indignos
1572 1767 1754 1805 Gallicanae
1775 1768 1926 1803 Ecclefiae
1947 1768 2104 1808 abortus,

1211 1816 1370 1849 &latrare
1381 1827 1497 1850 contra
1508 1817 1639 1850 Lunam
1652 1816 1835 1863 .-Q1aedam
1848 1815 2019 1862 privilegia
2033 1828 2105 1861 pto-

1213 1865 1308 1899 fiteor
1317 1865 1380 1899 effe
1393 1875 1509 1899 contra
1524 1865 1680 1900 Canones
1692 1880 1703 1900 .-
1731 1865 1835 1900 Addo
1855 1877 1966 1902 tamen
1987 1867 2104 1907 eadem

1211 1914 1389 1963 seqmdt'im
1400 1916 1556 1950 canones
1566 1916 1646 1950 dari.
1659 1916 1816 1951 Canones
1827 1916 2001 1951 adonante
2015 1917 2108 1952 Pon-

1213 1961 1386 2009 tificq'laedi
1399 1963 1577 2003 secundnm
1592 1966 1749 1999 Canones
1761 1989 1768 1997 .
1795 1965 1846 2000 Ita
1858 1966 1888 1999 se
1900 1967 1942 1999 ab
1955 1967 2014 1999 illo
2027 1966 2103 2009 laedi

1211 2012 1370 2047 Canones
1391 2014 1585 2056 permittunt
1612 2014 1648 2046 δε
1668 2013 1814 2057 gaudent
1835 2038 1843 2047 .
1871 2015 1929 2058 Ad
1945 2008 2103 2052 'factiosas

1212 2063 1342 2105 linguas
1355 2062 1449 2104 plene
1462 2061 1712 2108 compescendas
1725 2063 2103 2108 exspestovopportuniov

1212 2122 1281 2147 rem
1294 2112 1407 2147 locum
1422 2137 1429 2145 .

773 2424 1289 2473 CANON

271 2625 321 2743 l

1417 2425 1592 2478 XII,-

326 2624 439 2672 Tem
477 2618 540 2668 ibi
575 2631 698 2665 mota
733 2612 795 2664 est
828 2610 1007 2680 quaestio
1041 2610 1096 2663 de
1132 2611 1505 2677 consanguinitate
1539 2616 1673 2678 Regis
1721 2618 1765 2664 δε
1812 2616 1954 2664 uxoris
1989 2599 2101 2666 suae]

360 2690 491 2744 Unde
527 2694 570 2738 &
605 2691 700 2736 Rex
737 2689 782 2734 in
818 2681 964 2732 media
1002 2682 1184 2751 Synodo
1218 2682 1394 2733 surrexit
1427 2721 1440 2744 ,
1492 2683 1621 2752 seque
1657 2684 1714 2735 de
1764 2685 1850 2736 hac
1897 2703 1942 2735 re
1988 2685 2101 2751 judi-

273 2765 389 2812 cium
426 2761 577 2811 sanitae
614 2754 782 2825 Synodi
818 2772 894 2822 per
929 2758 1077 2804 omnia
1111 2753 1431 2804 observaturum
1467 2755 1528 2804 est
1561 2753 1768 2824 professus
1794 2790 1807 2804 .
1843 2759 1993 2805 Sansta
2027 2773 2101 2806 au-

275 2851 366 2883 tem
403 2829 601 2899 Synodus
638 2829 753 2876 hanc
788 2823 959 2874 causam
996 2827 1042 2874 in
1077 2824 1272 2894 praesenti
1309 2825 1537 2895 Canonice
1573 2828 1814 2877 examinari
1860 2844 1949 2876 non
1984 2825 2102 2894 poffe

278 2901 490 2970 judicavit
524 2935 538 2961 ,
585 2898 641 2949 eo
677 2895 802 2966 quod
835 2897 1026 2959 legitimi
1062 2894 1329 2946 accusatores
1366 2914 1455 2946 non
1487 2894 1647 2947 effent.

466 3074 962 3120 senor-ton.

382 3223 411 3257 E
436 3220 502 3256 hoc
529 3219 671 3255 Conone
689 3217 798 3253 scribit
824 3216 1007 3252 Veneticus
1033 3215 1166 3254 Vercel-

409 3273 502 3306 lenfis
529 3270 734 3315 Episcopus.-
760 3272 910 3302 Intererat
934 3267 1000 3301 huic
1029 3273 1166 3312 Conven-

1222 3077 1271 3102 tus
1292 3065 1458 3113 Episcopus
1493 3066 1571 3102 ocho
1590 3073 1691 3110 inquit
1711 3080 1720 3100 z
1758 3067 1889 3100 Audiens
1915 3077 1965 3111 ego
1988 3090 1999 3107 ‚
2022 3066 2106 3110 quod

1224 3124 1288 3153 Rex
1315 3117 1406 3158 vester
1428 3118 1593 3162 legitimum
1619 3129 1677 3151 non
1703 3116 1814 3150 babeat
1835 3118 2023 3162 conjugium,
2051 3116 2106 3157 sed

1224 3182 1261 3203 ex
1298 3167 1552 3212 consanguinitate
1584 3167 1729 3211 sociatum
1755 3189 1766 3207 ,
1793 3169 1896 3209 judico
1932 3175 2014 3202 inter·
2038 3175 2104 3201 eum

1226 3222 1259 3253 (τ’
1282 3231 1404 3254 uxorem
1429 3220 1491 3261 ejus
1522 3218 1590 3261 fieri
1627 3219 1792 3252 divortium
1816 3242 1824 3250 .
1862 3219 1963 3259 Hujus
1992 3218 2105 3259 judicu

1222 3269 1401 3312 sementiam
1426 3280 1485 3302 non
1521 3269 1729 3311 approbarunt
1764 3266 1906 3311 Episcopi
1932 3292 1943 3307 ,
1976 3268 2104 3300 dicentes

288 3319 334 3356 iat
356 3326 419 3354 Rex
446 3325 596 3356 Saxonum
622 3329 830 3360 tiermannus,
856 3323 901 3352 cui
927 3329 963 3351 ne
990 3320 1077 3362 apud
1097 3316 1164 3362 suos
1228 3320 1315 3362 hujus
1342 3326 1384 3353 rei
1412 3327 1526 3360 tempus
1554 3331 1611 3352 non
1637 3319 1687 3361 effe
1708 3343 1717 3364 ·.
1745 3317 1864 3351 Afferit
1891 3316 1982 3361 quod
2008 3314 2104 3357 hujus

289 3369 409 3415 quidem
443 3370 626 3413 servabatur·
663 3371 754 3404 honor
780 3374 889 3412 Regius
914 3394 924 3410 ,

960 3371 980 3400 ἃ
1017 3381 1074 3412 quo
1098 3379 1167 3402 tunc
1231 3371 1356 3415 negotii
1367 3369 1540 3403 Tanatus
1566 3369 1664 3403 fuerit
1683 3369 1843 3412 praesentis
1862 3367 1989 3410 Synodi
2010 3376 2106 3399 exot-

288 3424 327 3457 o·
347 3416 428 3463 filus
450 3422 554 3460 synodi
579 3426 666 3464 coepit
690 3419 853 3456 Traelatus
879 3444 888 3452 .
913 3423 1000 3453 Nam
1024 3419 1187 3490 memora-1
1228 3418 1343 3462 dium,
1369 3431 1406 3455 ac
1418 3419 1692 3465 primusCanon.
1722 3418 1767 3453 Et
1790 3418 1886 3463 poffit
1903 3415 1983 3450 effe.

2011 3416 2109 3464 Qe-

1965 3464 2056 3500 niam
