2372 3756
394 120 497 178 '156

144 358 220 397 Cap.
240 368 286 394 24.
323 356 508 397 mediat-one,
534 367 622 398 quam
636 355 793 398 ipfiffifi‘ym
813 363 958 397 κ’γμωμω
972 365 1099 389 vocant.
1125 358 1201 387 Tum

322 407 440 439 demum
469 417 547 449 aqua
580 407 632 441 illa
666 412 795 439 omnium
821 407 984 447 direptioni
1009 407 1204 447 relinquitur,

321 462 374 498 qui
400 464 573 490 accurentes
603 481 615 496 ‚
650 458 703 489 alii
729 456 894 497 majoribus
920 480 931 496 ,
968 456 1020 488 ali!
1045 454 1206 487 minoribus

316 505 434 548 phialis
462 517 529 539 eam
551 505 734 540 exhauriunt
753 529 764 546 ‚
792 507 965 547 domumque
989 504 1144 546 referunt,
1170 505 1206 537 tb-

316 555 379 598 post
398 554 533 599 sedulam
538 564 596 598 per
617 556 717 587 domos
729 553 937 597 adsperfionem
947 561 979 589 in
993 553 1070 597 vasa
1081 558 1205 586 vinaria

318 610 462 650 ingerunt
478 631 490 646 ‚
516 617 586 649 quae
596 615 661 638 cum
665 604 727 645 fint
737 607 829 646 plena
841 630 852 645 ‚
880 616 929 639 nec
941 616 1006 640 eam
1017 605 1183 636 admittant
1193 628 1204 643 ‚

317 666 464 699 quantum
487 666 575 699 aquae
597 660 629 687 in
655 655 765 688 dolium
792 655 928 697 instrunt
952 679 963 695 ‚
991 663 1108 688 tantum
1133 657 1202 687 vini

316 717 356 740 ex
376 705 528 747 foramine
552 704 711 738 hauriunt.
739 705 913 745 Testimonto
937 709 1063 737 omnium
1076 711 1203 744 compro·

316 756 418 788 batum
439 755 476 795 est
494 780 506 796 ,
537 761 644 789 vinum
665 762 781 789 eratum
803 778 813 794 ,
845 755 875 796 fi
886 761 950 797 piis
974 755 1040 787 locis
1062 754 1113 786 vel
1129 761 1202 795 pau-

309 805 432 848 peribus
445 804 641 845 distribuatur
656 829 667 845 ,
693 810 800 839 vinum
823 805 894 837 dolii
920 802 1113 847 conservari3
1134 802 1164 844 fi
1169 809 1201 836 tn

313 853 384 898 usus
406 862 544 897 proprios
569 860 705 888 avaritia
727 860 927 893 converterit,
952 865 1009 886 non
1030 855 1120 887 multo
1139 852 1202 895 post

313 913 444 947 tempore
452 913 566 939 acetum
570 905 637 947 fieri
658 930 664 936 .
689 907 794 947 ,Quare
806 914 837 937 eo
848 905 896 937 die
902 912 960 947 per
970 902 1143 947 universam
1153 915 1202 936 ur-

313 955 381 988 bem
407 954 560 996 amphorae
567 956 668 996 plenae
680 960 772 993 vino,
799 953 855 988 bac
867 955 1032 997 atque-illac
1050 978 1061 995 ‚
1083 952 1200 997 summa

311 1011 403 1037 totius
413 1006 517 1046 populi
530 1006 642 1038 laetitia
657 1028 668 1044 ,
692 1006 737 1038 ad
750 1016 854 1049 egenos
867 1006 901 1038 &²
917 1010 975 1047 pla
986 1005 1066 1044 loca,
1086 1002 1199 1048 sobrios

311 1059 401 1087 etiam
414 1053 548 1087 homines
575 1053 691 1087 abunde
702 1054 873 1096 festinant.

358 1105 477 1148 Neque
500 1102 649 1139 hesterna
671 1105 719 1138 est
752 1104 861 1140 isthaec
882 1105 949 1140 Dei
975 1104 1079 1150 gratia
1107 1130 1114 1137 .
1144 1105 1194 1138 Et*

308 1155 400 1188 enim
423 1155 544 1199 ipsam,
570 1155 618 1188 uti
633 1156 802 1198 antiquam
819 1179 830 1196 ,
857 1155 966 1190 laudat
993 1156 1028 1188 in
1042 1155 1195 1199 vigesima

307 1206 402 1238 tertia
415 1228 426 1244 ‚
447 1216 519 1248 quae
530 1204 572 1239 de
585 1203 707 1241 Christi
719 1204 862 1239 Domini
875 1205 1046 1250 Baptismo
1058 1206 1102 1239 est
1112 1229 1123 1245 ‚
1155 1205 1194 1239 ad

308 1255 562 1289 Antioc-henum
586 1255 744 1299 populum
760 1254 897 1290 homilia
909 1256 1041 1289 Sanctus
1054 1255 1134 1298 Joan
1141 1266 1194 1289 nes

306 1303 589 1347 Chrysostomus:
618 1313 689 1341 Haec
719 1307 782 1340 dies
805 1306 864 1347 est,
891 1318 951 1348 qua
964 1305 1135 1346 baptizatus
1156 1306 1193 1345 est

307 1357 480 1395 Dominus,
505 1357 540 1389 (tt
565 1366 712 1397 aquarum
736 1365 880 1388 naturam
891 1354 1115 1398 sanc‘lificavit.
1144 1356 1192 1386 Id-

305 1408 379 1438 circ&
391 1410 478 1438 etiam
493 1410 526 1438 in
539 1403 596 1438 hac
604 1403 794 1448 Jblemnttate
801 1404 858 1448 sub
872 1406 1000 1437 mediam
1013 1405 1122 1437 nollem
1131 1416 1187 1436 om-

306 1465 359 1487 nes
376 1478 386 1494 ,
411 1456 476 1487 ctam
491 1459 595 1496 aquati
601 1455 722 1495 fuerint
733 1480 744 1499 ‚
771 1456 889 1488 domum
897 1456 1000 1489 latices
1011 1455 1144 1497 referunt
1157 1467 1191 1488 ac

305 1506 485 1545 recondunt,
514 1506 547 1538 <u
560 1511 617 1545 per
630 1510 777 1549 integrum
801 1517 915 1539 annum
927 1504 1105 1549 conservant
1119 1529 1129 1546 ,
1147 1515 1192 1538 ut-

303 1557 376 1595 pote
387 1556 467 1596 quod
477 1554 619 1589 hodierna
630 1557 679 1589 die
685 1554 885 1599 firnfflfictrtae
889 1556 949 1598 sint
962 1568 1049 1599 aquae
1064 1581 1071 1589 .
1085 1560 1192 1599 Fitque

304 1606 481 1638 miraculum
492 1606 620 1639 evidens
628 1629 639 1645 ,
665 1607 737 1640 dum
751 1605 832 1640 nibil
843 1613 984 1650 temporis
997 1607 1194 1651 longinquita-

303 1665 334 1688 te
348 1665 492 1697 aquarum
504 1656 622 1689 illarum
647 1665 758 1690 natura
775 1662 927 1696 vitiatur,
948 1656 1004 1700 sed
1015 1664 1126 1700 integro
1137 1668 1192 1690 an-

304 1716 343 1737 m
351 1729 362 1744 ,
373 1713 462 1747 atque
476 1710 566 1738 etlam
579 1705 695 1740 bienm‘o
706 1731 717 1747 ‚
727 1709 760 1740 ὁ*
771 1713 897 1740 triennio
903 1705 987 1750 saepd
1000 1732 1009 1748 ‚
1027 1719 1093 1749 quae
1105 1706 1191 1741 bodie*

296 1754 365 1798 fuit
375 1754 478 1796 hausta
490 1779 501 1795 ,
520 1761 689 1798 incorrupta
710 1757 743 1790 (9
778 1768 876 1791 recens
885 1766 1039 1800 permanet
1049 1783 1060 1799 ,
1086 1768 1120 1790 ac
1130 1757 1192 1799 post

303 1814 426 1838 tantum
445 1812 585 1848 temporis
594 1818 661 1841 cum
671 1813 710 1841 itt
722 1833 731 1849 ,
758 1820 826 1851 quae
838 1817 931 1851 nuper
947 1808 1064 1850 fiacrim
1076 1808 1192 1852 &fonti-

304 1856 357 1887 bus
369 1857 484 1890 ca'm‘lae
499 1882 508 1897 ,
535 1865 627 1891 certat
640 1868 656 1891 .’
675 1858 731 1892 An
755 1859 813 1893 ista
828 1862 923 1893 noste
935 1858 1140 1893 Antioche-ni
1155 1859 1187 1892 in

303 1907 436 1940 Oronte
449 1916 503 1940 aut
525 1909 598 1941 aliis
622 1909 816 1943 fluminibus
838 1934 847 1950 ‚
874 1921 914 1943 an
934 1910 966 1942 in
990 1909 1189 1943 sanctificatis

304 1957 453 1992 fontibus
471 1961 500 1992 se
512 1957 714 2000 balnearior,
741 1960 804 1994 effe
817 1960 1070 2004 posfitqriaeflio.
1097 1960 1187 1994 Nam

303 2008 394 2052 quod
427 2010 559 2051 quidam
583 2010 658 2043 Itali
679 2011 751 2044 suos
788 2010 935 2044 infirmos
960 2011 994 2043 in
1019 2008 1186 2044 benedista

303 2069 387 2102 aqua
401 2060 483 2093 olim
497 2058 718 2094 balneaverint
731 2085 740 2099 ‚
767 2061 899 2093 testatur
919 2068 1014 2104 atque
1026 2060 1186 2103 improbat

304 2109 337 2143 in
354 2110 599 2152 suoCapitulari
614 2110 805 2144 venerabilis
817 2110 901 2144 Atto
918 2111 1097 2154 Episcopus
1106 2110 1187 2144 Ver-

302 2159 450 2192 cellenfis
463 2184 470 2190 .
500 2159 543 2192 Et
557 2160 634 2193 ‘vice
645 2161 731 2193 versa
755 2160 843 2203 quod
861 2159 933 2193 Afri
950 2159 1058 2203 paffim
1072 2171 1188 2194 omnes

123 1963 198 2003 cap«
219 1970 266 1998 713.

303 2210 338 2242 in
361 2209 470 2243 Sancti
496 2209 630 2252 Joannis
652 2209 798 2253 Baptistae
810 2210 892 2244 festo
912 2221 999 2244 mare
1008 2211 1163 2245 intrarint
1177 2189 1206 2251 ,Ι

305 2259 499 2302 baptizarint
512 2261 575 2293 sese
589 2284 599 2300 ,
610 2261 761 2303 atqueita
775 2261 996 2295 Dominicum
1009 2285 1020 2302 ‚
1032 2270 1088 2294 aut
1102 2254 1205 2296 cettei

303 2311 397 2343 {uum
411 2335 420 2350 ‚
435 2310 598 2352 Baptisma
611 2311 856 2343 rememorarint
872 2335 881 2351 ,
899 2312 993 2344 refert
1004 2311 1038 2345 ὅ(
1050 2311 1188 2355 graviter
1203 2297 1206 2326 Ι

302 2360 438 2393 damnat
463 2359 496 2392 in
524 2361 670 2394 sermone
690 2360 730 2392 de
743 2361 871 2394 diversis
883 2362 1015 2395 Sanctus
1029 2360 1186 2404 Augusti·

303 2421 382 2443 nus.
411 2411 453 2442 Et
480 2408 543 2443 hoc
568 2411 672 2453 ipsum
700 2409 799 2443 hodie
826 2411 857 2443 in
887 2410 1079 2454 Epiphania:
1104 2410 1186 2444 festo

304 2471 400 2505 agere
420 2459 575 2493 dicuntur
599 2459 749 2503 Abyffini
777 2471 812 2493 ac
825 2459 1034 2494 Moscovitae.

355 2509 529 2556 Qidquid
554 2510 590 2544 sit
622 2508 662 2543 de
698 2509 920 2544 Antiochenis
944 2534 954 2549 ‚
985 2519 1107 2544 certum
1142 2509 1186 2543 est

305 2560 391 2602 ipsos
416 2572 483 2594 non
506 2571 548 2593 ex
564 2561 732 2594 communi
745 2560 881 2594 flumine
899 2570 953 2594 aut
964 2560 1033 2594 rivo
1047 2585 1058 2602 ,
1083 2560 1135 2594 sed
1148 2571 1188 2593 ex

305 2611 498 2644 sacrofonte
518 2610 721 2643 benedictam
747 2622 863 2654 aquarn
876 2609 1010 2644 hausisse
1024 2635 1034 2650 ,
1059 2609 1189 2644 &hanc

306 2661 406 2694 solam
431 2654 835 2703 fuisieincorruptibilem.
859 2661 939 2694 Hoc
964 2660 1109 2694 omnino
1123 2661 1188 2694 sua-

305 2711 385 2743 dent
408 2708 474 2743 haec
499 2709 612 2744 verba:
645 2715 798 2753 Aquarum
825 2711 942 2744 illarum
955 2717 1081 2743 natura.
1109 2709 1188 2744 ΑῙῑὲ

306 2760 448 2793 clamant
478 2761 634 2802 Joannem
660 2772 726 2793 non
740 2760 780 2795 de
792 2760 956 2805 quibusvis
969 2759 1187 2804 aquisloqui‚

307 2808 360 2842 sed
381 2807 420 2841 de
440 2809 516 2842 solis
540 2811 595 2842 ista
616 2811 669 2843 die
691 2811 897 2845 sanctificatis
913 2836 920 2842 .
948 2811 1081 2844 Etenim
1110 2809 1186 2844 sacri

307 2860 410 2893 fontis
437 2857 619 2892 benedictio
642 2862 687 2894 est
710 2860 794 2894 adeo
809 2861 942 2904 antiqua
959 2885 970 2901 ,
995 2870 1030 2894 ut
1042 2860 1141 2904 ipsam
1154 2859 1187 2892 in

309 2908 424 2942 litteris
437 2907 475 2940 ad
490 2909 678 2951 Ianuarium
698 2910 866 2944 Numidiae
885 2910 1063 2945 primatem
1078 2909 1187 2943 laudet

308 2959 409 2992 etiam
440 2958 575 2992 Sanetus
603 2958 816 3001 Cyprianus.
845 2961 887 2993 Et
924 2962 1016 2995 issam
1042 2961 1060 2994 ὲ
1093 2959 1187 2994 nobis

311 3010 390 3043 item
417 3008 544 3042 Latinis
569 3008 771 3042 benedictam
783 3021 900 3053 aquam
918 3012 1012 3045 fuiffe
1023 3009 1187 3054 apudplu-

310 3069 360 3092 res
372 3058 531 3092 Ecclefias
553 3058 833 3101 incorruptibilem
847 3084 859 3100 ,
883 3061 1044 3105 exemplis
1054 3060 1189 3095 demon-

134 3115 208 3151 Cap.
228 3124 274 3145 10.
309 3108 386 3142 strat
409 3109 441 3142 in
463 3108 604 3142 secundo
631 3108 716 3142 libro
738 3108 779 3143 de
803 3108 1084 3145 benedictionibus
1096 3112 1187 3154 Jaeo·

312 3158 372 3191 bus
386 3159 556 3192 Gretzerus
568 3183 575 3189 .
603 3158 899 3193 Haldenslebiense
914 3161 1011 3204 prope
1029 3160 1189 3206 Magden·

313 3207 507 3250 burgensem
530 3208 711 3242 Civitatem
734 3210 1037 3245 Sanffimonialium
1070 3210 1188 3244 Mona·

313 3257 442 3291 sterium
479 3259 602 3301 semper
640 3259 772 3293 retinuit
808 3258 1031 3295 orthodoxam
1069 3260 1186 3300 fidem,

313 3318 352 3340 ac
388 3307 472 3340 inter
508 3308 710 3343 Lutheranas
746 3308 793 3343 ibi
821 3309 969 3344 tenebras
994 3311 1078 3345 luxit
1106 3311 1187 3344 ficut

313 3355 404 3389 stella
426 3356 459 3389 in
483 3357 703 3393 firmamento.
731 3359 809 3403 Ejus
829 3360 1030 3404 baptismalis
1046 3362 1122 3395 fons
1135 3370 1189 3404 per

313 3406 483 3454 sexaginta
510 3417 615 3442 anuos
653 3410 820 3454 permanfit
847 3422 960 3446 recens
985 3411 1019 3447 δε
1046 3411 1188 3446 incorru-

124 2390 199 2418 Sir'n
213 2403 222 2414 v
240 2399 274 2424 ξς

124 2437 224 2467 cap-4.

708 120 748 165 S.
788 118 1107 173 GRtGoRn
1144 133 1375 166 settim
1412 120 1770 166 P0N111=101s

323 206 365 241 ad
400 206 536 240 Paulum
575 202 734 240 Zachiam
770 205 811 239 de
842 205 1060 250 quorumdam
1083 206 1212 239 Graeco-

325 269 396 290 rum
409 255 658 299 opinationibus
672 281 679 288 .
707 259 765 289 Die
779 256 965 298 Epiphania
975 256 1058 299 sacro
1075 278 1086 295 ‚
1112 259 1211 288 Graeci

320 305 441 349 solemni
447 304 696 348 supplicationum
709 312 769 340 ritu
781 311 868 348 aquis
879 306 1056 339 benedicunt
1070 330 1081 346 ‚
1104 316 1139 338 ea
1161 304 1209 338 be-

1222 215 1234 276 {
1273 213 1346 248 ptus
1373 229 1380 236 .
1408 203 1580 260 vigesimo
1609 201 1705 247 hujus
1735 205 1839 240 saeculi
1866 216 1957 245 anno
1993 208 2149 246 violenter

1224 277 1226 282 .
1274 253 1414 287 intrusus
1438 253 1486 287 ilii
1509 254 1571 287 fuit
1593 252 1801 303 Lutheranus
1826 254 2008 294 Praefeaus:
2036 260 2150 303 Aquas

1272 314 1352 337 tunc
1376 303 1470 337 fuisse
1493 309 1658 347 corruptas
1682 303 1840 339 testantur
1864 308 2041 350 graviffimi
2067 311 2150 346 Scri-

1275 362 1382 396 ptores
1404 377 1415 394 ,
1442 353 1527 388 inter
1549 364 1632 396 quos
1665 354 1710 388 est
1743 353 1941 390 Bertholdus
1968 356 2149 401 Nihufius,

1270 403 1421 438 oculatus
1432 403 1520 438 testis
1533 427 1544 445 ‚
1563 403 1677 448 utpote
1689 404 1867 450 aliquando
1883 405 2048 444 PraefeEius
2059 409 2149 446 istius

1271 452 1445 487 Coenobii.
1537 454 1539 456 ’

1319 503 1417 538 Certe
1440 503 1662 540 Eucharistica
1685 504 1869 540 benedictio
1888 507 1935 542 est
1965 505 2149 552 baptismali

1270 552 1371 599 longe
1392 553 1532 589 sanffior
1553 565 1650 599 atque
1666 556 1854 600 potentior:
1882 557 1952 592 Cur
1962 570 2041 604 ergo
2054 560 2148 595 mire-

1269 614 1342 638 mur
1361 605 1460 638 etiam
1486 604 1528 639 ab
1549 605 1614 649 ipsa
1629 608 1728 641 talem
1740 606 1886 646 effectum
1898 632 1905 639 .
1933 608 2030 643 Certe
2042 611 2149 654 poste·

1268 652 1365 688 riores
1390 653 1494 689 Graeci
1510 654 1603 689 istam
1614 657 1805 691 sententiam
1820 658 1973 692 videntur
1983 660 2148 704 amplexa·

1267 704 1292 737 ti
1307 728 1318 744 ‚
1345 715 1405 738 nec
1418 705 1502 739 circa
1516 705 1617 749 ipsam
1630 708 1680 740 vel
1703 706 1872 742 haefitaffe.
1901 708 2033 742 Etenim
2046 710 2146 745 Geot-

1266 815 1336 848 quae
1356 805 1391 838 in
1417 804 1539 849 Majori
1559 817 1671 850 quarta
1687 808 1764 842 feria
1787 808 1894 842 offerri
1911 808 2079 844 &absumi
2093 809 2147 845 de-

1267 854 1376 888 buerat
1390 879 1401 895 ,
1426 866 1468 889 ex
1481 857 1580 890 caufis
1600 868 1661 891 nec
1684 857 1796 892 oblata
1811 870 1870 892 nec
1883 857 2048 903 absumpta
2061 861 2124 895 fuit
2134 885 2146 902 ,

1265 904 1362 938 sedin
1378 905 1488 948 pixide
1499 907 1616 941 mansit
1630 909 1730 951 usque
1749 908 1788 942 ad
1807 909 1970 952 sequentis
1982 910 2060 944 anni
2076 911 2146 944 Do·

1265 955 1419 989 minicam
1446 952 1691 1001 Tymphagiae‚
1716 969 1902 1003 repertaque
1926 969 2005 993 tunc
2025 959 2071 993 est
2094 971 2146 1003 pe-

1266 1005 1353 1038 nitus
1365 1016 1515 1049 corrupta
1527 1030 1535 1038 .
1561 1007 1669 1041 Fuisse
1695 1018 1760 1041 rem
1772 1009 1805 1042 &
1817 1009 1931 1042 auditu
1945 1010 1979 1043 ἀ
1992 1009 2142 1053 adspectu

1263 1106 1313 1138 tiae
1340 1116 1491 1138 arcanum
1506 1129 1518 1146 ,
1545 1106 1579 1140 &
1600 1117 1736 1141 omnem
1760 1118 1867 1142 rernm
1884 1109 2032 1144 ordinem
2048 1121 2143 1145 exce-

1261 1255 1421 1289 miraculo
1444 1266 1510 1289 non
1533 1256 1620 1299 poffe
1639 1259 1822 1301 corrumpi.
1849 1258 1970 1292 Tantis
2000 1261 2142 1302 parasan-

1260 1305 1309 1348 gis
1334 1305 1437 1339 Graeci
1472 1316 1552 1339 tunc
1584 1305 1745 1340 distabant
1780 1309 1798 1342 a
1824 1308 1967 1342 doctrina
1993 1309 2140 1344 Romani

1260 1354 1486 1389 Clementisin
1505 1355 1709 1399 Apostolicis
1721 1356 2025 1392 constitutionibus
2043 1384 2050 1391 .
2077 1361 2140 1394 Di·

1260 1406 1334 1439 vina
1360 1405 1465 1449 gratia
1492 1415 1553 1439 nec
1579 1405 1662 1439 locis
1688 1406 1842 1452 alligatur
1862 1429 1872 1445 ,
1902 1418 1960 1441 nec
1986 1409 2140 1451 tempori-

1259 1454 1337 1489 bus:
1365 1455 1503 1498 Spiritus
1514 1455 1627 1495 enim‚
1648 1455 1807 1496 ubivuit,
1839 1457 1955 1500 spirat.
1979 1457 2046 1492 Uti
2059 1459 2139 1493 sacri

1258 1505 1359 1539 fontis
1372 1516 1489 1548 aquam
1505 1529 1516 1546 ,
1541 1506 1586 1539 ita
1598 1504 1632 1538 &
1645 1505 1881 1540 Eucharisticas
1893 1507 2012 1550 species
2032 1508 2138 1552 potest

1258 1554 1312 1589 hic
1335 1556 1370 1589 &
1396 1567 1485 1589 nunc
1507 1556 1679 1598 permisisse
1699 1557 1926 1599 corruptioni,
1954 1556 2137 1593 ibi&tunc

1256 1605 1296 1639 ab
1318 1605 1382 1649 ipsa
1405 1604 1576 1640 exemiffe.
1604 1605 1648 1639 Et
1668 1607 1715 1642 uti
1739 1606 1954 1649 Pachymeres
1973 1606 2064 1648 juxta
2079 1610 2135 1644 sua

1256 1666 1399 1698 tempora
1414 1680 1424 1696 ,
1452 1657 1495 1689 ita
1518 1656 1651 1689 sanstus
1665 1657 1914 1696 Guitmundus,
1942 1657 2135 1693 venerabilis

1257 1705 1400 1752 Algerus
1410 1730 1420 1746 ‚
1434 1705 1563 1739 Tomas
1576 1706 1758 1741 Waldenfis
1771 1733 1781 1748 ‚
1802 1707 1836 1741 ὅ(
1846 1708 1902 1742 alii
1915 1707 2134 1753 poffintjuxta

1255 1758 1308 1792 sua
1319 1756 1391 1792 loca
1405 1754 1564 1792 censuisse
1580 1756 1613 1790 &
1625 1756 1788 1804 scripsisse·

1444 1966 1801 2017 CAPUT
1870 1969 1943 2015 II.

1256 2109 1316 2151 An
1332 2103 1492 2151 SanHus
1515 2103 1762 2172 Nicephorus
1775 2141 1789 2165 ,
1825 2103 2050 2171 &quidam
2065 2103 2134 2153 alii

1325 2178 1541 2222 Graecorum
1568 2181 1698 2222 Patres
1724 2172 1819 2222 νεὲῗὲ
1844 2174 1970 2223 dicam
1981 2180 2064 2224 Eu-
2123 2225 2127 2229 ,

1390 2245 1606 2307 charistiam
1629 2263 1697 2291 non
1721 2241 1781 2307 effi²
1806 2249 1993 2292 Dominici

1492 2318 1526 2361 C
1526 2318 1661 2381 mporis
1676 2312 1853 2380 figuram
1869 2311 1889 2361 ?

1300 2453 1389 2487 Stam
1416 2454 1571 2498 loquendi
1595 2455 1733 2499 speciem
1759 2456 1913 2499 usurpant
1934 2453 2032 2489 etiam
2056 2453 2133 2489 San·

1324 2506 1393 2538 (tus
1419 2504 1599 2548 Stephanus
1626 2530 1636 2545 ,
1664 2506 1871 2539 Auxentiani
1906 2505 1940 2538 in
1969 2502 2131 2548 Bithynia

1251 2554 1445 2588 Monasterii
1467 2553 1580 2589 Abbas
1601 2556 1634 2589 &
1661 2555 1792 2599 Martyr
1807 2578 1818 2594 ‚
1842 2556 1975 2589 Sanetus
1990 2555 2131 2597 Ioannes

1253 2605 1496 2645 Damascenus,
1522 2604 1556 2638 ὃ(
1577 2605 1632 2638 alii
1662 2605 1895 2639 lconoclastica
1910 2603 2014 2638 haerefi
2027 2605 2129 2646 poste-

1251 2653 1348 2687 riores
1366 2678 1373 2684 .
1403 2655 1448 2688 Et
1469 2655 1591 2688 laudati
1613 2653 1766 2699 Stephani
1788 2655 1951 2698 Scriptum
1973 2653 2028 2687 fibi
2054 2664 2127 2697 prat-

1252 2704 1314 2749 legi
1329 2703 1404 2738 fecit
1426 2704 1560 2748 septima
1578 2705 1753 2748 Synodus,
1782 2703 2127 2747 ideoque&probavit

1252 2753 1374 2789 Verum
1385 2755 1475 2798 plura
1488 2754 1618 2789 obstant
1630 2756 1663 2789 δε
1676 2754 1870 2789 Latinorum
1884 2754 1917 2787 &
1938 2753 2125 2788 Graecorum

1249 2803 1383 2839 Parrum
1404 2806 1590 2848 antiquiora
1619 2805 1804 2839 testimonia
1826 2828 1834 2836 .
1862 2803 1990 2837 Eorum
2019 2803 2126 2846 plures

1248 2853 1416 2888 adfirmare
1441 2856 1593 2889 videntur
1616 2855 1859 2888 sacro-sanstam
1887 2850 2124 2887 Eucharistiam

1247 2903 1310 2938 esse
1334 2906 1508 2939 Dominici
1530 2904 1675 2948 corporis
1696 2915 1764 2938 non
1788 2904 1981 2943 veritatem,
2009 2901 2063 2937 sed
2075 2903 2125 2937 so·

1247 2954 1312 2988 lam
1332 2956 1472 3000 figuram
1486 2981 1494 2988 .
1522 2954 1654 2989 Etenim
1679 2954 1712 2987 in
1738 2955 1836 2988 tertio
1849 2951 2022 2987 adversum
2035 2953 2126 2986 Mat-

1247 3005 1377 3039 cionem
1402 3005 1487 3039 libro
1509 3004 1737 3039 Tertullianus
1760 3002 1894 3038 adducit
1917 3002 1985 3036 haec
2007 3003 2125 3046 impio·

1247 3066 1317 3089 rum
1332 3055 1514 3098 Judaeorum
1525 3053 1608 3099 apud
1621 3052 1817 3097 prophetam
1833 3053 2037 3087 Hieremiam
2055 3063 2124 3087 ver-

1247 3105 1287 3140 ba
1299 3130 1310 3146 ‚
1338 3109 1495 3139 Mutamus
1505 3106 1616 3148 lignum
1630 3108 1662 3135 ίη
1670 3112 1783 3146 panem
1795 3106 1882 3145 ejus,
1908 3103 1943 3137 ὃ(
1955 3114 2122 3137 commen-

1246 3206 1283 3239 lio
1304 3216 1414 3248 quoque
1444 3204 1537 3245 vestro
1565 3205 1716 3239 revelavit
1735 3227 1746 3244 ,
1767 3212 1877 3246 panem
1912 3210 2011 3244 corpus
2035 3201 2123 3246 suum

1248 3257 1425 3298 appellans,
1456 3264 1491 3289 ut
1509 3253 1622 3289 &binc
1625 3257 1697 3296 jam
1720 3266 1786 3288 eum
1797 3255 1977 3297 intelligeret
1989 3257 2120 3294 corporis

1248 3304 1291 3349 fui
1305 3305 1421 3350 signum
1437 3310 1515 3347 pam·
1537 3305 1641 3349 dedifflt
1660 3305 1743 3347 cujus
1764 3307 1843 3338 retr&
1852 3312 1957 3345 corpus
1967 3307 2000 3334 ln
2008 3309 2122 3344 panem

1251 3356 1411 3397 Prophetes
1426 3354 1559 3399 signavit
1572 3380 1583 3396 ‚
1608 3353 1670 3398 ipso
1698 3358 1821 3389 Domino
1833 3354 1884 3386 boc
1895 3355 2120 3385 sacramentum

1245 3405 1341 3448 postea
1364 3411 1610 3449 interpretaturo.
1641 3405 1685 3440 Et
1709 3405 1744 3439 in
1758 3413 1874 3448 quarto
1885 3401 1991 3437 libro:
2021 3405 2121 3434 Domi-

2016 3463 2071 3486 nus

1241 785 1244 788 ,
1266 754 1315 798 gii
1342 753 1552 798 Pachymetis
1571 765 1718 800 tempore
1740 759 1997 801 praesanflificata
2019 757 2125 795 hostia
2167 801 2169 803 ¹

1264 1053 1439 1088 terribilem
1453 1080 1463 1095 ‚
1490 1054 1813 1099 incomprehensibile
1824 1052 1954 1093 Divinae
1967 1060 2149 1094 Providen-

1263 1155 1342 1188 dens
1364 1164 1554 1199 portentum
1575 1156 1712 1191 affirmat
1735 1167 1932 1192 memoratus
1956 1159 2139 1205 Georgius,
2161 1166 2255 1202 [iba.

1263 1205 1435 1248 palamque
1461 1206 1558 1240 docet
1595 1207 1670 1241 istas
1705 1208 1916 1241 sacrosanstas
1938 1210 2056 1251 species
2077 1210 2141 1244 fine
2156 1210 2274 1248 cap-²8-

2137 3082 2213 3120 Cap·
2232 3091 2276 3119 ις,

1247 3166 1351 3190 tatur:
1378 3160 1484 3199 Utique
1495 3160 1527 3188 in
1539 3162 1643 3196 corpus
1655 3179 1662 3186 .
1692 3156 1738 3187 Sic
1748 3159 1826 3188 enim
1840 3157 1960 3187 Deurtn
1978 3157 2125 3197 Evange-
2161 3180 2167 3188 .
