2352 3756
114 1435 143 1480 ξ.
167 1445 233 1488 231.

390 142 485 198 329

305 226 360 263 ‘tur
371 235 383 256 .-
409 224 474 264 ,ραι
497 219 611 261 lepram
631 220 721 254 Εἰπὲ
741 229 808 255 eum
824 219 944 255 divitiis
950 218 1017 263 fiais
1023 220 1163 262 poffldent
1176 242 1188 258 ,

309 275 346 307 ό·
371 273 455 307 mala
474 268 594 313 quaest'ta
610 270 738 307 mercede
760 281 818 304 non
841 279 906 305 tam
917 274 1131 311 patrimonium
1132 267 1187 310 fa-

306 322 456 368 sulcatum
481 343 494 362 ‚
530 322 621 364 quam
660 319 834 365 thesaurum
875 322 1029 357 criminum
1072 328 1186 362 congre-

329 377 384 407 ant
398 394 406 402 .

300 384 327 427 *g
358 418 490 467 Qibns
513 430 556 455 ex
580 419 684 455 verbis
710 418 866 452 discimus
891 415 979 452 varia
1001 441 1009 450 .
1052 413 1185 455 Primo,

305 470 399 515 quod
420 470 492 515 post
516 471 678 505 intrusum
697 466 896 501 Guibertum
920 467 996 502 Rex
1017 464 1186 501 Henricus

302 532 375 557 non
402 518 531 556 tantum
559 520 774 562 Episcopatus
799 516 833 550 δε
858 516 1020 552 Abbatias
1046 515 1185 551 vendere

301 571 479 614 perrexerit
489 594 499 611 ,
527 568 579 602 sed
594 567 686 601 istam
701 566 910 611 iniquitatem
924 567 1052 610 insuper
1063 566 1185 601 Editus

301 619 434 658 firmarit
457 615 645 660 &legibus.
673 616 807 660 Utique
831 616 873 651 ad
893 614 1047 662 Gregorii
1069 627 1183 652 contra

299 669 485 705 simoniam
496 666 638 701 Decreta
659 666 864 702 exsufflanda
878 691 885 699 .
913 667 957 702 Et
979 665 1043 701 huc
1054 666 1184 701 fortasse

298 719 429 762 respicit
463 716 497 749 in
525 715 642 752 litteris
670 716 712 753 ad
740 716 949 752 Comitiffam
983 713 1179 752 Mathildim

298 769 406 813 Hugo
423 764 650 812 Lugdunensis
664 765 937 810 Archiepiscopus
946 791 959 809 ,
989 766 1130 802 scribens
1142 766 1183 802 de

298 817 536 853 Cassinenfium
558 816 689 851 Abbate
713 816 883 851 Desiderio
898 840 908 856 ,
934 816 1001 860 jam
1028 827 1181 859 promoto

296 869 333 904 in
357 863 525 902 Vissorem
550 866 696 900 tertium:
725 870 850 901 Decreta
872 870 995 901 Domini
1010 865 1058 911 sui
1083 869 1180 910 Papae

296 922 449 963 Gregorii,
476 918 656 960 aliorumque
676 914 845 959 sam‘Iorum
867 919 996 951 Parrum
1022 941 1034 958 ,
1059 928 1116 952 non
1132 913 1179 960 sa-

295 963 358 1004 iiam
381 967 471 1002 verbo
493 968 597 1008 aperte*
619 966 804 1009 improbavit
817 991 828 1008 ,
857 967 960 1000 veram
982 973 1073 1003 etiam
1083 973 1179 1000 mani-

287 1018 376 1060 fhstis
397 1017 529 1060 operibus
546 1016 645 1059 postea
668 1016 812 1057 destruxit
837 1041 844 1049 .
889 1017 969 1052 Post
996 1018 1134 1061 ejestum
1160 1016 1179 1052 ὲ

293 1069 370 1102 sede
405 1068 606 1112 Gregorium
630 1066 784 1112 grassanti
808 1078 863 1111 per
886 1078 1022 1103 omnem
1047 1068 1177 1110 ltaliam

293 1118 444 1153 Henrico
464 1118 588 1161 placete
612 1117 735 1152 studuit
756 1117 944 1152 Defiderius
966 1142 978 1160 ,
1005 1128 1103 1162 atque
1129 1118 1175 1152 ita

293 1179 330 1203 ut
349 1169 417 1212 ejus
440 1167 602 1212 sacrilegis
630 1167 934 1212 praesumptionibus
957 1179 1025 1205 non
1037 1169 1177 1213 refraga-

291 1230 380 1254 retur
401 1242 411 1258 ‚
438 1218 568 1253 videtur
596 1218 747 1263 Gregorii
777 1217 945 1252 adversum
968 1218 1177 1253 Simoniacos

291 1270 326 1304 ὃς
348 1268 542 1313 conjugatos
566 1268 715 1303 Clericos
740 1267 926 1303 sanctiffima
953 1269 1091 1302 Decreta
1118 1268 1177 1303 im,-

291 1320 438 1363 probasse
456 1331 492 1354 ac
506 1319 688 1363 infregisse.
719 1317 874 1353 Attamen
890 1318 1055 1353 Defiderio
1068 1318 1178 1353 adverr

291 1371 377 1404 satus
399 1369 461 1403 suit
487 1371 615 1413 Hugo,
644 1369 783 1411 ideoque
806 1369 898 1412 loqui
922 1368 1017 1411 poffit
1039 1380 1081 1402 ex
1101 1368 1173 1403 affe·

290 1423 339 1454 &u
367 1431 423 1453 aut
439 1420 691 1462 suspicionibus.
723 1419 799 1461 Ejus
814 1418 958 1461 Epistola
972 1419 1075 1453 exstat
1087 1418 1173 1460 apud

290 1472 476 1514 Hugonem
498 1469 781 1505 Flaviniacensem
794 1494 801 1505 ,
832 1468 984 1503 secundo
997 1469 1151 1502 discimus
1163 1492 1174 1508 ,

289 1522 379 1563 quod
407 1521 594 1558 Henricus,
621 1517 686 1561 quo
717 1517 928 1561 Episcopatus
955 1519 989 1553 δε
1015 1516 1173 1553 Abbatias

287 1571 430 1605 securius
449 1570 550 1613 posset
574 1569 712 1603 vendere
726 1571 758 1601 ἀ
782 1568 947 1611 expilare,
974 1568 1092 1603 dixerit
1103 1581 1173 1603 om·

286 1622 341 1654 nia
368 1621 510 1664 ipsorum
533 1620 723 1662 temporalia
749 1621 880 1661 spectare
903 1619 943 1652 ad
966 1618 1175 1662 Principem,

287 1684 357 1706 tent
384 1672 547 1713 propriam
574 1671 590 1701 a
616 1671 645 1702 se
670 1670 784 1713 exigi,
811 1669 953 1712 ideoque
971 1669 1097 1704 nullam
1120 1668 1175 1703 hic

286 1723 351 1760 effe
373 1722 530 1756 Simoniae
555 1720 693 1762 speciem
707 1744 714 1751 .
748 1719 787 1751 ln
802 1730 907 1753 tantas
929 1729 1072 1753 errorum
1089 1729 1176 1753 tene-

286 1767 358 1812 bras
381 1772 462 1804 solet
491 1781 600 1813 pravas
614 1779 739 1802 mentes
753 1769 901 1804 simonia
911 1768 1064 1812 dejicere.
1094 1767 1177 1802 Ter-

286 1823 338 1856 tio
359 1821 516 1855 discimus
537 1820 723 1854 simoniaca
755 1818 871 1862 Regna
895 1819 960 1861 jam
985 1821 1071 1854 intus
1095 1819 1176 1851 ceci-

285 1864 386 1911 disse,
417 1869 556 1913 ideoque
573 1869 661 1903 brevi
684 1869 784 1902 etiam
809 1867 889 1902 foris
916 1868 1055 1909 lapsura.
1086 1866 1176 1901 Nam

286 1924 321 1963 ὥς
346 1921 411 1955 hoc
424 1920 624 1954 Francorum
649 1916 798 1962 Regibus
821 1917 903 1951 olim
927 1918 1098 1952 minitatus
1113 1919 1176 1951 fuit

282 1963 435 2016 Magnus
464 1970 648 2013 Gregorius
673 1994 679 2000 .
708 1968 843 2014 Qartd
871 1967 1025 2001 discimus
1044 1991 1054 2007 ,
1082 1966 1171 2010 quod

284 2034 341 2068 per
355 2022 499 2064 Regiam
512 2021 696 2053 Simoniam
711 2017 822 2060 paffim
838 2017 1045 2050 intrudantur
1071 2015 1177 2050 homi-

287 2084 348 2108 nes
359 2070 524 2104 viliffimi.
553 2067 687 2116 Qinto
700 2092 709 2106 ‚
737 2067 824 2111 quod
838 2064 874 2100 hi
887 2078 957 2105 non
984 2067 1045 2100 sint
1065 2066 1177 2100 Pasto-

289 2135 357 2162 res,
387 2121 439 2154 sed
462 2120 528 2161 lupi
553 2118 593 2151 ab
616 2116 708 2150 omni
731 2117 856 2159 populo
879 2115 1023 2154 vitandi,
1053 2115 1178 2155 Sexto,

290 2171 379 2218 quod
392 2169 512 2204 exinde
524 2166 716 2211 congregati
731 2166 929 2205 nummifint
956 2163 1096 2200 thesauri
1120 2164 1179 2200 cri-

290 2222 423 2259 minum
442 2243 449 2250 .
476 2217 532 2255 Ut
559 2227 638 2260 ergo
661 2215 746 2249 hanc
772 2226 986 2257 mercaturam
1010 2214 1176 2251 dimittere

290 2283 361 2307 non
374 2279 547 2313 cogeretur
560 2291 570 2306 ‚
597 2266 764 2303 Henricus
778 2266 851 2300 Rex
877 2264 1003 2304 censuit
1030 2265 1177 2300 nostrum

292 2320 493 2366 Gregorium
506 2329 546 2352 ex
559 2316 751 2359 Apostolica
775 2315 849 2350 sede
873 2315 1128 2350 extrudendum.

343 2372 474 2419 Qinta
487 2367 620 2412 quaestio
632 2366 676 2399 est
689 2391 699 2406 ‚
728 2367 820 2414 Qas
830 2368 938 2399 causas
949 2367 982 2400 δε
994 2377 1062 2407 quae
1073 2365 1180 2399 crimi-

293 2435 338 2460 na
365 2419 556 2464 allegaverit
583 2414 698 2451 contra
725 2416 954 2461 Gregorium?
982 2415 1179 2459 Respondeo

291 2472 472 2519 palmarem
492 2468 620 2502 causam
633 2468 695 2503 effe
709 2466 804 2500 nobis
814 2464 879 2506 jam
890 2466 1008 2501 dic'iam
1020 2466 1062 2499 ab
1075 2464 1181 2498 Otho-

294 2534 340 2558 ne
360 2518 553 2564 Frisingenfi
579 2516 768 2561 Episcopo:
793 2512 849 2549 Ubi
867 2515 999 2549 omnibus
1020 2516 1180 2549 advenien-

293 2573 379 2608 tibus
392 2596 402 2611 ‚
429 2573 573 2603 Henricus
596 2568 725 2609 injurias
741 2565 799 2608 fibi
823 2567 992 2599 &Romana
1006 2563 1132 2607 Ecclefia
1142 2570 1180 2598 ἱνν

295 2632 418 2668 rogatas
437 2618 593 2663 afflecqqose
616 2621 801 2659 conqueritur
816 2640 827 2657 ,
852 2618 933 2658 quod
956 2617 1096 2649 videlicet
1119 2613 1182 2658 ipso

298 2670 480 2715 inconsulto,
505 2674 557 2711 qui
577 2675 724 2709 tanquam
753 2670 820 2699 Rex
845 2667 878 2700 (a
902 2669 1050 2699 Patricius
1075 2689 1086 2704 ,
1118 2669 1184 2707 pri-

298 2735 365 2757 mus
391 2726 423 2754 in
445 2721 576 2755 eleelione
595 2716 661 2760 suae
678 2716 761 2751 urbis
789 2714 933 2758 Epist-opi
951 2716 1002 2759 ‘ffi'
1028 2715 1153 2749 deberet
1170 2738 1181 2755 ,

300 2776 429 2806 Romani
445 2769 502 2811 fibi
524 2767 692 2810 Pontificem
707 2764 928 2809 praefeciffent‚
954 2777 1019 2800 cum
1039 2767 1060 2796 ἂ
1087 2767 1180 2798 Patre

300 2820 351 2866 [uo
369 2826 547 2861 Imperatore
563 2819 666 2860 plures
690 2817 799 2852 ibidem
812 2841 823 2857 ,
847 2816 932 2858 quasi
940 2814 1000 2856 fine
1025 2815 1159 2851 eleAEione
1170 2838 1182 2855 ,

302 2870 500 2907 inthronizati
516 2868 632 2910 fuerint
657 2892 663 2899 .
691 2866 858 2911 Legitime
874 2877 1018 2901 creatum
1046 2865 1184 2899 Pontifi-

299 2932 375 2957 cem
401 2919 567 2953 Henricus
592 2917 684 2951 scivit
707 2928 767 2951 nec
787 2918 806 2951 a
829 2918 860 2950 se
879 2916 967 2960 posse
990 2915 1062 2959 ejici
1086 2940 1096 2955 ‚
1123 2924 1182 2949 nec

303 2981 360 3016 per
383 2968 482 3003 ullam
494 2966 669 3010 Synodum
685 2966 875 3011 degradari:
904 2965 997 3002 Hinc
1010 2965 1095 3005 dixit
1107 2965 1182 2999 Gre-

303 3020 437 3067 gorium
458 3017 521 3052 effe
545 3015 716 3060 illegitime
737 3018 918 3057 intrusum,
945 3015 1086 3059 ideoque
1111 3014 1183 3058 qui-

306 3069 441 3106 busdam
468 3064 661 3104 criminibus
682 3065 913 3104 accedentibus
932 3068 1018 3109 poiie
1037 3064 1183 3104 extrudi.

305 3119 448 3163 Addidit
466 3118 485 3152 a
506 3118 537 3151 se
560 3127 626 3151 non
654 3115 740 3149 Patri
763 3117 820 3149 suo
836 3116 1015 3159 permissam
1026 3127 1064 3151 ac
1091 3115 1182 3152 ufita-

306 3179 375 3205 tam
396 3166 591 3203 nominandi
615 3165 788 3201 Pontificis
808 3166 997 3202 facultatem
1011 3191 1022 3206 ‚
1047 3165 1100 3200 sed
1114 3176 1182 3208 μητ-

307 3220 401 3253 tendi
421 3218 526 3253 solum
549 3215 695 3261 Regium
714 3217 927 3257 consensum,
955 3215 1095 3259 ideoque
1107 3214 1186 3252 Gre-

308 3269 394 3313 gorii
407 3268 619 3302 intrusionem
632 3266 696 3300 effe
719 3266 941 3303 manifestam.
969 3266 1012 3300 Et
1033 3266 1110 3300 hinc
1126 3264 1186 3299 cti-

308 3318 427 3357 minost
452 3329 528 3353 cum
553 3315 745 3351 Proceribus
772 3316 927 3360 Episcopi
955 3316 1183 3361 assumpserunt

308 3368 420 3416 finiam
439 3367 645 3416 Guibertinas
666 3366 851 3413 corruptela
861 3367 970 3407 denuo
981 3364 1183 3413 intrudendae

943 128 1517 182 BRIXINENSE

1253 218 1287 252 in
1300 217 1478 252 Decretum
1490 215 1626 252 Nicolai
1636 212 1829 259 Pontificis‚
1851 227 1950 264 atque
1960 221 2008 258 ita
2018 220 2124 269 Regis

1254 278 1322 302 non
1339 266 1470 303 tantum
1490 267 1525 302 in
1548 266 1649 312 Regii
1670 268 1867 308 consensus,
1891 270 1945 306 sed
1965 272 2002 306 in
2020 271 2125 317 Papa-

1251 316 1291 352 Hs
1302 317 1540 352 nominationis
1550 316 1720 354 audaciam
1728 315 2012 355 circumscribendi
2023 346 2031 354 .
2059 323 2125 359 Vo-

1250 366 1323 403 tum
1345 367 1456 402 fabula
1478 379 1545 402 non
1568 367 1632 402 fiait
1653 368 1733 403 nixa
1760 369 1862 404 firmis
1882 367 2122 408 fundamentis.

1250 416 1384 451 Etenim
1410 418 1513 462 Regis
1538 416 1680 456 Henrici
1706 417 1885 464 Apologus
1908 417 2125 464 longe“alitet

1252 466 1363 502 scribit
1381 491 1388 499 .
1417 466 1571 503 Affirmat
1595 468 1783 518 Henricum
1805 467 1824 502 ὲ
1844 469 2010 515 Gregorio
2031 469 2127 507 fuiffe

1249 517 1599 559 excommunicatum,
1625 527 1723 562 atque
1742 520 1966 564 prosequitur:
1993 523 2127 555 Cernens

1247 570 1314 601 Rex
1327 567 1526 610 'apostolicum
1546 570 1590 602 ad
1612 567 1664 602 boc
1685 569 1826 610 tendere,
1849 577 1883 603 ut
1893 567 1929 613 se
1951 572 2053 615 Regno
2058 575 2128 613 pri-

1248 624 1359 660 varet,
1384 628 1437 652 nec
1455 619 1522 652 alia
1538 616 1596 660 sua
1618 617 1783 653 obedientia
1804 627 1991 663 contentum,
2019 619 2075 662 nisi
2091 628 2127 654 ut

1248 670 1349 712 Regno
1361 674 1547 703 renuncIaret
1555 693 1566 710 ‚
1591 680 1630 702 ex
1642 669 1852 704 obedientiam
1860 669 2041 717 rebellionem
2053 694 2065 711 ‚
2089 680 2125 704 ac

1247 729 1286 751 ex
1302 717 1471 752 humilitate
1490 724 1523 753 in
1542 727 1686 752 tumorem
1709 719 1808 758 relabi,
1824 720 1959 761 conaus,
1986 719 2036 754 hoc
2048 724 2124 764 apo-

1241 765 1334 807 stolico
1351 767 1452 809 facere
1459 767 1594 811 parabat
1605 793 1615 809 ,
1640 769 1722 811 quod
1731 768 2068 812 apostolicusfibifacere
2078 774 2124 803 in-

1246 819 1400 851 tenderat.
1431 820 1514 863 Ceffa
1536 818 1669 862 obsecro,
1695 822 1760 855 Rex
1767 818 1912 863 gloriose,
1937 820 2006 863 cessa
2017 820 2056 853 ab
2071 818 2124 854 boc

1246 867 1415 910 molimine,
1441 877 1475 903 ut
1499 868 1727 911 Ecclefiasticum
1745 878 1837 911 caput
1861 871 1898 904 de
1919 868 1972 913 suo
1996 871 2123 905 culmine

1245 917 1368 959 dejicias
1392 940 1403 958 ,
1429 920 1463 952 δ’
1483 923 1518 953 in
1533 920 1688 954 reddenda
1709 921 1824 960 injuria
1844 929 1874 954 te
1896 930 1977 954 reum
1993 920 2098 963 facias
2111 945 2121 954 .

1245 967 1395 1008 InJ‘uriam
1411 972 1495 1009 pati,
1515 968 1677 1010 felicitatis
1694 969 1732 1009 est
1767 981 1777 1012 ;
1803 969 1949 1010 reddere,
1970 975 2120 1003 criminis.

1245 1016 1410 1060 ,Quaerebat
1431 1022 1531 1060 itaque
1552 1021 1618 1059 Rex
1627 1017 1963 1061 caufhs&occafiones,
1991 1021 2120 1063 qualiter

1244 1078 1311 1100 eum
1333 1068 1468 1108 ejiceret,
1495 1067 1754 1110 inventumqueest
1763 1080 1828 1102 eum
1838 1072 2004 1103 Romanam
2016 1071 2121 1105 Sedem

1244 1118 1313 1152 olim
1323 1116 1498 1158 abjuratam
1507 1115 1602 1160 insedi
1623 1128 1639 1152 e
1647 1142 1654 1150 .
1679 1118 1783 1161 ,Quam
1792 1118 1896 1152 idcirco
1905 1120 2098 1161 abjuraverit
2106 1144 2120 1161 ,

1245 1170 1316 1209 quia
1339 1167 1382 1200 ad
1401 1178 1488 1208 eam3
1514 1168 1587 1200 dum
1610 1166 1841 1202 Archidiaconus
1853 1168 1918 1210 mser
1932 1192 1943 1208 ,
1968 1170 2065 1204 adhuc
2074 1176 2121 1204 vi-

1245 1226 1334 1251 vente
1355 1220 1479 1249 Domino
1496 1215 1548 1260 fito
1566 1225 1623 1259 per
1645 1217 1836 1251 ambitionem
1858 1216 2015 1261 adspirare
2025 1221 2123 1255 volue-

1244 1272 1302 1301 rit,
1330 1270 1433 1300 Utrum
1455 1266 1518 1300 baec
1541 1278 1617 1301 vera
1633 1267 1714 1309 fint,
1742 1278 1784 1301 an
1797 1265 1907 1310 falsis,
1931 1277 2041 1309 parum
2050 1280 2123 1303 com-

1242 1322 1324 1356 peri.
1354 1317 1411 1351 Alit
1433 1317 1614 1359 afferebant,
1641 1319 1694 1351 alii
1709 1316 1884 1360 figmentum
1903 1318 1954 1362 effe
1964 1318 2119 1354 dicebant.

1244 1364 1381 1408 Utrisque
1406 1369 1499 1402 Roma
1513 1367 1581 1409 fuit
1603 1373 1637 1401 in
1660 1378 1866 1409 argumentum
1884 1392 1891 1400 .
1924 1373 1982 1402 His
2003 1392 2014 1408 ,
2044 1370 2125 1412 quod

1245 1419 1339 1448 Roma
1358 1418 1463 1449 mundi
1474 1417 1601 1450 Domina
1612 1427 1762 1460 nunquam
1770 1425 1927 1459 pateretur
1937 1419 1998 1452 tale
2009 1418 2095 1460 nffat
2104 1431 2121 1462 ‚-

1243 1468 1303 1499 illis
1317 1490 1327 1506 ‚
1354 1468 1435 1508 quod
1453 1477 1487 1499 ea
1505 1469 1681 1509 cupiditatis
1704 1469 1817 1500 ancilla
1831 1467 1929 1509 facile
1949 1466 1983 1501 ob
1988 1473 2122 1510 pretium

1241 1523 1430 1558 permitteret
1451 1528 1534 1550 omne
1555 1517 1662 1559 nefas.
1692 1513 1937 1552 Schismaticam
1948 1518 2123 1562 degradan-

1249 1567 1281 1600 di
1310 1567 1484 1600 Pontificis
1510 1567 1679 1602 audaciam
1702 1567 1836 1602 damnat
1861 1579 1898 1603 ac
1924 1567 2122 1610 detestatur,

1244 1616 1285 1650 de
1309 1617 1460 1660 Gregorii
1485 1617 1634 1651 adversus
1649 1612 2122 1654 NicolaisecundiDecretuin

1244 1667 1424 1702 intrusione
1450 1678 1512 1700 nec
1545 1677 1647 1700 unum
1684 1667 1817 1701 verbum
1845 1667 2003 1702 adducit.
2041 1667 2122 1703 Erat

1244 1716 1331 1748 enirn
1354 1715 1484 1750 fabula.
1517 1716 1571 1751 De
1596 1714 1701 1750 danda
1726 1715 1925 1751 nominandi
1944 1717 2119 1752 Pontificis

1244 1764 1398 1800 facultate
1418 1765 1581 1804 Nicolaus
1605 1777 1665 1801 nec
1685 1767 1859 1799 somniarat
1873 1791 1883 1806 ,
1907 1767 1940 1800 δε
1963 1766 1996 1799 in
2009 1766 2121 1802 Cano·

1244 1815 1352 1847 nicam
1374 1815 1528 1858 Gregorii
1537 1815 1727 1849 elediionem
1739 1815 1816 1848 Hen
1822 1817 1903 1849 ricus
1913 1814 2055 1850 omnin&
2065 1816 2125 1854 de·

1244 1864 1332 1898 derat
1353 1864 1499 1908 Regium
1519 1865 1713 1899 consensum
1726 1889 1734 1897 .
1760 1865 1935 1910 Apologus
1954 1865 2044 1901 aliud
2065 1865 2123 1902 ad·

1243 1914 1360 1947 ducere
1388 1914 1515 1956 nequiit
1536 1937 1546 1952 ‚
1585 1916 1644 1947 nisi
1680 1915 1871 1949 damnatum
1897 1915 1932 1949 in
1955 1916 2118 1951 Formosa

1244 1963 1343 1996 etiam
1363 1962 1526 1996 Pontifice
1536 1963 1697 2007 perjurum
1708 1963 1869 1999 ambitum
1880 1987 1888 1998 .
1915 1964 2050 1999 Etenim
2061 1963 2119 2000 hie

1243 2012 1262 2046 ὲ
1284 2011 1455 2046 Portuenfi
1486 2012 1560 2046 sede
1582 2012 1775 2057 degradatus
1796 2014 1914 2056 jurarat
1937 2015 2115 2059 Episcopa-

1246 2073 1316 2095 tum
1346 2071 1512 2103 nunquam
1533 2063 1689 2096 resumere
1709 2087 1716 2094 .
1744 2062 1837 2096 Hinc
1856 2063 1986 2107 Sergius
2003 2066 2119 2100 tertius

1246 2113 1350 2154 ipsum
1364 2110 1523 2154 judicavit
1535 2111 1696 2145 intrusum
1709 2136 1721 2153 0
1748 2112 1888 2156 ideoque
1900 2113 1978 2148 licet
1990 2113 2056 2157 iam
2067 2115 2119 2150 de·

1245 2161 1413 2201 functum,
1438 2160 1692 2197 extrudendum.
1722 2159 1769 2195 At
1782 2163 1816 2195 in
1839 2163 2040 2207 Gregorium
2059 2175 2118 2199 nov

1246 2211 1345 2245 strum
1358 2210 1422 2249 fuit
1434 2210 1602 2245 manifesta
1615 2212 1778 2246 calumnia
1789 2236 1796 2244 .
1826 2212 1931 2248 Lucet
1941 2225 1983 2247 ex
1993 2214 2059 2257 ejus
2080 2214 2118 2250 in

1246 2261 1471 2306 degradatorio
1482 2261 1622 2294 Henrici
1633 2261 1815 2304 diplomate
1825 2262 1866 2295 ad
1877 2263 2010 2297 Sanetos
2025 2264 2118 2307 Apo-

1246 2313 1346 2346 stolos
1360 2311 1491 2345 Petrum
1514 2322 1551 2344 ac
1574 2310 1714 2345 Paulum
1736 2310 1849 2353 juratis
1871 2310 1993 2346 verbis:
2019 2313 2117 2347 Valde

1246 2367 1364 2395 invitus
1379 2384 1388 2400 ,
1414 2371 1479 2393 cum
1488 2361 1577 2393 multo
1591 2362 1688 2394 dolore
1700 2385 1712 2401 ‚
1737 2362 1890 2405 &gemitu
1903 2385 1914 2401 ,
1940 2363 1974 2396 <v
1988 2362 2116 2404 planen

1247 2418 1279 2445 in
1289 2411 1393 2451 threno
1404 2409 1494 2451 vestro
1503 2410 1596 2444 valde
1616 2415 1735 2444 invitus
1752 2410 1818 2453 sum
1840 2412 2011 2446 collocatus.
2039 2411 2118 2446 Un-

1248 2459 1475 2502 de&lticipse
1498 2459 1672 2504 Apologus
1694 2472 1760 2494 non
1783 2462 1976 2504 praesumpsit
1997 2461 2118 2496 calum-

1248 2511 1309 2544 nia:
1323 2509 1527 2553 adstipulari.
1555 2509 1611 2542 Est
1631 2510 1721 2543 enim
1742 2522 1807 2544 una
1828 2521 1868 2543 cx
1887 2511 2061 2549 calumniis
2081 2512 2115 2548 δε

1247 2559 1427 2598 mendaciis
1438 2559 1620 2594 Cardinalis
1632 2560 1819 2594 Bennonis.

1297 2607 1400 2643 Porro
1411 2609 1569 2650 crimina,
1595 2620 1663 2651 quae
1675 2609 1829 2655 Gregorii
1843 2619 1998 2652 praetext‘ae
2019 2611 2122 2646 intru—

1247 2661 1329 2696 fioni
1349 2659 1548 2695 Brixinenfis
1559 2660 1752 2695 Conventus
1765 2660 1869 2694 voluit
1881 2659 1921 2694 ad
1943 2661 2048 2703 ipsum
2069 2671 2126 2695 cx·

1249 2710 1445 2747 trudendum
1470 2709 1693 2744 adminiculari
1715 2735 1726 2750 ,
1761 2709 1853 2754 supra
1869 2709 2054 2745 audivimus
2078 2710 2122 2750 ab

1250 2761 1379 2800 Abbate
1425 2759 1624 2805 Uspergenfi
1654 2785 1661 2792 .
1696 2760 1838 2796 Fuerunt
1882 2759 2122 2796 mendaciffima

1249 2811 1376 2853 somnia
1403 2810 1524 2853 praefati
1548 2810 1720 2844 Bennonis
1743 2833 1751 2841 .
1787 2807 1881 2845 Otho
1906 2810 2116 2855 Ftifingenfis

1249 2863 1430 2907 Episcopus
1446 2860 1513 2903 ipsa
1535 2859 1673 2903 appellat
1685 2859 1831 2894 convitia
1841 2859 1874 2894 δε
1884 2858 2097 2895 dettafflones
2109 2884 2119 2894 .

1248 2914 1293 2947 Et
1312 2910 1457 2956 praefatus
1479 2909 1618 2945 Hem-ici
1642 2908 1817 2954 Apologus
1841 2908 1966 2943 nullam
1991 2909 2120 2953 penitus

1247 2964 1389 3007 ipsorum
1414 2960 1492 2994 fecit
1504 2960 1726 2994 mentionem.
1755 2959 1799 2992 Et
1810 2959 1952 2993 infensus
1965 2959 2120 3005 Gregorii

1248 3011 1349 3051 hostis
1373 3008 1553 3045 Veneticus
1583 3007 1798 3048 vercellensis
1836 3009 2017 3053 Episcopus
2051 3008 2120 3048 haec

1231 3063 1416 3132 'dumtaxat
1446 3059 1558 3094 scribit
1580 3072 1592 3092 .·
1617 3057 1734 3099 Constat
1757 3056 1999 3096 Hildebraendum
2017 3058 2120 3103 viarm&

1247 3116 1293 3148 ad
1304 3117 1455 3146 interitum
1466 3106 1597 3151 Ecclefiae
1605 3114 1722 3151 pariter
1732 3119 1768 3142 ac
1789 3107 1985 3150 Reipublicae.
2011 3108 2125 3143 Praeci-

1248 3153 1348 3209 puum
1360 3159 1482 3196 crimen
1494 3181 1505 3198 ‚
1529 3170 1570 3193 ex
1583 3170 1650 3202 quo
1663 3158 1757 3195 illum
1767 3159 1875 3193 censet
1889 3158 2014 3203 Papatu
2033 3156 2122 3194 indi,-

1247 3225 1351 3260 gnum
1364 3236 1376 3252 ‚
1401 3207 1561 3245 continuo
1585 3209 1690 3249 asserit
1709 3208 1772 3245 effe
1790 3209 1902 3254 sugam
1915 3231 1926 3249 ‚
1949 3219 2012 3252 qua
2031 3207 2122 3242 inva-

1248 3267 1316 3302 sam
1335 3260 1376 3305 ab
1394 3259 1544 3294 Heni-ico
1566 3259 1709 3295 Romam
1721 3258 1859 3293 deseruit
1869 3258 2063 3304 Gregoriu8‚
2085 3257 2120 3292 dc

1246 3315 1334 3360 fiagit
1353 3310 1394 3348 ad
1423 3310 1588 3345 civitatem
1600 3308 1854 3343 Salernitanam.
1881 3307 1939 3343 Ab
1949 3306 2122 3342 Henricia—

1246 3365 1297 3405 nis
1318 3359 1471 3409 trucidari
1505 3359 1663 3407 Pontifex
1692 3370 1763 3400 non
1784 3359 1854 3395 fine
1870 3358 1962 3405 causa
1984 3355 2119 3443 fgmuitt

1984 3418 1996 3441 1
2020 3415 2070 3447 CO?
