2352 3756
100 1413 214 1444 Pohe»

868 56 1436 104 CONCILIUM.

238 157 284 182 tet
298 173 307 187 ,
333 146 423 190 quod
447 143 530 179 male
553 144 658 177 astum
672 142 739 183 est,
767 141 976 175 Daimbertum
986 139 1024 173 ab
1036 139 1127 173 haere-

238 204 305 231 ticis
326 205 440 238 corpore
463 203 496 229 o·
503 194 616 238 spiritu
637 195 809 237 digrefficm,
836 202 924 236 atque
942 191 1126 224 utilitatibus

239 246 375 287 Ecclefiae
392 255 448 288 pro
470 246 587 279 viribus
609 243 798 287 insudantem
811 268 821 283 ‚
847 254 886 276 ex
909 247 1042 285 integro,
1070 244 1129 274 Ec-

238 295 325 336 clefiae
350 298 507 336 necesstiate
533 302 687 338 ingruente
714 297 879 326 Diaconum
911 292 1127 332 constituimus.

240 348 334 389 ,Quod
355 358 412 379 non
433 351 652 379 reiterationem
679 344 840 384 existimari
866 340 1016 385 censemus
1038 366 1049 382 ,
1071 339 1139 385 sed*

230 395 362 429 'tantum
377 402 525 440 integram
543 399 679 428 Diaconii
701 394 851 427 dationem
865 417 872 424 .
898 394 1068 434 ¹Quoniam,
1089 400 1126 424 ’ut

228 449 311 481 *ante*
318 447 524 489 paedixlmus
536 471 546 487 ,
561 451 611 488 qui
622 443 701 478 nibil
709 443 813 476 babuit
823 467 833 483 ,
845 441 922 475 nihil
930 444 1004 475 dare
1010 448 1109 484 potuit
1117 467 1124 473 .

240 497 302 531 Per
327 497 550 541 Augustinum
572 496 760 530 Caravitam
780 494 939 527 correctus
958 493 992 526 ὅ(
1013 503 1125 536 expur-

240 558 336 591 gatus
363 547 538 581 Gratianus
573 546 653 590 legit
675 570 687 585 ,
715 545 880 577 Necilone.
910 543 957 576 At
983 542 1124 576 omnino

233 598 284 630 'est
306 597 508 640 legendum,
536 596 714 630 VVecilone.
744 594 786 627 Et
808 592 894 627 idem
919 592 1124 637 Augustinus

239 645 330 680 addit
347 646 411 679 hoc
438 646 595 681 Scholion
613 659 623 678 :
652 649 809 677 Marianus
820 647 919 676 5cotus
932 647 963 675 in
974 649 1044 675 vita
1055 646 1124 674 Gre-

233 702 313 740 gorii
340 695 462 739 septime
495 688 683 729 mentionem*
701 693 783 744 [αξη
811 691 1020 737 Archiepiscopi
1042 695 1124 733 Mag-

238 746 419 790 deburgenfis
443 770 452 786 ‚
477 746 528 780 boc
562 747 677 779 nomine
705 745 847 786 appellati
871 767 879 774 .
910 741 1034 776 verum
1069 741 1122 775 hic

238 797 372 830 Wecilo
400 798 462 831 fuit
487 797 533 830 vir
556 796 725 839 insigniter
745 793 962 832 Catholicus,
988 791 1030 824 de
1056 803 1122 835 quo

236 845 278 879 ad
299 846 389 879 istius
413 847 514 879 saeculi
536 857 660 879 annum
683 843 951 887 septuagesimum
972 842 1121 875 octavum

237 894 346 928 scribit
369 894 559 929 Conrardus
581 893 693 927 Abbas
716 892 950 936 Uspergensis:
980 896 1122 924 Henrieus

236 947 303 987 Rex
311 950 488 987 properanti
497 954 599 977 contra
615 942 650 986 se
668 954 732 976 cum
758 945 849 976 multo
867 947 993 976 exercitu
1014 943 1122 975 Rudol-

233 994 296 1038 pho
309 997 407 1036 juata
431 997 548 1027 strenui
573 999 694 1027 occurrit
717 1018 724 1024 .
752 997 886 1035 Initoque
901 994 1008 1034 praelio
1027 1016 1038 1032 ,
1064 1004 1122 1025 non

233 1051 324 1086 pauci
343 1057 382 1077 ex
403 1044 450 1077 his
461 1040 548 1085 atque
571 1044 633 1077 illis
647 1042 872 1084 prosternuntur
885 1067 895 1082 ‚
922 1054 957 1076 ac
967 1049 1078 1076 incerta
1084 1041 1121 1083 fit

236 1095 364 1126 vic‘loria
374 1120 385 1134 ,
412 1093 563 1136 utriusque
584 1100 722 1126 certatim
726 1092 912 1135 fugientibus
925 1094 966 1125 ad
972 1099 1097 1134 propria
1110 1117 1119 1131 ‚

235 1145 286 1176 ubi
308 1146 328 1176 a
345 1144 518 1188 vulgaribus
539 1143 703 1176 hominibus
730 1147 757 1173 V
758 1145 849 1175 Vecilo
867 1140 1117 1185 Magdeburgenfis

236 1193 472 1237 Archiepiscopus
496 1201 528 1227 in
542 1193 621 1237 fuga
632 1194 770 1225 occiditur
782 1216 793 1232 ,
811 1192 876 1234 sive
895 1203 927 1225 ut
940 1193 1064 1234 quidam
1077 1194 1115 1223 di-

234 1254 304 1276 cunt
316 1268 327 1284 ‚
349 1243 553 1287 suspenditur.
582 1244 672 1277 Idem
684 1242 824 1285 praelium
838 1253 998 1276 memorat
1014 1242 1115 1276 Vene-

235 1295 319 1327 ricus
340 1290 555 1328 vercellensis
574 1294 754 1336 Episcopus
771 1318 782 1334 ,
810 1294 946 1327 affirmat
975 1292 1116 1326 Wecilo-

235 1355 311 1378 nem
333 1342 492 1378 adhaefiffe
518 1342 699 1386 Rudolpho
727 1343 838 1387 Regi,
865 1342 1116 1386 adeoqueetiam

237 1395 401 1438 Gregorio
414 1395 550 1437 septimo
563 1419 573 1434 ,
600 1395 634 1428 δε
647 1393 794 1437 adjungit
809 1406 816 1425 :
845 1395 1022 1427 VVezilinus
1037 1396 1130 1435 Mag,

235 1443 416 1488 deburgenfis
449 1442 581 1485 Ecclefiae
618 1442 851 1486 Archiepiscopus
882 1449 915 1475 in
959 1442 1034 1485 fuga
1054 1448 1123 1474 occi-

230 1493 283 1536 sus
307 1495 365 1534 est.
396 1494 539 1528 Proinde
567 1493 725 1528 Urbanus
760 1493 920 1527 secundus
951 1492 1118 1526 manifeste

233 1546 303 1587 agit
312 1545 352 1578 de
368 1544 543 1578 Wecilone
554 1543 781 1588 Moguntino.
811 1544 880 1577 Hic
897 1543 959 1577 fuit
971 1544 1005 1577 ὅ(
1017 1541 1118 1577 Schis-

230 1594 375 1628 'maticus
398 1595 431 1628 &
445 1594 662 1633 simoniacus,
685 1594 780 1627 datos
802 1605 857 1636 per
877 1594 977 1636 ipsum
989 1593 1119 1627 ordines

177 1668 179 1670 -
233 1643 418 1676 exsufflavit
438 1643 533 1677 Otho
547 1643 728 1676 Hostiensis
741 1643 940 1685 Episcopus,
968 1643 1116 1686 atqueita

233 1692 301 1734 ejus
314 1694 504 1730 Diaconum
516 1691 745 1726 Daimbertum
766 1693 965 1725 reordinavit
980 1717 987 1723 .
1014 1694 1119 1732 Syno-

234 1743 306 1775 dale
330 1743 466 1775 Nicolai
493 1742 624 1776 secundi
647 1742 825 1775 Decretum
851 1740 947 1774 habet
971 1741 1012 1774 de
1026 1741 1118 1774 tertia

233 1792 427 1825 Simoniacae
449 1790 664 1825 ordinationis
677 1790 798 1833 specie:
827 1794 888 1823 Eos
899 1791 951 1832 qui
961 1790 1049 1832 usque
1064 1803 1117 1822 mo·

234 1843 273 1873 do
286 1840 462 1884 gratissimi
476 1844 495 1873 ἃ
517 1844 688 1874 simoniacis
702 1838 884 1882 consecrati,
911 1851 968 1872 non
980 1849 1043 1872 tam
1054 1850 1115 1872 cen-

228 1890 303 1934 sura
321 1891 448 1931 justitiae
471 1915 482 1930 ,
510 1902 599 1932 quam
619 1888 825 1932 msericordias·
848 1895 957 1922 intuitu
983 1895 1015 1921 in
1038 1900 1115 1920 atce-

226 1946 294 1982 ptis
304 1940 456 1973 ordinibus
467 1950 587 1972 manere
593 1945 797 1980 permittimus
811 1963 817 1970 .
847 1941 892 1970 De
902 1947 1004 1970 caetero
1042 1947 1119 1969 utem

225 1989 256 2032 fi
259 1997 328 2033 quis
343 1995 382 2024 'in
400 1989 541 2032 posterum
563 1989 602 2022 ab
622 2001 672 2029 eo,
698 2000 783 2030 quem
792 1991 985 2021 simoniacum
996 1951 1047 2031 effe
1063 1999 1119 2020 non

230 2041 352 2073 dubitat
373 2064 384 2079 ‚
405 2038 439 2082 se
456 2038 615 2081 consecrari
633 2036 802 2079 permiserit
837 2061 848 2077 ,
873 2039 907 2071 ὁ·
930 2036 1119 2079 Consecratur

230 2087 469 2132 &consecratus
482 2099 539 2122 non
560 2086 707 2130 disparem
719 2088 920 2119 damnationis
940 2084 1117 2128 sententiam

226 2138 356 2183 subeat,
377 2137 436 2182 sed
455 2148 577 2180 uterque
592 2135 735 2178 depofitus
745 2141 951 2178 poenitentiam
964 2144 1057 2179 agat,
1083 2138 1116 2169 <zi

225 2195 373 2231 privatus
400 2191 420 2221 a
441 2194 565 2230 propria
589 2189 737 2231 dignitate
758 2185 890 2228 perfistat
908 2210 916 2218 .
947 2185 1119 2219 Daimber-

230 2250 282 2273 tus
294 2238 505 2283 Moguntinae
519 2237 666 2271 Ecclefiae
679 2237 849 2271 Diaconus
874 2236 914 2269 de
927 2233 1112 2279 hujusmodi

228 2287 440 2327 ordinatione
461 2287 617 2326 dolebat,
643 2286 817 2330 dereliquit
839 2285 1114 2328 Pseudo-Episco-

227 2350 308 2382 pum
320 2338 527 2371 Wecilonem
542 2362 552 2378 ,
578 2336 704 2370 sirenue
716 2335 831 2380 agebat
855 2347 913 2378 pro
934 2335 1111 2371 Catholica

228 2388 372 2422 Ecclesia
385 2411 395 2428 ,
421 2387 455 2421 ὅ(
468 2386 535 2421 haec
548 2386 711 2420 laborabat
722 2386 833 2429 inopia
845 2384 1007 2420 bonorum
1019 2386 1111 2419 mini·

227 2438 387 2471 strorum:
415 2438 508 2471 Hinc
520 2437 652 2470 Nicolai
665 2436 837 2470 Canonem
850 2436 1111 2479 dispensandum,

228 2488 262 2521 δε
289 2486 517 2521 Daimbertum
541 2485 684 2532 gratiose
708 2486 921 2529 reparandum
946 2484 1040 2520 duxit
1067 2486 1112 2519 Ο-

229 2537 290 2572 tho
321 2537 463 2582 Legatus
494 2561 505 2577 ,
537 2548 573 2571 ac
602 2536 799 2572 reordinavit
823 2559 831 2568 .
859 2542 914 2570 An
947 2546 1023 2570 ante
1059 2536 1111 2569 vel

230 2588 301 2631 post
323 2588 408 2622 hanc
430 2587 600 2629 Synodum
614 2612 626 2629 ,
653 2586 798 2629 adeoque
820 2597 860 2618 an
883 2597 925 2619 ex
947 2585 1042 2628 hujus
1053 2587 1112 2628 Sy-

229 2637 310 2672 nodi
326 2638 466 2671 Canone
490 2637 612 2681 egerit,
636 2636 686 2671 vel
709 2648 750 2670 an
764 2636 832 2677 ejus
845 2637 963 2669 fastum
977 2635 1043 2670 haec
1056 2637 1112 2677 Sy-

229 2688 338 2722 nodus
357 2687 578 2727 confirmarit,
608 2688 748 2732 ignoro.
775 2685 927 2719 Omnino
952 2686 1013 2720 fuit
1035 2686 1112 2720 alte-

230 2746 368 2771 rutrum.
434 2737 571 2782 uidquid
593 2738 628 2771 fit
644 2761 655 2776 ,
682 2736 797 2770 Petrus
822 2736 1025 2770 Pistorienfis
1037 2735 1110 2779 Epi-

229 2788 345 2830 scopus
366 2788 399 2821 &
414 2787 567 2821 Rusticus
581 2786 758 2822 Umbrosae
785 2785 890 2819 Vallis
904 2785 1016 2820 Abbas
1028 2785 1109 2820 istud

230 2836 471 2880 improbarunt,
500 2838 650 2872 Othonis
678 2837 795 2871 fastum
807 2836 957 2870 videntur
971 2836 1110 2870 retulisse

229 2888 270 2921 ad
303 2887 482 2922 Urbanum
522 2888 698 2922 secundum
719 2911 730 2926 ‚
755 2897 793 2919 ac
815 2886 912 2920 etiam
950 2885 1110 2920 Urbanus

230 2948 300 2970 non
320 2939 456 2972 mutasse
477 2946 619 2972 mentem
643 2962 653 2978 ,
682 2936 736 2971 sed
761 2936 864 2979 ipsum
890 2936 1110 2970 confirmasse.

231 2985 298 3021 Isto
308 2987 398 3021 enim
408 2997 554 3034 tempore
566 2988 650 3024 circa
661 2986 779 3022 ssmiles
791 2987 1014 3022 ordinationes
1026 2987 1107 3032 quis·

750 3302 764 3322 ἱ

1157 1734 1171 2427 l

1189 150 1252 181 que
1265 140 1298 171 in
1312 140 1368 172 suo
1380 142 1471 175 sensu
1483 143 1773 181 libereabundabat
1785 171 1792 179 .
1808 146 1958 182 Errorem
1971 149 2065 192 plene

1190 188 1478 236 tandem-extinxit
1488 193 1615 229 Dostor
1629 197 1828 241 Angelicus.
1848 197 1948 244 Qod
1960 200 2065 234 Sanffi

1191 241 1223 273 δε
1243 239 1370 282 antiqui
1394 239 1595 281 Pontifices,
1618 245 1774 281 Damasus
1792 272 1802 286 ,
1826 248 2064 289 Innocentius,

1190 289 1280 329 Leo,
1309 288 1464 335 Pelagius
1485 312 1495 328 ‚
1516 295 1558 323 *ac
1582 291 1759 335 Gregorius
1785 298 1884 330 errori
1906 297 2064 337 faverint,

1189 340 1224 374 ὅς
1249 339 1407 375 Urbanus
1427 339 1585 374 secundus
1606 340 1639 373 δε
1662 341 1726 375 haec
1739 345 1889 386 Synodus
1899 358 2061 382 errarunt.

1191 389 1242 422 Ex
1266 389 1360 433 hujus
1380 391 1522 433 praesenti
1543 390 1683 424 Canone
1703 392 1808 433 palam
1832 395 1885 428 ille
1910 397 2062 441 rescripsit

1190 440 1229 474 ad
1243 439 1374 474 Petrum
1388 441 1586 484 Episcopum
1596 440 1630 474 &
1642 440 1813 474 Rusticum
1835 442 1994 479 Abbatem
2005 472 2012 478 .

1239 490 1342 536 Qod
1364 489 1418 525 hic
1441 491 1560 525 Canon
1572 491 1667 526 datos
1679 502 1733 533 per
1744 491 1965 527 Simoniacum
1987 497 2063 540 Epi.

1190 536 1319 583 scopum
1340 539 1470 575 ordines
1503 544 1629 577 censeat
1661 541 1913 576 substantialiter
1935 545 2063 586 nullos,

1190 590 1276 624 lucet
1299 592 1396 624 etiam
1417 602 1459 625 ex
1480 592 1567 632 illis,
1594 592 1707 635 quaein
1721 591 1940 637 Apologetica
1954 605 2011 635 pro
2022 595 2065 629 se-

1189 640 1292 682 ptimo
1314 641 1477 685 Gregorio
1501 642 1646 684 Epistola
1679 641 1788 675 scribit
1810 643 1895 685 apud
1929 642 2065 678 Veneri-

1188 701 1262 724 cum
1276 690 1514 725 Vercellensem
1528 692 1726 735 Episcopum
1740 691 1980 736 Hirgauziensis
1991 693 2068 727 Mo·

1188 740 1315 773 nasterii
1338 740 1528 785 incognitus
1549 740 1753 775 Monachus:
1782 744 1960 783 Sciendum,
1985 745 2069 786 quod

1189 790 1344 823 Guibertus
1365 801 1475 834 arguat
1485 790 1653 825 catholicos
1675 792 1872 834 afferereilla‚
1898 804 1965 834 quae
1976 803 2066 827 extra

1187 838 1341 881 Ecclesiam
1362 841 1442 883 fiunt
1464 865 1475 881 ,
1501 844 1694 877 sacramenta
1719 853 1777 875 non
1798 842 1848 885 effi:
1871 866 1882 883 ‚
1908 853 1960 875 nec
1982 843 2067 876 aliud

1187 892 1278 931 quam
1304 892 1527 925 damnationem
1562 899 1700 935 cuiquam
1725 891 1855 933 conferre
1875 917 1885 932 ,
1913 891 2066 932 adstruens

1186 948 1251 971 tam
1270 949 1360 973 extra
1380 952 1469 984 quam
1489 948 1572 976 intra
1599 943 1785 977 Catholicam
1818 941 1976 983 Ecclesiam
2005 942 2066 975 baec

1186 995 1284 1022 omnia
1307 1000 1377 1023 rata
1400 992 1433 1024 (θ’
1453 1003 1526 1025 vera
1549 993 1686 1034 existen.
1715 993 1889 1035 Assumitque
1899 998 1932 1025 in
1943 991 2067 1032 testim·
2082 1006 2196 1046 Pol-41.

1188 1046 1267 1071 nium
1294 1040 1454 1082 assertionis
1470 1038 1535 1084 suae
1544 1041 1721 1085 sententiam
1733 1042 1880 1086 Augustini
1891 1047 1922 1074 in
1933 1044 2060 1084 quodam

1187 1091 1329 1123 Trac‘latu
1349 1096 1382 1123 in
1403 1093 1606 1135 Evangelium
1619 1098 1653 1138 J
1656 1099 1759 1126 ominis
1768 1102 1872 1126 contra
1891 1092 2061 1134 rebaptiza-

1187 1149 1232 1172 tos
1256 1142 1366 1173 editam
1381 1166 1388 1173 .
1414 1145 1463 1174 Ita
1482 1153 1547 1185 ergo
1569 1144 1744 1187 Augustinus
1766 1147 1882 1185 inquit:
1912 1142 1984 1176 Nec
2014 1144 2061 1177 fo·

1189 1190 1227 1222 ris
1242 1213 1254 1229 ,
1279 1191 1360 1224 ficut
1372 1202 1431 1224 nec
1443 1192 1531 1226 intus
1543 1215 1554 1231 ,
1581 1194 1752 1236 quisquam
1774 1194 1883 1237 quiex
1895 1202 1983 1236 parte
1994 1193 2061 1227 dia·

1188 1238 1254 1272 boii
1265 1240 1310 1273 est
1321 1264 1333 1279 ,
1361 1242 1462 1283 potest
1475 1241 1526 1275 vel
1537 1242 1571 1274 in
1584 1244 1615 1276 se
1627 1268 1636 1283 ‚
1665 1244 1714 1277 vel
1727 1244 1760 1277 in
1774 1254 1939 1286 quoquam
1953 1254 2064 1277 macu-

1188 1289 1251 1322 lare
1270 1290 1515 1325 Sacramentum
1530 1315 1541 1331 ‚
1568 1292 1657 1336 quod
1672 1292 1795 1327 Christi
1818 1294 1862 1327 est
1875 1318 1883 1325 .
1911 1295 2063 1337 Quam&

1187 1350 1237 1371 nos
1254 1338 1437 1382 sententiam
1454 1341 1584 1383 fideliter
1605 1343 1812 1385 amplec‘lentes
1834 1341 2064 1385 respondemus,

1186 1388 1236 1422 hoc
1257 1390 1445 1433 Augustinum
1464 1391 1564 1435 desolo
1577 1417 1588 1433 ‚
1613 1395 1693 1426 unde
1705 1386 1776 1427 tunc
1783 1392 1927 1436 agebatur
1943 1392 2065 1435 Baptis-

1187 1446 1227 1471 mi
1249 1441 1350 1483 dixisse
1372 1443 1584 1475 sacramento.
1618 1444 1741 1477 Eadem
1774 1442 1868 1485 hujus
1900 1442 2066 1478 Monachi

1188 1489 1280 1523 verba
1301 1491 1431 1524 adducit
1455 1491 1487 1525 in
1503 1493 1742 1536 suioperisfine
1754 1493 1955 1532 vent-ricus,
1979 1492 2069 1527 &de

1187 1540 1327 1582 ipsorum
1340 1541 1492 1574 Authoie
1504 1553 1570 1576 non
1583 1543 1662 1578 dicit
1674 1568 1684 1583 ,
1696 1548 1797 1586 Inquit
1809 1567 1820 1583 ‚
1837 1544 1890 1577 sed
1902 1548 2043 1585 Inquiunt
2052 1567 2064 1576 .

1185 1588 1286 1634 Qod
1310 1602 1427 1634 nempe
1451 1591 1586 1635 plurimi
1610 1603 1689 1627 tunc
1710 1593 1877 1628 Catholici
1901 1594 1947 1628 ita
1970 1594 2068 1628 senti-

1187 1650 1257 1673 rent
1274 1664 1280 1671 .
1309 1640 1431 1681 Plura,
1457 1652 1528 1684 quae
1554 1643 1760 1678 Sacramenta
1778 1644 1879 1677 etiam
1902 1653 1994 1677 extra
2006 1644 2068 1677 Ec-

1186 1688 1311 1721 clesiam
1330 1691 1435 1724 valere
1455 1693 1637 1734 affirmant,
1663 1694 1767 1727 Sancti
1789 1692 2071 1740 Augustinitestij

1186 1737 1300 1770 monia
1322 1737 1454 1772 adducit
1468 1763 1478 1779 ,
1505 1741 1538 1773 ἀ
1561 1742 1751 1782 concludit:
1780 1745 1910 1776 Proinde
1931 1745 2069 1776 Clemens

1188 1789 1275 1827 Papa
1301 1794 1400 1831 arguit
1421 1800 1468 1822 eos
1481 1813 1491 1828 ,
1518 1795 1567 1831 qui
1587 1792 1676 1825 aliter
1697 1793 1821 1825 credunt
1842 1792 1957 1833 deipsis
1967 1794 2071 1825 Sacra-

1186 1841 1295 1868 mentis
1307 1837 1417 1878 Christi
1426 1841 1459 1871 &
1472 1838 1604 1879 Ecclesi‘ae
1615 1866 1625 1881 ,
1651 1843 1805 1884 afferentes
1822 1853 1857 1875 ea
1869 1852 1959 1875 extra
1973 1844 2070 1876 Eccle-

1178 1884 1254 1925 fiam
1273 1887 1464 1919 Sacramenta
1476 1900 1532 1920 non
1543 1890 1610 1932 effe.
1637 1894 1702 1934 ‚Qui
1712 1896 1805 1924 etiam
1825 1903 1890 1924 cum
1904 1892 1996 1934 fidem
2009 1896 2068 1925 Ca·

1184 1934 1322 1967 tholicam
1357 1949 1414 1970 non
1436 1937 1565 1971 babeant
1586 1964 1596 1980 ‚
1617 1940 1677 1984 sese
1698 1941 1864 1974 catholicos
1886 1944 2042 1983 appellant
2055 1967 2066 1982 ‚

1185 1992 1303 2017 caeteros
1311 1995 1409 2019 autem
1420 2009 1430 2025 ‚
1455 1994 1507 2029 qui
1517 1991 1607 2022 multi>
1619 1991 1722 2024 melitis
1735 2015 1745 2030 ,
1759 1993 1848 2032 quam
1858 1991 1914 2033 ipst'
1921 1994 2045 2025 eredunt
2054 2018 2065 2033 ‚

1185 2033 1336 2068 haerettcos
1355 2046 1445 2078 atque
1459 2035 1660 2081 schismaticos
1682 2039 1732 2082 effe
1743 2042 1930 2080 dijudicant.
1958 2042 2064 2089 Qod

1183 2093 1272 2117 extra
1295 2085 1471 2119 Ecclesiam
1491 2088 1604 2122 datum
1625 2089 1790 2132 Baptisma
1810 2092 1887 2125 esset
1901 2103 2010 2125 verum
2030 2093 2065 2126 &

1183 2143 1289 2165 ratum
1312 2156 1322 2171 ‚
1347 2146 1462 2169 omnes
1488 2146 1566 2170 tunc
1592 2139 1830 2180 profitebantur
1849 2164 1860 2179 ,
1886 2140 1995 2175 verum
2022 2143 2065 2176 do

1182 2182 1253 2215 aliis
1276 2183 1487 2218 sacramentis
1515 2196 1581 2220 erat
1614 2188 1736 2222 summa
1759 2191 1963 2223 concertatio
1981 2217 1988 2223 .
2017 2191 2062 2226 Et

1182 2232 1315 2275 quidem
1340 2235 1435 2268 multi
1449 2234 1616 2270 Catholici
1639 2237 1932 2282 afferebant&ipsa
1944 2241 2059 2276 valere.

1181 2282 1284 2316 Lucet
1295 2294 1335 2317 ex
1348 2284 1431 2319 libro
1452 2286 1630 2329 gratissimo
1650 2288 1754 2321 Sancti
1767 2288 1856 2322 Petri
1878 2290 2055 2325 Damiani.

1182 2331 1293 2367 Plures
1313 2344 1421 2368 tamen
1442 2336 1616 2370 censebant
1638 2338 1726 2372 irrita
1748 2338 1780 2372 &
1800 2341 1890 2374 nulla
1913 2364 1920 2372 .
1949 2341 1991 2375 Et
2018 2341 2056 2377 hi

1181 2384 1355 2417 cunctosin
1370 2385 1568 2420 Guibertino
1580 2385 1748 2422 schismate
1758 2391 1960 2425 consecratos
1981 2392 2055 2436 Epi-

1179 2434 1292 2476 scopos
1311 2435 1344 2468 ἀ
1365 2435 1511 2470 Clericos
1522 2437 1661 2471 omnino
1672 2439 1894 2475 resacrabant.
1922 2441 2054 2478 Horum

1178 2484 1370 2518 sententiam
1392 2486 1454 2519 toti
1488 2487 1637 2521 Ecclesiae
1664 2488 1820 2532 imposuit
1850 2491 2052 2533 Guibertus‚

1177 2533 1263 2566 dixit
1284 2535 1440 2569 adversari
1461 2536 1570 2576 avito,
1595 2549 1650 2581 per
1660 2540 1811 2574 Sanstum
1825 2539 2051 2586 Augustinum

1176 2583 1208 2616 ὃς
1229 2595 1360 2618 omnem
1384 2586 1557 2621 Ecclesiam
1586 2588 1667 2622 olim
1695 2589 1832 2633 probato
1866 2592 2050 2636 Dogmati,

1177 2633 1313 2676 ideoque
1330 2635 1416 2678 apud
1438 2638 1489 2676 se,
1516 2649 1584 2670 non
1609 2638 1694 2681 apud
1720 2641 1874 2685 Gregorii
1900 2653 2052 2676 commu·

1177 2683 1309 2717 nionem
1329 2685 1392 2719 effe
1414 2697 1520 2720 veram
1541 2687 1639 2721 fidem
1658 2699 1696 2723 ac
1722 2701 1830 2725 veram
1852 2691 2046 2726 Ecclesiam.

1174 2731 1274 2767 Porrd
1295 2734 1352 2769 iste
1378 2747 1467 2770 error
1478 2738 1646 2780 praesertim
1660 2739 1832 2784 vigebatin
1851 2741 2046 2776 Germania.

1174 2783 1277 2818 Lucet
1298 2795 1338 2819 ex
1368 2785 1434 2820 illis
1463 2797 1533 2831 quae
1564 2788 1820 2825 Constantienfis
1853 2789 2047 2826 Bettholdus

1174 2833 1280 2867 scribit
1291 2835 1331 2869 de
1343 2835 1503 2880 Magistro
1512 2837 1676 2872 Bernardo
1688 2865 1699 2880 ‚
1713 2842 1848 2876 Rettore
1856 2840 2048 2876 Scholarum

1173 2883 1468 2920 constantiensium
1480 2912 1487 2918 .
1513 2886 1658 2923 Proinde
1671 2890 1762 2926 istam
1774 2892 1964 2927 sententiam
1975 2902 2046 2936 pra:-

1173 2935 1240 2969 sent
1252 2934 1372 2971 Canon
1385 2935 1524 2973 omnino
1537 2937 1663 2973 videtur
1676 2941 1894 2977 confirmasse.

1822 3390 1995 3429 CANON'
