2352 3756
889 151 1455 195 C·0N01L1um.
1641 151 1643 153 ’
1904 174 2022 222 ·353

259 242 419 284 byterorum
438 240 472 273 &
491 237 667 272 violentiam
693 236 921 269 simoniacorum
944 234 1019 266 adeo
1036 232 1159 274 probi-¹
1182 233 1195 322 ἱ
1200 229 1384 275 prohibuerit
1398 255 1408 271 ‚
1428 230 1498 273 siin
1516 233 1577 276 ipso
1589 237 1643 268 tali
1651 237 1788 278 facinore
1801 240 1888 285 pofiti
1910 252 1994 277 contr
2008 258 2028 278 a
2029 247 2089 287 fas

261 292 345 330 buit,
370 298 403 323 ut
425 294 517 324 etiam
534 288 679 331 populum
699 285 846 321 alveorum
865 283 951 325 officio
967 281 1026 326 sub
1045 262 1162 318 bannvl
1208 283 1302 323 &jus
1325 279 1490 320 mmlstfflr‘
1506 281 1762 328 prfsumpstffint-

824 467 1541 540 CANoNvu.

331 641 445 689 Tem
480 637 688 687 statutum
723 633 784 684 est
818 670 831 694 ‚
880 648 935 684 ne
968 631 1092 680 Laici
1127 629 1265 698 pallas
1299 628 1464 681 Altaris
1498 664 1511 691 ,
1557 631 1600 678 &
1633 627 1754 683 sacra
1788 630 1888 682 vasa
1920 639 2093 687 contin-

365 725 503 775 gant.

452 842 481 885 S
515 855 543 884 C
579 854 611 883 H
643 852 674 883 0
708 852 731 881 L
765 850 782 880 1
816 849 850 879 0
885 849 916 880 N
929 847 945 880 ,-
1210 841 1276 867 tum
1298 845 1313 875 ‚·
1338 833 1385 866 ad
1402 832 1504 866 Altare
1526 839 1627 865 autem
1650 832 1783 866 accedere
1807 840 1864 875 pro
1888 836 2086 871 accendendas

1210 888 1299 917 cereis
1320 884 1372 916 vel
1391 883 1523 916 candelis
1541 881 1739 922 Monachum,
1765 888 1816 926 qui
1835 884 1912 917 nulli
1930 884 1969 925 est
1985 886 2085 927 affinis

1209 938 1326 966 crimini
1350 955 1362 972 ‚
1385 944 1442 966 non
1462 930 1592 973 existimo
1609 930 1760 974 prohiberi
1783 940 1912 976 oportere
1932 958 1943 975 ,
1962 942 2086 977 propter

1210 981 1393 1016 Monachalis
1422 982 1546 1016 babitus
1569 980 1764 1022 honestatem.
1792 983 1878 1029 Agit
1895 982 1937 1018 de
1949 984 2088 1030 Angeli-

1209 1044 1250 1067 co
1263 1034 1314 1067 seu
1327 1032 1444 1075 majori
1464 1033 1678 1076 professorum
1689 1032 1936 1070 Monachorum
1944 1032 2059 1070 habitu
2067 1060 2081 1077 .

1210 1083 1351 1127 ideoque
1363 1081 1514 1116 Novitiis
1524 1094 1592 1117 nou
1604 1082 1764 1127 permittit
1775 1083 1873 1118 istum
1887 1085 2066 1129 ingreffum
2076 1110 2085 1119 .

1211 1133 1257 1168 Ita
1270 1132 1335 1167 hoc
1351 1133 1556 1176 Responsum
1578 1132 1659 1166 redte
1682 1133 1913 1178 interpretatur
1923 1134 2085 1169 Theodo-

1210 1195 1262 1217 rus
1273 1183 1447 1217 Balsamon
1461 1206 1469 1214 .
1494 1182 1639 1217 Proinde
1661 1182 1784 1217 Altaris
1807 1184 1962 1219 candelas
1983 1185 2085 1230 longe

1209 1234 1318 1267 minus
1346 1232 1442 1276 possit
1467 1232 1556 1275 apud
1585 1231 1715 1266 Graecos
1740 1232 1860 1269 Laicus
1886 1234 2084 1270 accendere.

354 987 458 1024 Anon
482 986 620 1021 innovat
642 982 813 1027 antiquam
838 979 1046 1026 disciplinam
1069 1004 1080 1022 ,
1105 979 1147 1016 de

100 1048 245 1086 Capu.
266 1071 269 1074 .
379 1049 443 1083 qua
462 1035 665 1073 Laodicense
688 1031 885 1068 Concilium
898 1044 909 1065 .·
938 1035 1012 1065 Non
1032 1040 1144 1074 oportet

264 1088 416 1129 Ministro:
435 1088 526 1121 locum
547 1084 655 1118 habere
676 1088 709 1116 in
733 1086 909 1121 Diacont'co,
935 1083 969 1116 (⁶5
991 1085 1144 1115 Dominica

264 1137 341 1182 vasa
351 1144 514 1181 contingere
529 1160 536 1167 .
564 1135 628 1168 Per
645 1133 819 1167 Ministros
841 1130 949 1166 lucide
961 1131 1146 1175 intelligun-

265 1198 318 1223 tur
328 1186 544 1222 Subdiaconi.
571 1185 661 1219 Nam
673 1180 844 1226 quomodo
855 1182 1001 1216 Diaconi
1025 1182 1143 1225 poffint

265 1250 336 1272 non
347 1237 465 1272 habere
476 1237 586 1270 locum
599 1235 634 1269 in
645 1234 861 1268 Diaconico?
889 1232 933 1265 Et
958 1230 998 1266 ad
1008 1231 1092 1276 ipsos
1101 1243 1142 1266 ex

1210 1281 1326 1328 Longe
1339 1281 1448 1317 minus
1459 1291 1591 1330 tangere
1614 1283 1700 1316 sacra
1711 1284 1783 1318 vasa
1797 1309 1804 1315 .
1833 1284 1932 1328 Apud
1942 1297 2003 1320 nos
2022 1285 2086 1322 La-

1209 1334 1296 1367 tinos
1306 1331 1505 1377 Subdiaconi
1517 1332 1664 1366 officium
1673 1333 1718 1366 est
1728 1333 1917 1375 sublimius,
1945 1334 2086 1377 ideoque

1210 1383 1263 1417 ille
1282 1384 1404 1426 semper
1415 1382 1523 1426 potuit
1532 1383 1618 1416 sacra
1630 1383 1702 1417 vasa
1716 1393 1864 1428 tangere:
1894 1384 2021 1418 Verum
2033 1396 2086 1418 va-

264 1287 437 1322 universali
459 1287 599 1321 Canone
623 1294 704 1318 tunc
726 1282 885 1327 spectabat
906 1282 1031 1326 populo
1051 1281 1147 1316 mini-

262 1337 361 1372 strare
373 1337 622 1372 sacro-sanstum
636 1334 806 1368 Calicem:
834 1332 1020 1380 Qomodo
1042 1332 1142 1377 igitur

262 1397 385 1430 queant
398 1386 581 1422 Dominica
603 1386 676 1419 vasa
689 1395 757 1418 non
773 1384 912 1428 tetigisse
925 1382 942 1414 3
968 1381 1145 1417 Subdiaco-

262 1438 299 1472 ni
310 1438 461 1472 officium
478 1435 565 1481 apud
575 1436 708 1471 Graecos
730 1445 798 1468 non
824 1434 870 1467 est
892 1442 989 1466 tantae
1000 1430 1144 1477 dignita-

263 1488 306 1521 tis
329 1512 340 1528 ,
367 1497 498 1530 quantae
516 1485 601 1529 apud
628 1483 767 1519 Latinos
784 1508 791 1516 .
818 1483 922 1516 Graeci
948 1483 1060 1526 paffim
1082 1495 1143 1517 nec

262 1537 444 1577 Ostiarios,
474 1547 535 1570 nec
547 1532 736 1578 Acolythos
748 1557 758 1573 ,
785 1545 845 1567 nec
857 1532 1065 1573 Exorcistas,
1089 1533 1142 1567 sed

262 1587 352 1620 solos
363 1587 515 1622 Lestores
529 1584 671 1626 habent3
699 1584 873 1617 Minorum
896 1582 1063 1617 Ordinum
1086 1583 1144 1617 mi-

261 1636 393 1670 nisteria
414 1636 474 1670 sibi
495 1636 609 1679 paffim
633 1632 789 1668 exhibent
811 1645 867 1676 per
891 1632 1118 1668 subdiaconos
1131 1657 1138 1665 .

260 1685 356 1719 Hinc
366 1685 408 1720 de
432 1685 506 1728 ipfis
517 1683 621 1727 pergit
645 1681 855 1717 Laodicenfis
868 1682 1043 1723 synodus:
1069 1687 1143 1716 Non

261 1743 375 1776 oportet
398 1734 546 1775 Ministros
568 1732 637 1773 ostia
657 1732 843 1774 relinquere.
857 1730 916 1763 'Et
938 1741 980 1766 ex
1002 1731 1143 1767 Canone

262 1785 362 1828 priori
375 1784 460 1818 lucet
470 1806 482 1823 ,
508 1781 597 1826 quod
608 1783 695 1816 sacra
708 1779 793 1824 apud
806 1782 938 1815 Graecos
953 1781 1027 1815 vasa
1043 1778 1144 1826 longe

38 1867 42 1870 .
260 1834 372 1868 minus
398 1833 564 1876 potuerint
591 1831 685 1875 tangi
713 1841 767 1874 per
793 1830 914 1872 Laicos
941 1853 947 1860 .
989 1829 1044 1862 De
1070 1829 1143 1872 ipfis

94 1888 174 1928 Cap*
189 1893 237 1927 69.
261 1884 377 1918 statuit
396 1882 558 1917 Trullana
571 1879 725 1923 Synodus
737 1894 748 1915 .·
776 1879 866 1912 Nulli
887 1879 1003 1912 omnino
1031 1880 1119 1912 liceat
1131 1903 1142 1918 ‚

260 1939 314 1976 qui
320 1932 359 1974 fit
369 1938 402 1965 in
413 1935 568 1965 Laicorum
580 1940 699 1962 numero
710 1952 721 1968 ,
742 1933 827 1961 intra
835 1927 912 1970 sacri
934 1928 1047 1960 Altaris
1054 1925 1142 1969 septa

257 1984 400 2027 ingredi,
426 1991 614 2024 nequaquam
636 1986 735 2011 tamen
759 1977 799 2011 ab
824 1988 855 2010 eo
877 1975 1031 2018 prohibita
1058 1979 1141 2009 Pote-

249 2033 330 2074 state
352 2030 585 2065 &Authoritate
605 2027 778 2069 Imperialt,
805 2028 924 2068 quando
950 2026 1068 2066 quidem
1090 2037 1140 2059 vo·

255 2085 344 2117 luerit
367 2085 500 2114 Creatori
524 2079 604 2112 dona
627 2076 728 2117 offerre
749 2101 759 2116 ‚
786 2087 824 2108 ex
849 2075 1048 2117 antiqutffima
1078 2085 1138 2108 con-

252 2130 412 2175 suetudine
435 2155 442 2162 .
468 2129 571 2164 Extra
598 2126 687 2161 hunc
723 2125 904 2160 oblationis
925 2125 1036 2159 casum
1072 2125 1137 2168 ipse
1203 2137 1237 2159 re
1250 2126 1331 2159 olim
1345 2137 1413 2160 non
1433 2129 1622 2169 potuerint,
1645 2129 1752 2163 lucide
1764 2131 1862 2165 tradit
1876 2133 1910 2165 in
1926 2135 2089 2171 Oratione

255 2182 359 2216 etiam
392 2180 571 2224 Imperator
593 2174 750 2220 nequibat
777 2176 882 2209 sacros
904 2173 1035 2208 Ciborii
1061 2186 1137 2209 can·
1205 2174 1375 2210 adversum
1400 2175 1544 2210 Arianos
1569 2179 1702 2212 sanctus
1731 2180 1914 2224 Gregorius
1940 2183 2088 2220 Nazian-

255 2231 358 2268 cellos
374 2225 526 2274 ingredi.¹
544 2228 589 2262 Et
600 2226 679 2261 hinc
701 2226 719 2259 ὲ
741 2224 887 2259 Nicolao
907 2223 1056 2267 Mystico
1078 2224 1137 2258 Pa·
1206 2224 1333 2259 zenus‘:
1361 2228 1442 2269 ‚Quae
1456 2224 1534 2268 vasa
1554 2227 1710 2268 ministerio
1725 2227 1811 2272 sacro
1835 2230 2005 2275 destinata,
2030 2247 2082 2272 nec

256 2278 397 2315 triarcha
414 2274 793 2320 Constantinopolitano
819 2274 1025 2318 postularunt
1053 2274 1135 2308 olim
1204 2279 1290 2319 vulgi
1322 2276 1461 2309 manibus
1491 2277 1710 2318 attreHanda,
1755 2284 1921 2322 iniquorum
1941 2284 2084 2321 manibus

254 2330 391 2372 quidam
421 2326 583 2363 Monachi
611 2339 618 2358 :
656 2332 702 2359 An
736 2332 865 2368 oporteat
895 2322 1070 2357 Monachum
1095 2326 1139 2357 ad
1205 2326 1329 2367 dedidi,
1355 2328 1458 2367 nempe
1483 2327 1533 2359 vel
1559 2327 1759 2363 Nabuzardae
1780 2334 1943 2372 coquorum
1966 2339 2083 2371 Princi-

251 2379 373 2423 sacrum
398 2381 500 2412 Altare
522 2377 636 2420 ingredi
661 2377 674 2409 ?
701 2376 744 2408 Et
768 2376 824 2409 ille
844 2374 1010 2417 respondit
1031 2387 1042 2406 .·
1068 2375 1135 2408 Sine
1199 2381 1259 2416 pi,
1286 2377 1337 2409 vel
1344 2375 1553 2417 Balthazm,
1579 2383 1630 2420 qui
1642 2379 1721 2412 male*
1731 2385 1763 2411 in
1770 2378 1887 2422 fandis
1895 2386 2081 2430 pocullsper-

256 2440 398 2462 manuum
417 2429 536 2470 quidem
560 2422 731 2468 impositione
760 2425 851 2468 fungi
880 2423 1055 2456 Monachum
1079 2426 1132 2457 Le·
1202 2425 1360 2459 bacchatus
1369 2425 1429 2467 est,
1456 2429 1621 2469 atqueideo
1633 2430 1741 2472 dignas
1753 2437 1887 2464 amentia
1904 2434 2079 2479 stramen„-

256 2479 348 2513 37⁰⁶!
362 2480 468 2521 0ffi⁶i⁰>
491 2477 617 2519 perinde
639 2487 674 2509 αθ
687 2475 717 2518 fi
734 2476 796 2518 ‘ffel
810 2473 914 2508 Lem?
926 2499 937 2515 2
964 2471 1132 2516 estprohibi-
1193 2474 1368 2520 persolvit?
1396 2475 1451 2511 De
1463 2475 1526 2512 isto
1539 2478 1676 2513 crimine
1695 2480 1805 2525 arguit
1817 2482 1977 2523 Arianos,

1208 1444 1267 1468 cua
1290 1433 1309 1466 ὲ
1328 1433 1515 1470 Dominico
1536 1433 1683 1476 Corpore
1704 1434 1738 1468 &
1758 1435 1926 1479 Sanguine
1943 1459 1950 1466 .
1979 1434 2084 1469 Porro

1206 1482 1246 1517 de
1257 1483 1366 1517 Laicis
1388 1482 1498 1517 statuit
1520 1482 1556 1515 in
1575 1484 1635 1516 suo
1655 1481 2012 1526 CapitulariHerardus
2024 1483 2085 1519 Ar-

1207 1531 1429 1577 chiepiscopus
1452 1532 1655 1567 Turonensis
1667 1546 1677 1565 .-
1706 1536 1751 1566 De
1767 1535 1937 1567 mulieribus
1960 1537 1994 1569 (ν
2013 1538 2085 1569 Lai·
2100 1539 2173 1579 Cap·
2191 1541 2243 1575 πέει

1206 1588 1246 1616 cis
1266 1593 1299 1616 ut
1320 1585 1363 1616 ad
1375 1583 1494 1616 Altaria
1516 1595 1574 1616 non
1594 1583 1733 1617 accedant
1745 1607 1756 1623 ‚
1785 1586 1863 1617 &ut
1889 1587 2085 1619 Sacramenta

1208 1635 1242 1667 Ca·
1247 1642 1347 1676 panes
1366 1633 1538 1667 Sanblorum
1563 1657 1574 1673 ‚
1600 1639 1728 1674 exceptis
1754 1646 1822 1677 quae
1841 1634 1968 1675 offerunt
1990 1660 2002 1676 ,
2029 1647 2086 1670 non

1208 1691 1357 1726 tangant.
1387 1683 1501 1717 Plures
1522 1684 1597 1717 sunt
1619 1680 1808 1726 hujusmodi
1831 1685 1988 1720 Canones
2015 1698 2086 1730 prae-

1207 1732 1314 1765 sertim
1326 1731 1367 1764 de
1378 1731 1569 1765 mulieribus
1580 1757 1587 1763 .
1605 1733 1650 1766 Et
1661 1741 1771 1766 tamen
1784 1735 1883 1768 etiam
1895 1734 1946 1769 his
1960 1736 2087 1770 Eucha-

1207 1780 1293 1814 ristia
1314 1780 1398 1814 olim
1418 1780 1554 1816 dabatur
1578 1780 1613 1814 in
1637 1792 1770 1816 manus.
1796 1785 1955 1832 Qaedam
1978 1796 2090 1821 tamen

1207 1829 1518 1871 Ecclefiaejufferunt
1530 1830 1622 1866 illam
1644 1830 1762 1866 abistis
1787 1835 1889 1877 accipi
1906 1846 1959 1877 per
1971 1835 2091 1871 Domi-

1206 1878 1312 1914 nicale
1326 1879 1486 1916 linteum.
1514 1880 1559 1916 Et
1578 1881 1711 1915 Sanetus
1732 1881 1875 1924 Joannes
1898 1884 2092 1928 Chrysosto-

1206 1939 1276 1961 mus
1287 1930 1418 1966 etiama
1431 1928 1510 1963 viris
1533 1931 1638 1974 accipi
1659 1931 1764 1965 voluit
1777 1944 1832 1976 per
1851 1932 2023 1968 cochlear.
2054 1935 2088 1970 Α

1205 1978 1324 2021 quibus
1335 1979 1419 2014 sacra
1429 1980 1500 2012 vasa
1513 1990 1580 2014 non
1592 1990 1743 2023 poterant
1751 1983 1856 2027 tangi,
1868 1985 1961 2029 tangi
1983 1984 2093 2021 noluit

1204 2028 1309 2071 ipsum
1335 2029 1434 2064 Sacro.
1446 2048 1457 2054 -
1473 2029 1624 2065 Sanctum
1638 2054 1645 2061 .

1253 2078 1358 2124 Qod
1370 2078 1472 2114 etiam
1484 2078 1673 2113 Graecorum
1684 2079 1779 2115 Laici
1791 2082 1874 2117 sacra
1889 2085 1961 2117 vasa
1975 2094 2085 2131 tange-

1388 2597 2009 2621 Ἣ

745 2680 1256 2727 CANON
1360 2686 1579 2758 v·111.

254 2821 422 2942 ITem
458 2836 512 2867 ne
547 2819 670 2866 Laici
705 2815 898 2866 decimas
934 2815 1012 2865 fibi
1047 2817 1277 2869 vendicent
1313 2823 1361 2871 in
1394 2831 1708 2893 proprietatem
1729 2869 1742 2893 ‚
1783 2850 1862 2884 nec
1896 2837 2071 2888 etiam*

342 2893 389 2939 in
425 2887 687 2938 Beneficium
722 2925 734 2949 ‚
770 2887 857 2936 fine
892 2887 1156 2953 concessione
1192 2891 1487 2953 legitimorum
1524 2899 1825 2953 Poffefforum‚

444 3033 470 3077 S
506 3047 535 3077 C
570 3048 600 3077 H
636 3046 668 3076 Ο
703 3045 726 3075 L
764 3047 780 3075 Ι
818 3044 849 3075 0
884 3046 938 3076 N·
1192 3032 1330 3067 sathana
1337 3033 1531 3082 suggerente,
1557 3041 1592 3075 ob
1605 3044 1754 3088 onerosam
1765 3049 1952 3080 Decimarum
1970 3052 2067 3081 mani-

1187 3083 1336 3123 pularium
1345 3085 1516 3128 solutionem
1539 3092 1664 3136 onerosos
1678 3095 1858 3135 Christianos
1877 3101 1952 3129 ritus
1968 3099 2065 3132 dicen-

401 3178 408 3186 ·
616 3175 623 3183 Ι
1192 3140 1233 3164 “5
1244 3157 1255 3173 2
1281 3133 1489 3180 hipraesertim
1511 3147 1562 3183 qui
1579 3149 1610 3175 in
1627 3142 1779 3185 spurcitiis
1795 3147 1979 3189 genitalibus
1995 3158 2064 3180 enu-

351 3178 497 3213 Ecimale
519 3175 767 3214 onusmducere
788 3180 873 3223 apud
885 3176 1041 3223 quosdam
1054 3182 1130 3215 Ger·
1193 3188 1259 3215 triti
1276 3186 1382 3229 jugum
1404 3189 1606 3225 orthodoxum
1628 3205 1684 3226 non
1695 3194 1790 3234 facile
1809 3195 1995 3238 mlembam,
2019 3198 2065 3230 aa

376 3229 491 3262 maniae
519 3227 657 3270 populos
684 3228 746 3260 fuit
772 3230 951 3263 admodum
978 3227 1127 3264 difficile.
1192 3238 1269 3264 ritus>
1291 3237 1387 3269 redire
1407 3240 1552 3281 profanos
1572 3267 1583 3281 ‚
1609 3244 1643 3275 (9⁶
1665 3244 1811 3283 vetustam
1832 3244 2061 3290 sacrilegamque

250 3279 386 3313 Etenim
408 3290 495 3311 anno
515 3277 583 3319 post
603 3276 808 3311 millefimum
821 3279 974 3323 vigesimo
987 3280 1126 3315 secundo
1192 3280 1327 3325 resumere
1351 3293 1467 3328 vitam,
1495 3292 1528 3324 (τ
1552 3295 1687 3324 Decimus
1712 3305 1768 3326 non
1789 3297 1912 3329 reddere
1934 3294 2061 3338 tempo're

251 3330 417 3362 novellam
431 3328 528 3361 fidem
540 3326 625 3369 apud
638 3326 784 3361 Polonos
805 3329 943 3372 graviter
963 3331 1127 3372 cespitasse
1191 3332 1320 3373 instituto
1342 3361 1352 3376 ,
1378 3349 1427 3371 nec
1449 3340 1589 3381 Ecclefias
1608 3341 1805 3384 frequentare
1824 3368 1834 3383 ,
1859 3347 2060 3389 Ministrosque

253 3379 362 3413 scribit
386 3378 559 3421 Longinus
580 3377 799 3410 cracoviensis
826 3377 970 3411 Ecclefiae
982 3380 1146 3414 Camoni-1
1190 3383 1223 3415 (θ’
1242 3386 1408 3420 sacerdotes
1431 3390 1468 3421 de
1489 3401 1583 3423 eorum
1603 3392 1735 3433 Ecclefiis
1753 3396 1881 3435 pellere,
1903 3396 2058 3438 frequenti

250 3439 307 3461 cus
319 3453 328 3468 ,
356 3430 387 3462 ὅ(
401 3429 498 3461 edicit
511 3427 636 3459 causam
651 3438 657 3456 ε
687 3428 829 3461 Nonnulli
841 3428 968 3463 Polom'ae
979 3430 1103 3465 Nobiles
1116 3456 1127 3472 ,
1189 3433 1398 3479 conspiratione
1411 3437 1653 3482 disponebantJd
1662 3444 1725 3476 cum
1737 3446 1917 3481 adBoleslat'
1930 3447 2063 3481 Polom'ae

349 3478 653 3519 chrst.Lupe'0pera
666 3479 698 3509 T.
715 3480 769 3510 VI.
1568 3491 1601 3525 G
1626 3503 1650 3537 g
1701 3504 1722 3541 3
1922 3498 2009 3539 Regix
