2372 3756
714 116 783 145 DE
821 111 1167 158 Qu‘rssnsDAM
1203 100 1451 144 PATRUM
1487 103 1699 149 L001s.
1952 121 2040 166 173

1235 184 1352 216 modum
1359 182 1447 226 suum
1456 181 1633 226 perfigmtm
1643 185 1753 227 christi
1763 189 1797 224 (ς
1815 191 1976 223 orationem
1996 201 2102 224 manus·

1236 232 1423 275 impositionis
1439 241 1513 274 puto
1530 232 1709 276 sanc‘lificari
1732 260 1738 267 .
1767 241 1812 271 Et
1834 240 1914 281 quod
1932 246 2099 281 accipiunt,

1232 290 1377 326 quamvir
1401 295 1458 315 non
1484 279 1516 326 fit
1541 286 1655 324 Corpus
1683 284 1809 324 Christi,
1829 287 1966 329 sanaum
1992 289 2028 329 est
2055 299 2101 323 m.

1233 344 1321 373 mon,
1347 335 1382 367 Θ
1400 332 1536 376 fihm‘lius
1557 345 1647 375 quam
1669 333 1725 365 cibi
1750 336 1855 375 quibus
1880 342 2005 379 alimur,
2033 350 2099 382 quo-

1232 389 1313 416 niam
1337 386 1559 419 Sacramentum
1581 383 1637 423 est.
1665 386 1711 420 Et
1734 382 1808 426 ipsos
1823 385 1916 423 cibos,
1942 389 2045 429 quibus
2056 389 2101 422 ad

1232 435 1417 474 necessitatem
1434 431 1639 476 sustentandae
1662 433 1749 475 hujus
1776 439 1851 467 vitae
1877 437 2004 477 alimur,
2025 437 2098 481 fan-

1232 482 1351 525 t‘iificari
1375 483 1522 525 Apostolus
1546 485 1620 516 dicit
1636 492 1690 525 per
1715 484 1842 519 verbum
1859 487 1912 517 Dei
1938 487 1971 519 cb·
1995 493 2098 520 oratio.

1230 546 1296 568 nem
1309 558 1320 573 ,
1347 545 1406 576 qua
1426 545 1540 566 oramus
1558 539 1659 576 utique
1682 533 1777 574 nostra
1796 533 1959 578 corpuscula
1976 535 2100 576 refellu-

1229 590 1277 617 ri.
1308 584 1494 627 Distinguit
1516 594 1578 617 tres
1599 583 1759 618 benediffl
1772 586 1864 627 panis
1876 584 2010 627 species.
2039 585 2100 619 Pa·

1231 645 1302 667 nem
1318 634 1351 667 in
1363 634 1532 668 communi
1547 634 1655 667 mensa
1668 658 1678 673 ,
1706 645 1821 677 panem
1838 634 1871 668 in
1884 631 2099 669 catechume-

1230 695 1350 718 norum
1362 685 1626 726 Sacramentum,
1652 684 1814 726 &panem
1836 682 2040 719 benedisturn
2063 687 2098 719 in

1231 734 1466 769 Eucharistiam
1481 759 1488 767 .
1517 734 1560 770 Et
1571 733 1612 767 de
1628 732 1691 771 hoc
1704 745 1785 777 pane
1797 735 1943 778 loquitur
1963 735 1997 768 in
2022 735 2100 780 Epi-

1229 783 1308 818 stola
1333 785 1374 818 ad
1395 785 1585 819 Diaconum
1609 784 1835 828 Deo-gratias.
1867 784 1976 824 Etiam
2000 784 2098 820 Cate—

1227 832 1465 869 chumenorum
1483 835 1728 869 Sacramentum
1739 832 1850 868 haberi
1864 845 1931 868 non
1954 834 2041 877 posse
2061 843 2098 869 ut

1227 894 1439 921 communem
1452 879 1591 928 panem,
1616 884 1768 921 sanciunt
1786 883 1907 918 varii&
1928 884 2042 924 Latini
2063 885 2096 925 ᾇ.

1227 933 1497 968 GraeciCanones
1510 960 1517 967 .
1545 935 1639 982 Qia
1658 934 1777 979 nempe
1786 934 1831 968 est
1855 934 1956 979 figura
1977 934 2097 969 Domi-

1227 983 1294 1016 nici
1303 985 1464 1026 corporis.
1492 984 1609 1029 Longe
1619 995 1699 1029 ergo
1710 984 1819 1025 minsis
1841 985 1886 1019 ita
1908 983 2017 1018 haberi
2041 995 2097 1028 pq-

1225 1031 1284 1067 test
1298 1032 1538 1067 Eucharisticus
1547 1035 1658 1077 panis:
1684 1034 1773 1083 Qia
1787 1034 1830 1070 est
1843 1045 1911 1068 non
1935 1035 2038 1074 solum
2048 1033 2051 1036 ’
2061 1035 2096 1070 fi-

1223 1094 1302 1127 g-ura
1314 1082 1404 1117 istius
1416 1083 1793 1126 sacro-saneticorporis,
1820 1084 1875 1118 sed
1897 1085 1995 1118 etiam
2017 1084 2096 1119 veri-

1226 1145 1292 1167 tas.
1321 1133 1400 1176 Ejus
1423 1135 1575 1168 continet
1597 1135 1766 1167 veritatem
1787 1158 1795 1165 .
1822 1136 1987 1168 Dicendum
2006 1139 2097 1173 etiam

1224 1183 1298 1225 quid
1303 1181 1442 1226 significet
1451 1185 1499 1216 ille
1517 1182 1616 1226 Ji’rmo
1629 1208 1638 1223 ,
1665 1193 1748 1224 quem
1770 1185 1902 1216 audivit.
1931 1184 2016 1230 Qis
2041 1184 2096 1218 hic

1225 1234 1325 1266 sermo
1340 1234 1356 1264 ?
1383 1234 1497 1267 Sermo.
1507 1257 1517 1273 ‚
1531 1244 1629 1276 quem
1641 1233 1659 1265 a
1671 1233 1800 1277 Magno
1812 1232 1899 1277 Papa
1910 1235 2073 1279 Gregorio
2082 1259 2095 1276 ,

1215 1283 1299 1315 ,dum
1313 1284 1436 1325 populo
1451 1282 1688 1317 Eucharistiam
1703 1283 1897 1327 ministraret
1908 1308 1918 1323 ,
1944 1284 2037 1321 fuisse
2046 1284 2097 1318 di-

1222 1333 1501 1367 stumaffirmatin
1514 1332 1582 1375 ejus
1601 1333 1665 1368 vita
1688 1333 1831 1376 Joannes
1852 1334 2014 1368 Romanae
2035 1335 2096 1375 Ec-

1221 1382 1319 1415 clesiae
1346 1383 1518 1417 Diaconus
1539 1397 1546 1416 2
1582 1386 1701 1425 Corpus
1729 1387 1851 1419 Domini
1876 1383 1963 1424 nostri
1982 1383 2096 1428 JESU

1222 1431 1330 1472 Christi
1340 1431 1491 1475 confiervet
1502 1439 1634 1466 animam
1646 1441 1746 1467 tuam.
1776 1435 1957 1478 Gregorius
1969 1436 2013 1468 ita
2025 1446 2096 1479 age·

1221 1480 1275 1515 bat
1285 1494 1326 1516 ex
1340 1484 1533 1526 Apostolica
1548 1494 1600 1526 per
1613 1494 1750 1523 omnem,
1767 1485 1942 1518 Ecclesiam
1964 1486 2096 1518 consue.-

1219 1532 1348 1567 tudine.
1374 1532 1464 1566 Nam
1478 1533 1715 1569 Eucharistiam
1728 1535 1771 1569 ita
1783 1534 1871 1573 tradi
1888 1533 1906 1568 ὲ
1923 1534 2040 1578 quovis
2053 1534 2096 1577 E-

1243 1582 1352 1625 iscopo
1367 1607 1377 1623 ,
1395 1584 1428 1618 &
1440 1582 1456 1616 ὲ
1468 1583 1584 1624 quovis
1595 1584 1774 1628 accipiente
1785 1584 1968 1628 responderi
1982 1589 2094 1623 Amen,

1219 1632 1303 1673 apud
1317 1632 1508 1667 Romanum
1523 1634 1730 1668 Clementem
1745 1635 1903 1669 mandant
1927 1635 2096 1677 Apostoli-

1218 1693 1263 1714 cae
1277 1681 1560 1718 Constitutiones.
1588 1685 1631 1718 Et
1644 1685 1736 1729 juxta
1750 1685 1820 1719 illas
1833 1685 1943 1719 scribit
1956 1685 1987 1717 in
2001 1685 2096 1729 quin·
2113 1673 2183 1754 gg·
2211 1677 2258 1751 ἓ.

116 193 178 225 Lib.
206 206 236 228 a·
295 196 315 226 ἃ
320 193 425 237 gratia
437 192 470 224 (ν
477 188 573 233 salute
581 187 703 231 prorsus
716 187 847 220 excidit.
880 184 1046 230 Qcirca
1058 183 1172 218 funda-

111 244 179 274 c“³P·
205 244 250 269 ¹⁷·
290 252 410 277 mento
421 250 529 275 carent
543 238 753 280 haecJoannis
763 235 898 271 Calvini
911 237 946 269 in
969 246 1031 269 nos
1054 233 1146 268 verba
1161 247 1171 267 .-

292 292 484 326 Fic‘iiiiailia
495 288 770 332 transubstantiatio
783 311 794 327 ,
815 294 873 328 pro
886 297 946 327 qua
968 284 1054 318 hodie
1073 285 1169 318 acrius

286 345 466 386 depugnant
480 365 491 381 ,
518 341 608 383 quaeim
614 347 673 381 pro
681 337 814 371 omnibus
826 338 896 369 aliis
903 334 976 376 fidei
999 335 1148 376 capitibus
1160 359 1167 366 .

289 391 425 427 Proilla
450 391 540 424 enim
558 414 568 429 ‚
595 390 642 422 uti
668 400 726 432 pro
751 384 912 421 immobili
939 385 1015 419 fidei
1041 385 1170 428 capite,

287 438 660 487 depugnandidebitum
680 437 774 472 nobis
787 435 929 479 imponit
941 436 1075 469 Sandius
1095 433 1171 478 Epi·

316 492 430 526 banius
442 515 449 522 .

289 504 312 536 P
341 541 402 575 Ista
415 540 590 585 Epiphanii
605 539 723 579 verba,
748 539 912 569 Hocmeum
933 534 972 575 est
994 535 1068 575 boc,
1096 535 1168 569 sunt

285 593 429 636 aenigma
446 616 453 624 .
482 592 526 624 Et
539 590 676 635 qu-isnisi
690 588 804 620 doctus
817 585 922 619 fidelis
947 586 1053 629 ipsum
1075 585 1169 618 intel-

285 642 401 686 ligat?
428 640 557 684 Nempe
574 641 664 672 suum
688 637 807 672 librum
832 635 940 670 timuit
962 637 980 668 a
1005 634 1168 679 Paganis,

287 692 407 735 Judaeis
427 716 439 731 ,
464 703 501 724 ac
530 689 701 732 praesertim
729 687 747 720 ὲ
774 685 1032 720 Catechumenis
1058 684 1168 727 legen·

284 742 393 782 dum,
419 742 559 782 ideoque
570 739 753 772 censuitita
774 735 1023 770 obvoluendum
1049 734 1166 775 myste-

287 792 394 825 rium.
422 789 547 822 Eadem
558 786 700 822 enimde
714 787 806 819 causa
820 785 955 819 §anchis
968 782 1053 826 Papa
1065 783 1166 817 Lnno·

286 841 417 874 centius
429 839 461 872 in
478 838 592 872 litteris
606 836 644 870 ad
659 836 858 870 Decentium
882 833 1096 878 Eugubinum
1121 833 1165 866 E-

285 891 460 935 piscopum
472 889 578 922 noluit
590 888 770 928 exprimere
792 884 1012 928 precationem
1037 884 1099 917 sive
1122 885 1165 917 sa-

284 951 378 975 cram
399 937 740 973 formam-Christianae
752 934 1046 969 confirmationis..
1071 934 1108 966 In
1126 933 1161 966 li-

286 990 348 1024 bro
358 1015 367 1030 ‚
393 1002 462 1033 quo
473 985 735 1032 Carti-:aginensis
751 984 1062 1019 Ecclefiae-Diacono
1073 984 1162 1017 Deo-

285 1039 404 1085 gratias
424 1041 562 1073 formam
576 1035 796 1071 catechizandi
824 1035 921 1069 tradit
942 1034 1072 1068 sanctus
1096 1035 1162 1067 Au·

283 1089 436 1134 gustinus
446 1114 457 1131 ,
483 1100 546 1123 nec
557 1088 688 1122 verbum
701 1087 780 1120 facit
791 1085 833 1119 de
843 1085 1054 1118 sacramentis
1067 1107 1078 1123 ,
1091 1095 1162 1126 prae-

280 1141 393 1173 sertim
418 1139 459 1173 de
479 1137 698 1173 Eucharistia.
726 1134 848 1169 Ibidem
872 1132 978 1168 scribit
1002 1133 1043 1167 de
1060 1133 1161 1167 dostis

284 1189 559 1223 catechumenis:
586 1189 676 1221 Tales
686 1198 743 1218 nan
753 1184 960 1224 eademhora.,
990 1195 1052 1226 qua
1074 1183 1159 1216 cbri-

276 1239 373 1280 stiam
380 1239 460 1281 fiunt
471 1262 481 1278 ‚
500 1238 557 1282 sed
567 1247 636 1270 ante
646 1236 737 1279 solent
749 1241 847 1268 omnia
856 1235 1013 1278 diligenter
1029 1240 1160 1276 inquire·

91 1267 133 1298 ca
153 1276 182 1307 μ’
201 1272 227 1298 ε’
280 1301 337 1331 re,
365 1291 506 1323 &motus
517 1285 687 1328 animifui,
715 1298 779 1319 cum
806 1285 910 1326 quibus
930 1283 1060 1325 possunt,
1087 1295 1160 1317 com-

282 1344 432 1371 municare
441 1348 529 1380 atque
547 1336 703 1379 discutere.
738 1335 842 1371 Addit
854 1335 932 1368 tales
945 1334 1050 1377 longo
1064 1334 1159 1367 Cate-

280 1387 414 1422 chiimo
424 1399 494 1422 non
507 1387 711 1431 fatigandos.
741 1384 838 1418 Talis
853 1382 994 1416 omnine>
1005 1383 1067 1416 fuit
1089 1383 1160 1416 Ho-

285 1448 419 1471 noratus
431 1462 441 1477 ,
467 1439 506 1470 ad
519 1447 616 1478 quem
632 1434 836 1478 Augustinus
849 1434 968 1475 scripsit
980 1432 1112 1476 longam
1124 1431 1158 1464 il-

281 1488 348 1521 lam
360 1499 398 1521 ac
410 1487 568 1521 eruditam
584 1485 761 1527 Epistolam
771 1484 863 1526 super
876 1482 1038 1517 Psalmum
1050 1482 1159 1526 vigesu

280 1547 372 1571 mum
385 1537 526 1580 primum
538 1560 546 1567 .
576 1535 723 1577 Exponit
736 1533 804 1567 illic
818 1534 941 1567 summa
965 1531 1156 1565 Christiani·

280 1588 357 1620 tatis
368 1587 544 1630 mysteria,
572 1585 605 1618 &
619 1595 727 1618 tamen
753 1583 845 1616 add-iz
864 1583 904 1616 de
927 1579 1154 1615 Eucharistico

280 1636 457 1671 sacrificio:
485 1634 656 1679 ¹Quodubi,
680 1635 713 1665 (θ’
732 1633 874 1675 quando,
900 1633 933 1665 e·
955 1632 1090 1673 quomodo
1115 1631 1156 1673 of-

98 1682 246 1718 135³·‘3120-
273 1686 419 1728 feratur,
444 1698 508 1719 cum
528 1684 627 1727 fueris
653 1684 827 1724 baptizatus
855 1705 866 1721 ,
890 1686 1027 1715 invenies.
1044 1705 1056 1719 ,.
1082 1680 1156 1715 Nec

83 1731 163 1760 ⁶³¹³*
196 1732 243 1759 ‘¹9‘
279 1737 401 1771 talibus
423 1735 675 1769 catechumenis
693 1743 817 1776 poterat
841 1731 926 1766 edici
949 1730 1013 1765 hoc
1036 1732 1155 1774 myste-

277 1787 385 1821 rium.
411 1786 508 1830 Ipsius
519 1784 789 1829 cognoscendi&
815 1781 946 1817 videndi
969 1782 1153 1816 curiositate

276 1836 392 1872 Patres
404 1836 486 1870 olim
495 1835 594 1870 nostri
608 1833 854 1868 inflammabant
868 1829 1133 1868 Catechumenos
1142 1857 1157 1872 ‚-

274 1886 621 1931 atqueitaincitabant
632 1884 783 1921 anhelare
803 1884 846 1920 ad
872 1885 996 1921 sacrum
1021 1882 1151 1918 fontem

274 1937 311 1970 ὃ(
331 1936 498 1971 festinare.
527 1938 578 1971 Ex
599 1936 664 1972 hoc
685 1937 831 1982 egressis,
857 1937 892 1972 ὅ(
912 1936 953 1971 ad
976 1936 1077 1971 altare
1102 1935 1151 1970 so-

269 1987 426 2021 ·3emniter
446 1986 591 2022 deductis
611 1987 801 2031 Neophytis
824 1987 1041 2023 ostendebant
1066 1987 1147 2022 illud

272 2037 465 2070 admirabile
476 2038 508 2071 ὃς
518 2038 576 2071 diu
587 2036 803 2072 desideratum
823 2041 990 2073 Arcanum
1001 2064 1008 2071 .
1037 2039 1149 2081 Expo-

271 2085 771 2121 nendimodumtradit82nerus
796 2087 1002 2131 Augustinus
1025 2088 1059 2121 in
1082 2089 1147 2122 lau-

271 2135 351 2170 dato
361 2134 445 2171 libro
457 2135 496 2170 de
509 2135 759 2170 Catechizandis
771 2137 904 2172 rudibus
917 2160 927 2178 ,
954 2136 1146 2171 scribensde

268 2186 440 2228 nlenejam
455 2186 611 2220 instrutsto
634 2185 899 2220 Catechumenoz
926 2188 1097 2220 solenniter
1110 2186 1144 2228 fi-

281 2237 408 2277 gnandus
417 2235 476 2275 est,
504 2237 539 2269 Θ
551 2235 684 2276 Ecclefiae
699 2247 780 2268 more-
799 2237 997 2269 traHandus.
1024 2240 1071 2270 Do
1090 2239 1142 2270 Sa-

1217 1738 1248 1766 ta
1259 1731 1484 1779 mystagogica
1495 1734 1663 1770 Catechesi
1688 1737 1821 1771 Sanctus
1845 1737 1992 1780 Cyrillus
2015 1738 2097 1773 Hie·

1217 1782 1390 1827 rosolymae
1400 1785 1600 1831 Episcopus:
1627 1790 1775 1824 Accedent
1784 1791 1830 1821 ad
1848 1797 2096 1830 commumonem,

1215 1843 1343 1868 concava
1355 1847 1446 1869 manu
1453 1836 1567 1881 suscipe
1578 1847 1679 1880 corpus
1694 1838 1801 1878 christi
1815 1864 1825 1880 ,
1847 1840 1948 1873 dicens
1960 1865 1970 1881 ,
1983 1844 2092 1874 Amen.

1215 1883 1454 1921 Etinlibrode
1479 1889 1669 1932 speciminis
1690 1888 1919 1928 Tertullianus
1932 1903 1943 1923 .·
1971 1893 2026 1925 Ex
2045 1902 2095 1925 ore

1212 1946 1266 1978 quo
1277 1939 1370 1971 Amen
1380 1942 1414 1971 in
1424 1938 1563 1972 sanetum
1581 1941 1742 1981 protuleris
1756 1963 1766 1980 ,
1792 1941 1955 1984 gladiatori
1970 1940 2094 1981 testimo-

1212 1993 1292 2021 nium
1303 1988 1429 2022 reddis?
1457 1989 1547 2024 Etin
1570 2002 1688 2034 quarto
1705 1991 1746 2026 de
1766 1992 1984 2028 sacramentis
2007 1992 2091 2027 libro

1210 2039 1344 2073 Sanetus
1367 2039 1558 2074 Ambrosius
1580 2055 1588 2074 :
1615 2044 1695 2076 Dicit
1724 2044 1782 2076 tibi
1809 2044 1947 2078 Sacerdos
1970 2068 1983 2085 ,
2018 2047 2091 2078 Cor·-
2134 2084 2137 2086 ,

1205 2096 1266 2129 pus
1277 2088 1407 2129 christi,
1436 2091 1513 2124 &tu
1535 2092 1632 2134 dicis,
1655 2098 1748 2127 Amen
1762 2119 1769 2126 .
1796 2097 1853 2127 Hoc
1876 2094 1937 2135 est,
1961 2105 2086 2129 verum.
2105 2079 2177 2118 cap·
2200 2089 2229 2118 ς’

1208 2138 1464 2181 ,ραοᾰτοηῇιειαν
1474 2143 1596 2184 lingua,
1622 2151 1724 2176 teneat
1734 2143 1876 2183 affeHus.
1905 2143 1949 2178 Et
1974 2144 2010 2178 in
2037 2144 2085 2180 hi·

1209 2188 1259 2221 sce
1271 2188 1404 2223 Divinae
1416 2190 1599 2233 Majestatis
1620 2193 1660 2226 ad
1683 2191 1885 2227 homicidam
1910 2193 1995 2228 Cain
2017 2206 2084 2231 ver·

1208 2236 1257 2271 bis
1271 2261 1281 2277 ,
1307 2243 1372 2272 Vox
1377 2239 1537 2283 sanguina
1540 2242 1656 2283 fratris
1680 2248 1726 2275 tui
1747 2243 1819 2276 Abel
1834 2245 1946 2277 clamat
1969 2245 2013 2278 ad
2033 2257 2081 2281 me

268 2294 417 2318 eramento
424 2283 517 2328 sami,
542 2286 621 2327 quod
630 2291 762 2326 accepit,
787 2292 887 2319 cumei
910 2286 1143 2320 commendatum
1205 2288 1243 2320 de
1254 2296 1332 2321 terra
1346 2313 1356 2329 ,
1383 2291 1488 2324 latens
1505 2292 1748 2335 Sacramentum
1771 2294 1909 2336 exponit
1932 2293 1966 2328 in
1989 2294 2079 2331 libris

261 2334 382 2375 fuerit,
401 2334 553 2378 signacula
563 2336 683 2377 quidem
695 2347 795 2368 rerum
806 2337 980 2369 divinarum
998 2336 1048 2378 effie
1074 2335 1139 2376 vifi·
1204 2348 1317 2372 contra
1330 2339 1485 2374 Faustum
1495 2343 1628 2376 Saucius
1639 2341 1862 2386 Augustinus:
1894 2344 1996 2379 Habet
2014 2358 2080 2380 ma·
2093 2349 2153 2380 Lib.
2186 2363 2233 2382 η.

266 2383 341 2416 bilia
352 2408 362 2424 ,
383 2383 441 2427 fed
450 2395 496 2416 res
509 2383 589 2427 ipsas
599 2384 760 2426 invisibiles
772 2391 805 2418 in
824 2391 867 2419 eis
889 2385 1045 2418 honorari.
1072 2390 1139 2418 Nec
1197 2398 1294 2430 gnam
1306 2400 1404 2423 vocem
1418 2390 1526 2431 Christi
1531 2390 1654 2436 sanguis
1666 2399 1697 2426 in
1707 2401 1807 2434 terra,
1833 2405 1899 2427 cum
1909 2405 1941 2427 eo
1961 2405 2076 2439 accepto
2091 2398 2150 2429 cal>-
2182 2403 2228 2423 ¹0·

260 2433 302 2475 fic
311 2433 480 2466 habendam
493 2435 544 2477 effe
553 2435 637 2467 illam
643 2433 767 2477 speciem
793 2435 988 2469 benedic‘Iione
1004 2434 1139 2478 fanllifi-
1200 2436 1240 2468 ab
1253 2439 1386 2473 omnibus
1392 2441 1534 2484 gentibus
1555 2441 1767 2485 respondetur,
1794 2447 1907 2478 Amen.
1939 2449 2012 2479 Haec
2035 2447 2074 2487 esi

266 2493 387 2524 catam,
416 2485 659 2526 quemadmodum
671 2484 797 2517 habetur
808 2492 840 2517 in
853 2484 906 2526 usu
917 2485 1059 2527 quolibet.
1089 2489 1140 2518 Di-
1183 2488 1283 2535 ¹cliwa
1304 2500 1364 2522 vox
1382 2489 1566 2534 sanguinis,
1592 2505 1683 2535 quam
1700 2491 1825 2537 sanguis
1847 2493 1911 2537 ipse
1928 2501 2073 2538 exprimit

263 2536 386 2566 cendum
397 2540 488 2567 etiam
500 2557 511 2574 ,
537 2536 612 2575 quid
627 2533 765 2577 fignificet
788 2537 822 2568 (9
837 2533 933 2577 sermo
954 2535 1003 2567 ille
1015 2558 1026 2574 ‚
1052 2547 1139 2577 quem
1198 2547 1237 2568 ex
1250 2548 1296 2570 ore
1300 2539 1436 2579 fidelium
1448 2543 1546 2573 eodem
1553 2540 1699 2587 sanguine
1707 2545 1937 2586 redemptorum.
1964 2545 2070 2593 Qod

262 2586 403 2616 audivit.
432 2583 622 2626 ,Quidinillo
633 2584 796 2624 condatur,
821 2587 906 2624 cujus.
925 2585 977 2616 illa
996 2594 1044 2617 res
1059 2584 1135 2626 fimi-
1198 2585 1302 2629 ipsum
1314 2588 1421 2623 scribit
1435 2591 1470 2623 in
1482 2590 1628 2633 pluribus
1639 2594 1735 2627 locis.
1763 2595 1832 2627 Hic
1845 2595 1942 2638 igitur
1953 2596 1999 2629 est
2011 2598 2069 2631 ser·

261 2635 420 2667 litudinem
425 2639 522 2677 gerit.
1198 2647 1253 2670 mo
1265 2660 1275 2676 ‚
1303 2638 1429 2681 querna
1454 2639 1645 2684 Neophyto
1663 2653 1807 2677 recenter
1826 2644 1975 2680 auditum
1997 2647 2067 2683 vult

312 2684 437 2719 Omnia
450 2683 516 2717 haec
528 2683 624 2718 verba
636 2685 711 2718 funt
721 2683 901 2718 admodum
912 2683 1047 2718 obscura
1057 2709 1064 2717 .
1077 2683 1134 2719 Af-
1194 2685 1300 2719 eidem
1311 2711 1322 2727 ,
1348 2698 1521 2732 antequam
1534 2689 1720 2727 dimittatur
1732 2717 1744 2733 ‚
1766 2704 1821 2736 per
1843 2693 2066 2732 Catechistam

261 2734 395 2768 firmant
417 2732 635 2777 Neophytum
658 2734 844 2767 docendum
867 2758 878 2774 ,
908 2732 1003 2777 quod·
1020 2735 1053 2767 in
1078 2733 1133 2769 fibi
1196 2735 1400 2780 Augustinus
1412 2739 1554 2781 exponi.
1581 2740 1828 2776 Rationem-dat
1841 2744 1875 2778 in
1898 2745 2000 2788 prima
2020 2746 2063 2781 ad

260 2784 392 2817 ostenso
404 2783 436 2817 ὃ(
448 2783 526 2817 dato
539 2782 748 2818 Eucharistiae
759 2784 968 2818 sacramento
984 2783 1076 2818 aliud*
1093 2786 1132 2819 sit

258 2832 390 2878 signum
405 2833 551 2871 visibile,
577 2833 664 2867 aliud
676 2833 708 2866 in
726 2835 794 2876 ipso
806 2833 910 2867 latens
922 2844 969 2867 res
991 2833 1129 2868 invisibi-

256 2883 319 2924 lis,
346 2882 563 2923 honoranda,
591 2884 734 2917 Divina.
762 2884 970 2918 Honoranda
993 2883 1051 2918 illo
1072 2883 1128 2918 ho-

255 2943 338 2966 nore
350 2956 360 2972 ,
387 2943 482 2977 quem
494 2933 629 2978 quidam
642 2933 765 2978 pagani
787 2933 942 2972 scientes,
967 2933 1126 2968 existima-

254 2981 474 3016 bantanobis
484 2984 549 3017 coli
573 2984 722 3018 Cererem
745 2983 779 3016 ἀ
801 2982 967 3017 Bacchum
983 2997 993 3016 :
1018 2981 1123 3018 hono·

254 3031 333 3064 re&
355 3031 546 3066 adoratione
569 3032 685 3067 latriae.
712 3033 799 3078 Quia
829 3034 945 3076 nempe
966 3033 1068 3067 latens
1089 3034 1126 3067 il-

251 3081 299 3114 iic
321 3091 367 3115 res
386 3080 508 3114 Divina
529 3081 573 3116 est
599 3083 821 3117 Homo-Deus
845 3107 856 3123 ,
884 3082 1123 3127 JESUS-Chri-

250 3131 338 3164 Rus.
366 3130 446 3164 Haec
458 3130 574 3171 verba,
601 3137 666 3166 Nec
670 3132 711 3173 fic
721 3132 888 3166 habendam
892 3131 1018 3176 speciem
1041 3134 1121 3168 illam

249 3180 453 3215 benedictione
472 3179 692 3223 sanc‘lificatam
716 3206 727 3222 ,
767 3185 1010 3225 quemadmodum
1036 3183 1119 3218 babe-
1183 3189 1295 3224 Amen,
1315 3187 1385 3226 jam
1396 3187 1548 3230 inspiritu
1557 3192 1694 3233 confitens
1707 3215 1717 3231 ,
1744 3193 1824 3233 quod
1843 3198 1969 3235 accipias
1992 3194 2051 3228 (or-

250 3239 300 3266 tur
312 3228 403 3273 inrisu
413 3230 538 3272 quolibet
548 3255 559 3271 ,
572 3231 728 3265 elucidari
741 3232 860 3266 debent
871 3244 911 3267 ex
923 3233 1116 3278 aliis-Augu·
1175 3242 1234 3275 pus
1249 3239 1274 3266 C
1277 3236 1358 3273 bristi
1371 3261 1383 3268 ·-
1406 3237 1460 3271 Ne
1474 3239 1547 3279 quis
1557 3250 1637 3282 ergo
1649 3239 1754 3274 fidelis
1764 3240 1887 3277 incidat
1899 3244 1932 3278 in
1954 3243 2049 3281 istam

249 3280 326 3317 ssini
353 3280 503 3314 verbisin
517 3281 658 3315 secundo
671 3280 756 3315 libro
779 3283 820 3317 de
832 3291 1035 3325 peccatorum
1053 3295 1115 3318 me-
1179 3285 1373 3319 otiositatem
1397 3311 1407 3326 ,
1448 3288 1652 3333 Augustinus
1675 3289 1840 3325 laudatum
1867 3294 2047 3331 sermonem

249 3331 318 3367 ritis
329 3342 366 3364 ac
380 3330 563 3364 remiffione
576 3345 587 3364 .·
614 3335 686 3363 Non
696 3336 781 3365 unius
795 3334 873 3364 modi
893 3332 930 3373 est
946 3332 1112 3376 saneiifica-
1177 3335 1269 3367 omni
1283 3335 1464 3379 Neophyto
1475 3361 1484 3376 ‚
1511 3347 1684 3383 antequam
1695 3340 1894 3384 dimittatur,
1907 3344 1980 3378 vult
1991 3356 2048 3388 per

246 3387 286 3416 tio
307 3411 314 3419 ,
354 3384 440 3413 Nam
461 3381 495 3414 (9·
518 3380 746 3416 catechumenos
774 3381 931 3425 secundum
956 3386 1113 3428 quemdam
1177 3383 1393 3421 Catechistam
1404 3387 1584 3433 pleniffime
1604 3391 1746 3432 exponi.
1773 3390 1883 3428 Etiam
1905 3395 2051 3437 exponi,

338 3429 447 3472 Christ.
458 3434 537 3474 Lupi
547 3435 645 3475 Opera
656 3434 689 3466 T.
705 3435 753 3467 VI.
1625 3438 1653 3475 P
1702 3449 1724 3485 3
1921 3444 1997 3486 quid

2111 1920 2191 1960 Cap.
2205 1931 2256 1960 25‘i

1192 2784 1387 2821 Corinthios
1400 2788 1544 2831 Epistola
1556 2791 1689 2827 Sanctus
1701 2792 1840 2827 Paulus:
1865 2796 1899 2827 Si
1910 2794 2063 2830 benedixe-

1189 2840 1232 2867 ris
1245 2837 1356 2877 Spiritu
1370 2861 1380 2878 ,
1405 2843 1455 2880 qui
1460 2837 1581 2881 supplet
1593 2842 1684 2875 locum
1705 2843 1806 2876 idiota
1818 2867 1830 2884 ,
1857 2847 1996 2886 quomodo
2017 2849 2062 2880 di-

1188 2894 1231 2917 cer
1243 2909 1254 2925 ‚
1280 2888 1393 2920 Amen?
1418 2888 1536 2932 Spiritu
1549 2889 1734 2927 benedicere
1743 2893 1787 2926 est
1802 2904 1857 2937 per
1867 2894 2057 2929 benedicen-

1189 2944 1254 2968 tem
1267 2947 1333 2970 non
1347 2936 1507 2973 declarata
1518 2940 1550 2973 &
1562 2951 1617 2984 per
1629 2941 1817 2985 audientem
1840 2955 1909 2978 non
1930 2945 2058 2978 intelle-

1187 2986 1236 3018 cta
1244 2996 1323 3019 voce
1335 2986 1522 3023 benedicere
1531 3003 1542 3022 :
1570 2991 1672 3038 Qod
1684 2992 1781 3036 quam
1793 2993 1935 3027 maxime
1943 3004 2057 3029 caven-

1186 3033 1262 3068 dum
1275 3034 1319 3069 est
1334 3036 1367 3070 in
1389 3038 1525 3072 solemni
1549 3051 1630 3075 voce
1648 3064 1658 3080 ,
1684 3053 1746 3086 qua
1768 3041 1970 3077 distribuitur
1991 3044 2056 3078 Eu·

1184 3083 1331 3119 charistia
1354 3111 1361 3119 .
1386 3087 1479 3121 Hinc
1502 3090 1535 3122 in
1557 3090 1690 3125 laudato
1710 3092 1786 3125 loco
1804 3092 1897 3126 addit
1919 3093 2052 3129 Sanctus

1185 3134 1371 3170 Ambrosius
1384 3150 1391 3169 :
1419 3141 1501 3182 Ergo
1516 3150 1572 3172 non
1582 3143 1670 3174 otiose
1681 3152 1745 3175 cum
1767 3147 1874 3184 accipis
1886 3167 1897 3183 ,
1922 3152 1955 3176 tu
1973 3147 2051 3191 dicit

70 3362 141 3400 Cap.
166 3369 212 3394 26.
