2372 3756
159 259 244 301 Epist.
256 266 317 295 16c.

163 2086 226 2121 nb.
252 2097 278 2117 x·

163 2131 215 2167 EP-
232 2138 279 2165 42·

413 136 471 193 38
690 132 731 176 S.
767 125 1078 178 Gneooau
1115 143 1365 178 sep-mm
1403 129 1776 182 Pomm-mu

335 219 485 260 Ecclefiae
495 218 687 251 Decanum.
714 215 812 251 Istam
825 216 1137 261 qualemcumq;·suae
1148 217 1217 253 Me·
1276 216 1430 250 invitavit
1442 214 1632 251 Sichardum
1643 216 1864 253 patriarcham
1885 217 2152 266 Aquileiensem:
2214 257 2218 260 .

335 269 497 312 tropolios
507 265 716 310 disciplinam
732 268 874 302 aemulari
890 267 1003 300 saltem
1027 266 1131 302 voluit
1140 266 1213 301 Bar·
1272 265 1405 300 Rec'lores
1432 268 1632 309 &Principes
1651 268 1877 311 mundtbujus‚
1896 267 2004 314 fingult,
2016 283 2154 316 quaeren·

334 320 546 355 tholomaeus.
574 317 620 351 Et
632 314 711 351 hinc
726 317 879 351 Sanctum
890 315 1130 356 Nortbertum,
1156 318 1212 361 qui
1272 326 1315 349 tes
1339 328 1407 359 quae
1425 315 1571 360 suasum
1585 340 1596 357 ‚
1621 329 1680 350 non
1692 329 1758 360 quae
1780 319 1893 363 JESU
1916 319 2047 363 Christe,
2071 331 2152 359 cmm

333 367 539 402 Canonicam
558 367 659 401 vitam
670 367 840 410 reparabat
858 367 893 400 in
909 365 1034 409 plenam
1049 367 1212 409 perfectio·
1271 373 1439 400 rever-entra
1448 367 1631 407 conculcata,
1657 367 1814 410 Ecclefiam
1835 368 1921 413 quasi
1940 372 2033 405 vilem
2053 376 2152 409 Ancil-

330 428 432 457 nem,
457 416 614 452 ambabus
623 417 710 451 ulnis
730 417 879 456 admifit,
903 415 1009 455 fovit,
1034 425 1132 459 atque
1153 418 1211 452 do·
1270 417 1331 449 lam
1343 422 1534 459 opprimunt,
1561 429 1682 460 eamque
1699 417 1899 461 confundere,
1924 422 1995 454 dum
2006 424 2153 464 cuptdrea.

327 467 423 502 navit
441 478 511 502 non
521 465 651 501 tantum
673 465 912 501 Praemonstrati
926 465 1068 507 Eremo,
1096 466 1151 501 sed
1176 468 1209 503 &
1270 475 1314 500 tes
1332 465 1404 510 suas
1428 467 1543 509 explere
1565 468 1712 508 valeant,
1739 469 1908 502 nullatenus
1918 470 2150 514 pertimescunt.

327 518 414 553 intra
424 518 513 552 suam
534 517 702 552 civitatem
713 515 855 551 Ecclefia
879 516 987 551 Sancti
999 516 1158 551 Martini.
1269 518 1437 550 sacerdotes
1446 526 1568 558 autem,
1593 519 1628 553 <35
1643 524 1694 561 qai
1706 522 1845 562 Regimen
1869 520 2003 562 Eeclefiae
2023 521 2151 566 accepts-

378 565 598 614 Qodipsum
608 566 758 601 fecerunt
783 566 817 601 ὃς
838 565 895 601 alii
906 566 1011 610 plures
1030 565 1206 611 Episcopi.
1264 564 1296 610 se
1318 567 1480 607 videntur,
1503 567 1597 612 legem
1618 572 1675 602 Det
1689 568 1759 611 fere
1775 571 1901 612 penitus
1920 570 2122 613 postponentes
2134 597 2148 614 ,

326 617 461 652 Etenim
481 618 516 651 in
547 615 654 651 nostra
679 615 853 651 Brabantia
884 616 1086 661 Collegiatas
1121 616 1205 660 apud
1268 615 1589 661 &officiisuidebitum
1603 621 1666 652 Deo
1691 618 2056 661 &commiffisfibiovibus
2076 621 2148 665 sub·

324 667 557 711 Grimbergam
582 666 616 700 &
626 665 844 713 Diligemium
856 666 1017 702 Ecclefias
1036 667 1093 710 ipfi
1105 666 1207 702 dona-

322 718 373 752 vit
411 716 575 752 Cathedra
604 716 844 752 Cameracensis
867 741 874 749 .
911 716 1012 761 Apud
1038 715 1205 752 laudatum

321 766 531 803 Monachum
552 767 785 802 Hermannum
817 765 1024 801 Burchardus
1056 767 1205 802 Camera-

321 819 422 853 centis
442 817 624 862 Episcopus
642 817 810 861 peditem,
836 817 1090 856 discalceatum,
1115 816 1202 852 vilis·

318 867 397 903 nme
407 868 560 903 indutum
573 866 788 902 Nortbertum
798 867 921 911 excipit
931 865 1114 903 honorifice
1124 878 1201 905 cum

318 915 497 961 lachrymis
519 942 532 958 ,
565 917 601 952 δε
627 916 803 951 admiranti
828 928 866 951 ac
890 916 988 952 vilem
1008 916 1200 954 mendicum

316 968 464 1003 censenti
486 969 547 1001 suo
570 965 749 1001 Secretario
771 965 915 1012 Hugoni
935 966 1107 1011 respondet
1132 980 1141 1002 ι
1167 971 1199 1001 st

311 1016 408 1062 scires
418 1040 429 1057 ‚
455 1021 523 1060 quis
530 1014 652 1056 fuerit,
678 1020 836 1050 mirareris
847 1018 931 1060 quad
948 1027 1026 1052 nunc
1054 1018 1126 1052 talis
1138 1017 1178 1060 fit
1190 1043 1197 1054 .

313 1067 449 1111 ,Quando
496 1072 575 1099 emm
594 1069 758 1108 Imperator·
776 1067 862 1100 dedit
892 1066 966 1101 mibi
988 1066 1199 1111 Episcopatum

312 1114 577 1159 cameracensem,
603 1115 672 1150 bule
694 1116 858 1151 No'rtberto
878 1128 943 1152 eum
964 1118 1053 1160 prius
1071 1118 1197 1159 obtulit,

308 1165 368 1212 sed
384 1164 447 1210 ipse
468 1177 534 1201 eum
553 1164 699 1210 suscipere
723 1168 778 1200 vel
783 1165 894 1202 babere
907 1167 1014 1202 noluit.
1042 1167 1197 1204 Nortber-

309 1226 365 1251 tus
383 1216 474 1251 enim
496 1225 573 1252 ante
584 1217 698 1251 omnia
719 1227 779 1261 pro
792 1215 926 1252 Christo
949 1216 1075 1253 dimissa
1090 1219 1195 1254 fuerat

308 1265 530 1302 nobiliffimus
553 1277 591 1302 ac
603 1266 862 1311 opulentiffimus
885 1267 1193 1304 CanonicusColo-

306 1316 448 1351 nienfis.
476 1317 541 1352 Ista
560 1316 602 1352 de
622 1317 716 1352 causa
739 1316 807 1360 ejus
831 1316 994 1353 ordinem
1017 1317 1134 1353 dilexit
1158 1318 1192 1353 &

306 1365 485 1413 largiffime
501 1367 668 1410 promovit
691 1367 932 1403 Cameracensis
946 1367 1107 1403 Ecclesia.
1137 1367 1192 1401 Et-

306 1417 375 1452 iam
401 1417 512 1452 omnis
534 1416 665 1463 Europa
681 1441 693 1458 ,
718 1417 864 1460 itemque
885 1426 966 1452 tunc
978 1416 1114 1451 Francis
1124 1416 1182 1451 sub

305 1466 375 1502 dita
388 1466 578 1507 Palaestina,
604 1478 643 1502 ac
654 1467 763 1501 omnis
774 1466 868 1509 Syria
881 1481 892 1499 ·.
918 1464 1023 1514 Qod
1036 1465 1189 1501 videlicet

303 1517 365 1552 iste
393 1517 490 1554 Ordo
507 1516 717 1553 Canonicam
737 1514 908 1550 Clericalis
931 1518 1005 1552 vitae
1027 1514 1192 1559 perfeetio-

302 1577 382 1602 nem
408 1591 421 1608 ,
461 1566 558 1602 omni
581 1566 729 1601 Ecclesiae
763 1564 965 1600 utiliffimam
982 1589 994 1604 ,
1030 1575 1189 1610 repararet

300 1615 424 1659 lapsam
447 1637 458 1654 ,
482 1617 516 1649 &
540 1622 719 1658 reparatam
742 1614 916 1649 custodiret
933 1639 942 1649 .
964 1613 1070 1661 Qud
1090 1616 1189 1660 usque

300 1663 405 1701 hodie
414 1664 525 1702 omnis
537 1663 668 1713 Europa
681 1672 758 1702 cum
767 1665 870 1702 fructu
893 1665 928 1703 ὃς
949 1665 1074 1713 gaudio
1095 1676 1188 1713 expe-

302 1715 386 1752 ritur
407 1739 416 1751 .

1267 665 1443 708 trabentes,
1465 676 1519 710 per
1540 668 1750 710 Ecclefiasticas
1772 670 1935 714 dignitates
1954 672 2000 704 ad
2018 675 2148 706 munda-

1266 727 1336 750 nam
1347 718 1467 753 tantum
1479 722 1613 751 nituntur
1618 721 1748 764 gloriam
1767 745 1778 760 ,
1804 722 1838 754 (9
1859 731 1926 762 quae
1941 718 2066 763 special}
2087 720 2146 765 dis-

1260 765 1433 810 pensatione
1457 769 1613 803 multorum
1634 769 1812 803 utilitatibus
1837 770 1871 803 &
1887 769 1982 813 saluti
2002 770 2146 813 proficere

1265 817 1422 860 debuissent
1433 842 1444 859 ,
1469 829 1506 852 ea
1519 827 1574 863 aut
1586 821 1737 864 negllgum
1749 845 1760 860 ,
1784 829 1837 852 aut
1849 820 2007 862 infeliciter
2023 826 2146 864 inpom-

1259 866 1458 910 pasuperbt’ae
1482 866 1679 912 &ficperflut‘s
1687 868 1856 912 sumptibus
1881 868 2069 913 consumunt.
2095 876 2148 904 In-

1261 926 1307 965 ter
1317 916 1381 951 haec
1388 918 1515 960 populus
1530 920 1609 953 nullo
1621 921 1817 953 Praelatorum
1827 922 2029 954 moderamine
2044 944 2055 960 ‚
2081 923 2143 955 nul-

1260 965 1302 1010 Its
1299 978 1354 1009 que
1364 968 1691 1012 mandatorumfroents
1701 975 1733 1003 in
1744 976 1828 1003 viam
1843 969 1971 1012 justitiae
1989 970 2119 1004 directus
2126 995 2140 1012 ,

1259 1020 1348 1051 immo
1358 1027 1454 1051 eorum
1464 1024 1517 1061 qui
1523 1017 1660 1062 praesunt
1673 1022 1808 1062 exemplo
1817 1031 2005 1063 quaecumque
2026 1026 2118 1054 noxta
2128 1045 2142 1062 ,

1259 1068 1292 1102 (9
1314 1078 1382 1110 quae
1391 1067 1570 1111 christtanae
1580 1070 1727 1113 Rellgioni
1741 1068 1815 1113 sunt
1829 1076 1979 1104 contraria
1999 1071 2117 1104 edonias
2127 1095 2140 1112 ,

1257 1117 1300 1150 ad
1310 1119 1494 1160 omniapene
1515 1130 1581 1161 quae
1594 1119 1710 1162 nefarta
1716 1118 1789 1163 fiant
1795 1126 1885 1162 proni
1912 1122 1947 1155 (5
1961 1119 2059 1162 studio
2078 1122 2142 1154 'cor-

1255 1176 1396 1209 ruentes,
1422 1168 1625 1208 Christianum
1636 1182 1762 1212 nomen,
1787 1182 1846 1204 non
1856 1172 1919 1203 dico
1943 1170 2054 1213 absque
2074 1179 2142 1213 ope-

1254 1229 1321 1251 rum
1336 1217 1529 1263 observantia
1543 1242 1554 1259 ‚
1572 1218 1714 1263 sedpene
1724 1218 1833 1264 absque
1839 1219 1915 1263 fidei
1932 1221 2079 1264 relzgiones
2087 1231 2140 1265 ge-

1253 1276 1325 1300 runt
1336 1291 1344 1300 .
1370 1268 1557 1304 Adversum
1571 1270 1632 1304 hos
1642 1269 1831 1305 foediffimos
1846 1270 1991 1304 excelsus
2013 1270 2141 1306 indicta

1254 1315 1316 1351 fuit
1338 1318 1473 1360 praesens
1495 1317 1670 1358 synodus:
1697 1320 1742 1354 Et
1762 1320 1845 1364 quin
1866 1319 2073 1356 sanstiffimas
2096 1320 2140 1355 de

1255 1365 1326 1409 ipsis
1351 1366 1440 1410 leges
1459 1364 1620 1408 ediderit,
1647 1378 1717 1401 non
1737 1368 1785 1401 est
1804 1369 2027 1404 dubitandum
2042 1395 2051 1402 .
2077 1370 2143 1414 Sy·
2188 1409 2190 1411 ,

1254 1415 1333 1449 nodi
1344 1415 1552 1449 durationem
1566 1416 1723 1460 colligere
1737 1427 1917 1460 utcumque
1930 1418 2085 1461 poffimus
2095 1429 2139 1453 ex

1252 1464 1407 1510 Gregorii
1421 1463 1570 1508 Epistola
1591 1465 1633 1499 ad
1646 1465 1771 1500 Geizan
1783 1467 1966 1511 Hungariae
1985 1469 2115 1503 Ducem
2125 1491 2141 1508 ,

1249 1514 1324 1548 data
1345 1515 1461 1550 Romae
1480 1515 1516 1548 in
1529 1515 1667 1559 Synodo
1679 1539 1691 1556 ‚
1718 1516 1812 1552 sexto
1823 1516 1956 1551 decimo
1968 1515 2136 1553 Kalendas

1251 1563 1374 1608 Aprilis
1397 1589 1406 1598 .
1441 1564 1508 1601 Isto
1538 1575 1628 1600 anno
1648 1564 1772 1601 Pascha
1807 1566 1950 1602 occurrit
1980 1567 2138 1612 vigefima

1250 1614 1372 1660 Aprilis
1384 1614 1439 1650 die
1450 1639 1462 1656 ,
1489 1614 1629 1660 ideoque
1639 1615 1742 1660 prima
1751 1640 1763 1657 ‚
1789 1616 1826 1652 in
1838 1627 1901 1660 qua
1922 1615 1987 1651 fuit
1999 1615 2136 1652 inchoa-

1247 1672 1279 1699 ta
1301 1663 1370 1701 haec
1382 1664 1560 1709 Synodus;
1589 1665 1851 1718 Qadragefimae
1872 1666 2056 1702 Dominica
2065 1676 2136 1703 erat

1247 1725 1336 1750 nona
1356 1713 1424 1749 dies
1443 1715 1559 1752 Martii
1579 1740 1591 1757 ,
1626 1716 1663 1753 δε,
1694 1714 1788 1752 sexto
1812 1715 1944 1752 decimo
1965 1713 2135 1752 Kalendas

1247 1763 1373 1810 Aprilis
1397 1774 1466 1799 erat
1479 1765 1548 1800 dies
1568 1766 1696 1803 decima
1709 1767 1863 1811 septima.
1888 1767 1934 1801 Et
1953 1765 2067 1800 nestio
2089 1776 2135 1801 an

1246 1824 1327 1849 tunc
1347 1814 1446 1850 fuerit
1469 1816 1564 1851 finita
1578 1840 1586 1848 .
1619 1816 1794 1865 Qidquid
1817 1818 1856 1853 fit
1877 1841 1888 1858 ‚
1918 1826 2039 1850 novem
2061 1815 2133 1851 istis

1245 1863 1361 1899 diebus
1386 1864 1479 1909 plura
1503 1864 1702 1901 hauddubie
1721 1869 1854 1903 fuerunt
1880 1866 1923 1902 ad
1936 1865 2133 1909 reparandos

1246 1914 1393 1949 Ecclefiae
1406 1926 1515 1950 mores
1528 1916 1705 1951 constituta
1714 1942 1722 1951 .
1751 1918 1863 1953 Etiam
1877 1915 2050 1961 singulares
2063 1916 2133 1959 plu·

1245 1964 1330 1999 rium
1343 1964 1582 2010 Episcoporum
1606 1975 1704 2013 atque
1732 1966 1901 2005 Abbatum
1922 1966 2022 2002 causae
2042 1976 2130 2003 acce·

1245 2024 1362 2062 petunt
1384 2015 1488 2052 finem
1501 2040 1509 2051 .

422 1932 617 1980 ALIA
662 1927 1065 1989 DECRETA.

404 2069 543 2115 synodo
564 2069 628 2108 hac
649 2070 791 2105 manasse
811 2069 915 2114 plures
931 2068 1109 2107 Canones,
1135 2065 1184 2099 lu-

416 2129 469 2166 cet
479 2132 523 2158 ex
532 2120 649 2159 litteris
659 2143 672 2163 ,
696 2119 815 2166 fluibus
825 2118 1008 2165 Gregorius
1026 2115 1068 2152 ad
1078 2114 1181 2160 ipsam

1818 3448 1862 3499 S.
1896 3445 2051 3508 CRE-
