2352 3756
64 447 127 478 Lib.
161 460 187 479 i.

65 496 114 527 qu.

137 497 184 525 30.

879 128 1438 172 Concrtium.

241 217 438 260 Ecclefiaflt'ca
449 243 459 259 ,
473 228 541 260 quae
550 214 753 258 perturbatior
759 212 883 255 fortaffe
890 210 985 253 fecisti
997 236 1004 242 .
1030 209 1126 244 Man-

239 264 299 303 d'at
319 268 474 311 injustum
503 265 674 300 vinculum
697 275 765 297 non
788 263 894 306 sperni
920 285 931 301 ‚
958 261 1011 295 sed
1031 271 1127 294 cano-

243 318 317 353 nice
340 319 485 352 absolvi.
514 317 613 351 Circa
632 312 782 358 Jonathae
801 337 812 353 ‚
840 312 896 355 qui
924 311 1038 346 contr->t
1063 311 1126 344 Re-

242 369 336 413 gium
361 368 467 402 Patris
489 366 562 401 Saul
593 362 767 398 anathema
789 361 976 396 comederat
1001 359 1125 405 agreste

242 420 334 460 mel,
359 417 470 463 quaerit
491 418 526 450 in
552 412 786 459 quaestionibus
808 412 848 446 ad
871 412 1004 455 Regum
1025 408 1126 444 libros

243 470 344 504 etiam
366 467 622 502 Theodoretus:
649 467 682 497 51
693 464 765 496 saul
768 462 858 502 stulte
865 459 990 503 subjecit
1000 459 1126 493 anathe-

242 526 342 560 mati,
368 529 418 551 cur
437 521 525 549 Deus
546 514 733 555 confirmavit
752 509 1056 553 anathematismum?
1086 510 1126 542 Et

246 568 436 612 respondet:
465 569 568 600 Primo
591 565 710 607 quidem
730 574 796 595 eum
808 567 931 604 arguit,
957 563 1127 603 quodpra-

245 630 291 653 ter
310 624 456 651 rationem
468 617 532 659 esset
543 623 700 655 execratus
712 638 719 645 .
748 613 865 648 Deinde
875 612 955 646 docet
966 635 977 651 ,
1002 622 1039 643 ne
1052 608 1126 652 ejus

244 670 326 701 modi
349 669 469 710 quidem
481 665 678 699 anathemata
691 662 741 706 csse
756 662 966 694 contemnenda
976 685 983 691 .
1012 661 1127 693 Farno-

243 720 278 753 sa
301 718 347 752 est
368 717 490 761 Magni
512 715 666 759 Gregorii
692 715 725 747 in
750 711 901 755 vigesima
922 711 1008 743 sexta
1020 707 1127 742 homi-

244 770 289 802 lia
319 770 410 811 super
429 767 536 800 Sancti
564 763 699 810 Joannis
713 761 931 804 Evangelium
946 758 1103 791 sententia
1116 771 1126 791 .-

243 819 304 851 5ub
324 830 430 860 magno
451 817 647 847 moderamine
670 811 803 850 Pastores
814 808 948 849 Ecclefiae
958 807 1012 848 vel*
1016 806 1129 850 solvere

235 867 377 908 studeant
400 865 452 898 vel
472 866 586 907 ligare.
616 863 658 893 Id
677 869 799 899 autem,
825 864 877 900 qui
894 856 952 900 sub
967 863 1057 890 manu
1070 861 1128 890 Pa-

236 917 326 958 storis
350 915 387 956 est
401 941 412 956 ,
439 916 529 958 ligari
551 918 657 945 timeat
678 910 732 942 vei
743 906 823 950 justi?
847 910 899 940 vel
908 907 1030 948 injuste.
1061 912 1126 941 Nec

244 967 376 1007 Pastoris
397 964 445 1008 sui
461 965 612 1005 judicium
633 960 740 993 temere
753 957 978 999 reprehendat.
1006 962 1057 990 Ne
1077 956 1132 1000 etfi

244 1017 352 1059 injuste
372 1018 484 1061 ligatus
505 1012 567 1054 est,
591 1022 627 1044 ex
649 1008 738 1052 ipsius
762 1009 885 1041 tumidae
903 1006 1126 1049 reprehensionis

239 1067 381 1111 superbia
402 1065 512 1106 culpa,
538 1073 605 1105 quae
626 1071 684 1091 non
706 1069 774 1092 erat
788 1084 798 1099 ‚
820 1058 895 1100 fiat·
924 1058 1037 1105 Qam
1060 1059 1128 1092 sen-

245 1117 383 1151 tentiam
406 1114 517 1148 laudat
540 1114 572 1144 in
588 1110 679 1144 libris
693 1108 732 1143 de
747 1110 846 1143 Laica
858 1107 1064 1147 institutione
1077 1109 1127 1154 Jo-

245 1179 304 1202 nas
319 1163 558 1198 Aurelianensis
572 1160 751 1204 Episcopus
763 1184 775 1200 ,
798 1159 929 1203 questus
940 1171 1126 1196 excommu-

243 1216 420 1250 nicationis
442 1212 614 1247 vinculum
641 1212 703 1244 suo
728 1211 828 1244 etiam
861 1219 1008 1254 tempore
1034 1211 1126 1245 fuiffe

244 1274 474 1308 contemptum
487 1288 495 1295 .
524 1263 567 1296 Et
578 1261 728 1295 adversus
743 1261 942 1305 Gregorium
955 1260 1126 1296 Asbestam

244 1315 408 1359 Syracusae
431 1311 728 1356 Archiepiscopum
742 1336 753 1351 ,
780 1312 837 1354 qui
859 1311 876 1344 ὲ
901 1313 1021 1345 Sansto
1033 1311 1126 1356 Igna-

245 1368 295 1401 tio
318 1362 505 1400 Patriarcha
526 1361 904 1405 Constantinopolitano
925 1361 1083 1395 inflidhun
1094 1362 1127 1395 fi-

246 1418 281 1451 bi
303 1416 552 1450 damnationem
574 1411 741 1456 spernebat
764 1411 812 1446 uti
834 1410 985 1453 injustam
1010 1412 1044 1445 &
1059 1412 1127 1444 nul·

243 1468 313 1500 lam
329 1491 339 1506 ,
365 1464 405 1499 ad
416 1474 531 1499 omnes
542 1461 910 1503 Constantinopolitani
925 1460 1129 1495 Patriarcha-

246 1527 299 1550 tus
319 1516 501 1559 Episcopos
517 1514 550 1547 δε
570 1512 715 1546 Clericos
737 1511 856 1553 scripsit
879 1510 1041 1544 Nicolaus
1067 1512 1128 1554 pri·

245 1577 341 1600 mus:
370 1566 461 1609 ‚Quod
470 1589 481 1605 ‚
493 1563 605 1604 urique
617 1561 862 1596 communicare
874 1561 1018 1594 Ecciefiae
1032 1585 1043 1600 ,
1055 1565 1127 1594 Gre-

241 1622 343 1660 gorius
374 1627 460 1658 agere
479 1615 594 1647 omnino
606 1622 662 1644 non
674 1610 776 1643 debuit
794 1635 804 1650 ,
831 1609 943 1652 etiamsi
951 1612 1032 1644 nulla
1045 1615 1126 1643 Com-

245 1665 328 1708 miffa
342 1664 505 1704 *existerent
525 1670 582 1703 pro
592 1659 699 1702 quibus
712 1660 856 1691 damnari
861 1661 998 1702 potuisset
1010 1686 1017 1692 .
1046 1663 1126 1702 ,Quo-

248 1720 329 1747 niam
344 1714 469 1747 Praelati
474 1712 621 1754 judicium
626 1708 651 1752 s
646 1715 742 1750 emper
756 1708 946 1749 inferioribus
958 1709 1128 1749 formidan-

247 1766 320 1797 dum
335 1764 372 1806 est
382 1786 393 1803 ,
419 1774 455 1795 ne
471 1761 501 1802 fi
509 1766 534 1794 ei
548 1771 606 1792 non
619 1759 800 1797 obedierint,
827 1759 894 1790 licet
905 1757 944 1789 ab
958 1756 1127 1798 cofortaffis

247 1813 353 1856 injuste
364 1816 516 1856 ligentur,
541 1807 638 1852 ipsam
662 1807 848 1850 obligationis
867 1805 929 1848 suae
948 1805 1128 1848 sententiam

246 1877 285 1898 ex
299 1865 361 1896 alia
382 1863 491 1903 culpa,
516 1861 552 1892 id
574 1858 632 1899 est,
659 1868 696 1890 ex
719 1856 916 1891 inobedientia
938 1864 1106 1888 mereantur
1119 1880 1126 1887 .

244 1914 362 1948 Palam
377 1911 520 1953 loquitur
544 1918 586 1941 ex
606 1907 738 1949 Magno
759 1905 938 1947 Gregorio.
968 1904 1012 1937 Et
1035 1904 1127 1937 istam

243 1961 431 2006 Epistulam
461 1956 633 2003 probavit,
661 1966 699 1989 ac
726 1953 867 1998 septimae
902 1953 963 1986 suae
989 1950 1127 1987 Anioni

242 2012 381 2047 inseruit
400 2011 516 2043 ostava
540 2004 712 2049 synodus.

296 2059 447 2095 Eandem
459 2057 578 2100 Magni
592 2054 746 2098 Gregorii
757 2051 953 2087 sententiam
966 2049 1129 2087 Leodien-

243 2111 267 2144 si
289 2111 390 2145 Clero
404 2132 415 2149 ‚
439 2107 495 2152 qui
516 2105 701 2144 Henricum
726 2104 853 2147 Regem
877 2102 1128 2136 affirmabatini·

244 2159 310 2201 quc
332 2157 681 2195 excommunicetum,
707 2154 742 2188 δε
764 2153 970 2196 pertinaciter
989 2153 1021 2186 ei
1051 2152 1126 2186 dem

247 2209 517 2244 communicabat
527 2229 537 2246 ‚
562 2205 683 2248 objecit
696 2201 859 2237 Paschalis
871 2202 1030 2236 secundus
1041 2199 1127 2236 Pon·

247 2261 349 2294 tifex.
377 2263 420 2295 Et
441 2259 558 2292 Clerus
582 2254 749 2298 reposuit.-
778 2257 912 2286 Dicimus
938 2254 973 2287 6³·
995 2263 1047 2285 nos
1059 2262 1126 2285 cum

246 2314 407 2354 Gregorio,
436 2306 566 2352 Ligandi
587 2307 622 2339 (τ
639 2302 774 2348 solvendi
792 2301 936 2344 potestate
949 2300 983 2345 se
989 2308 1124 2344 privat,

248 2366 300 2402 qui
319 2358 463 2402 subjet‘los
483 2365 538 2397 pro
556 2353 607 2397 suo
631 2354 729 2393 velle,
755 2353 788 2385 (¹5
809 2364 864 2385 non
882 2361 938 2394 pro
959 2362 1057 2386 eorum
1068 2363 1124 2385 mc-

248 2416 306 2442 rito
328 2411 400 2452 ligat
423 2410 455 2441 et
472 2405 564 2449 solvit
580 2429 587 2436 .
616 2408 728 2436 Dicitis
753 2411 884 2444 quoque:
911 2404 1124 2435 Excommuni-

247 2469 352 2498 catus,
371 2457 401 2499 fi
422 2457 513 2490 mort'e
531 2459 746 2497 praevenitur,
771 2453 935 2484 damnatur
956 2476 964 2483 .
994 2452 1050 2484 Hic
1075 2462 1124 2484 no-

249 2511 296 2542 bis
313 2508 459 2552 succurrit
480 2510 621 2538 Romanae
643 2500 777 2543 Ecclefiae
802 2500 987 2533 authorum.
1015 2504 1124 2545 Grego-

249 2565 313 2591 rius
335 2565 414 2591 enim
439 2556 528 2589 verbo
552 2556 585 2588 &
607 2555 718 2594 scripio
739 2551 960 2590 authorizavit,
987 2551 1124 2593 quodpo-

248 2609 300 2649 rest
324 2612 474 2640 Romanus
499 2602 616 2645 Praesul
632 2599 782 2644 absolvere
794 2604 1068 2634 excommunicatum
1080 2606 1123 2633 in·

240 2659 320 2701 justi?
339 2658 377 2690 ab
403 2657 497 2698 aliquo
521 2678 527 2685 .
556 2655 587 2686 Si
614 2651 665 2684 hoc
686 2649 777 2692 potest
804 2654 957 2682 Romanus
986 2647 1120 2692 Praesul,

246 2714 314 2753 quis
335 2716 417 2751 neget
437 2711 529 2738 etiam
555 2707 649 2736 Deum
667 2700 744 2744 posse
772 2698 924 2743 absolvere
947 2722 958 2739 ‚
985 2698 1016 2741 fi
1035 2711 1120 2742 quem

247 2764 399 2792 Romanus
423 2753 541 2797 Praesul
561 2751 665 2792 injuste*
677 2750 997 2784 excommunicaverit?
1023 2753 1119 2783 Nemo

238 2815 326 2843 ,enim
349 2808 408 2848 ledi
424 2805 514 2847 potest
539 2803 578 2836 ab
589 2802 646 2835 alio
658 2824 669 2841 ,
695 2798 749 2841 nisi
753 2800 840 2842 prius
860 2797 1118 2842 laedaturaseme-

246 2857 322 2902 apso
338 2882 345 2888 .
371 2855 485 2890 Clerus
506 2850 707 2898 dogmatizat
726 2849 873 2894 iniquam
893 2851 1118 2884 excommuni-

247 2909 413 2942 cationem
439 2905 501 2938 esse
526 2902 672 2942 nullam,
701 2900 782 2934 solvi
795 2898 1116 2940 immediateaDeQ

246 2960 385 2997 ideoque
397 2966 464 2989 non
476 2952 620 2998 indigere
630 2949 837 2985 absolutione
850 2949 990 2984 humana
1002 2973 1010 2981 .
1025 2949 1116 2997 Qo-

246 3007 332 3044 circa
350 3004 384 3038 ἀ
407 3005 470 3048 ipse
487 3003 533 3038 est
554 3001 696 3040 exiliis,
721 2999 888 3034 adversum
900 3009 981 3043 quos
995 3001 1115 3043 proces·

244 3062 352 3094 serunt
362 3055 398 3089 ὄε
410 3052 541 3097 praesens
551 3053 667 3086 Canon
678 3074 688 3090 ,
716 3050 926 3084 &laudatum
937 3049 1114 3085 Decretum

244 3105 379 3144 secundi
407 3101 572 3136 paschaiis
591 3126 598 3133 .
632 3101 723 3134 Idem
743 3111 830 3134 error
851 3099 1005 3143 grassatus
1031 3101 1113 3134 olim

244 3159 309 3194 suit
323 3157 355 3189 in
368 3148 690 3188 Orientali'sscciefia
703 3174 713 3189 ,
739 3151 773 3184 &
784 3150 851 3192 ejus
863 3148 1109 3184 fundamentum

245 3205 381 3251 exponit
401 3201 601 3236 Theodorus
621 3199 795 3232 Balsamon
816 3200 849 3233 in
862 3198 996 3234 Scholio
1008 3199 1048 3234 ad
1061 3200 1112 3234 tri-

245 3259 403 3302 gesimum
426 3250 603 3287 secundum
615 3247 905 3292 Carthaginensem
916 3249 1089 3284 canonem
1102 3263 1108 3283 :

246 3311 278 3341 Si
299 3309 404 3340 datum
421 3302 517 3348 fuerit
536 3298 679 3342 Episcopo
693 3322 703 3338 ,
725 3297 774 3340 seu
795 3300 871 3332 recle*
887 3297 938 3341 seu
956 3307 1110 3340 perperam

243 3359 369 3390 clericos
388 3356 422 3387 (τ
445 3356 547 3385 Laicos
563 3349 733 3393 segregare,
763 3346 797 3381 i&
808 3349 909 3390 neccffe
921 3346 1026 3382 habere
1039 3361 1084 3382 eos
1098 3375 1108 3390 ‚

243 3413 295 3451 qut·
314 3405 506 3449 segregantur
532 3426 541 3440 ‚
563 3399 787 3442 segregationem
803 3397 925 3442 servare
944 3424 955 3441 ,
981 3406 1106 3439 tyranni-

340 3452 444 3492 christ.
459 3456 535 3494 Lupi
548 3455 643 3492 Opera
659 3450 692 3480 T.
705 3452 753 3480 Vl.

1917 150 2004 193 351

1192 210 1257 242 dem
1268 209 1442 242 exercebunt
1455 210 1616 253 Episcopi,
1639 218 1673 250 Θ
1695 222 1729 250 in
1750 223 1830 252 omni
1851 229 1886 253 re
1907 222 2070 256 dominium

1193 259 1389 293 exercebunt.
1414 262 1461 293 Et
1484 271 1567 293 nemo
1586 268 1644 295 erit
1667 272 1717 305 qui
1740 273 1781 300 eis
1803 268 1905 310 resistet
1918 294 1929 311 ,
1949 279 2074 313 propmr

1194 317 1301 342 metum
1307 307 1541 352 segregationis.
1568 312 1614 341 Et
1629 312 1685 351 ipsi
1703 320 1792 348 etiam
1815 325 1923 358 pietati
1947 319 2072 363 insultat

1194 360 1269 392 bunt
1283 384 1290 392 .
1315 363 1360 392 Et
1372 363 1482 392 Divim‘
1494 363 1633 393 Canones
1654 370 1741 393 erunt
1753 365 1905 401 multorum
1926 372 2071 404 maiorum

1195 409 1334 443 authores
1348 434 1356 441 .
1384 410 1478 453 ‚Quod
1497 409 1536 449 est
1558 408 1739 453 absurdum.
1769 411 1950 459 Utriusque
1972 422 2070 462 partis

1194 459 1335 493 rationes
1349 459 1503 500 adducit,
1529 459 1563 493 <Sc
1581 460 1751 495 concludit
1764 474 1774 493 :
1806 465 1871 505 Ego
1892 475 1989 500 autem
2012 482 2069 504 non

1195 509 1286 543 babeo
1297 518 1454 552 quemnam
1464 520 1559 542 eorum
1564 507 1673 552 sequar
1685 535 1691 542 .
1718 515 1806 544 Nam
1818 513 1852 545 6·
1863 515 1882 544 ἃ
1891 520 2003 554 pietate
2011 527 2071 551 tra.

1194 559 1246 591 hor
1257 584 1267 599 ‚
1279 558 1337 602 sed
1344 560 1382 592 ab
1395 571 1425 592 eo
1436 561 1516 601 quod
1518 558 1555 600 fit
1564 569 1666 593 contra
1677 564 1814 594 Canones
1826 586 1837 602 ,
1846 564 1979 598 retrahor
1992 591 1999 599 .
2013 570 2072 601 Cu-

1190 615 1242 650 pio
1263 620 1327 653 ergo
1350 608 1459 652 discere
1470 611 1547 652 quid
1558 612 1706 653 agendum
1717 624 1728 643 :
1754 615 1793 645 Ut
1807 618 1859 654 qui
1871 621 2014 649 totavita
2025 628 2072 650 cu·

1189 665 1276 700 piam
1288 659 1338 703 effe
1345 668 1421 701 puer
1434 661 1467 693 (a
1477 658 1651 702 discipulus.
1681 661 1861 697 Canonum
1875 663 2002 699 Dostor
2026 667 2076 700 sa-

1194 718 1279 743 tetur
1289 709 1383 744 istam
1404 709 1598 752 opinionem
1622 710 1781 745 adversari
1801 711 2012 755 Canonibus‚
2038 716 2072 749 ἀ

1195 757 1315 793 haefitat
1336 771 1377 792 an
1400 758 1438 793 fit
1459 757 1618 803 sequenda
1637 785 1643 792 .
1681 759 1800 795 Parum
1832 762 2069 799 Dostoraliter.

1196 809 1349 846 Eundem
1369 819 1510 847 errorem
1524 809 1611 852 sequi
1628 809 1758 844 videtur
1778 811 1956 855 Imperator
1975 815 2072 858 Joana

1193 869 1251 891 nes
1260 857 1531 893 Cantacuzenus:
1548 863 1695 892 Divinum
1706 864 1827 894 Numen
1837 874 1894 895 non
1901 862 1986 906 sequi
1994 868 2072 907 Epi-

1191 907 1341 951 scoparum
1350 911 1370 940 ἃ
1383 908 1464 942 rebla
1475 915 1589 943 ratione
1601 912 1717 943 alienas
1728 909 1895 952 affet‘liones
1907 937 1919 953 ,
1939 915 2071 956 praecla-

1192 959 1224 991 rt?
1235 957 1345 990 dic‘lum
1356 958 1393 998 est
1402 960 1423 995 a
1437 963 1546 1004 Magno
1557 959 1697 1002 Dionyfio.
1727 960 1834 998 Addit
1847 972 1957 997 tamen
1969 963 2070 998 etiam

1193 1006 1375 1042 istiusmodi
1388 1010 1562 1043 sententias
1571 1010 1622 1052 esse
1645 1010 1814 1052 terribiles,
1841 1014 1875 1047 (9·
1898 1017 2017 1048 merito.

1243 1056 1345 1092 Porro
1357 1057 1464 1092 noster
1475 1058 1594 1093 Canon
1615 1059 1698 1095 reue
1719 1061 1830 1096 addit:
1860 1062 1902 1095 ab
1927 1061 2068 1108 Epifi‘opo

1189 1107 1259 1154 suo.
1288 1108 1421 1144 Etenim
1431 1117 1518 1145 extra
1531 1110 1729 1145 territorium
1741 1111 1788 1155 jus
1798 1112 1922 1147 dicenti
1936 1126 2003 1149 non
2016 1124 2070 1157 pa·

1195 1159 1442 1205 returimpune.
1475 1160 1518 1195 Et
1534 1160 1612 1195 hinc
1634 1162 1769 1204 Joannis
1792 1162 1993 1198 Antiocheni
2014 1175 2072 1197 ex-

1194 1210 1528 1246 communicationem
1539 1212 1669 1245 Sant'ius
1681 1212 1826 1254 Cyrillus
1835 1214 1987 1256 potuiffet
2002 1224 2072 1248 om-

1194 1261 1277 1296 nino
1289 1270 1500 1297 contemnere
1517 1288 1523 1294 .
1552 1259 1677 1295 Verum
1689 1262 1777 1305 quod
1797 1263 1852 1296 ille
1863 1263 1990 1307 Synodi
2014 1275 2072 1299 au.

1194 1310 1382 1346 thoritatem’
1404 1310 1463 1345 fibi
1485 1309 1676 1346 adscriberet
1699 1336 1710 1352 ‚
1739 1311 1793 1346 hic
1814 1314 1939 1348 censuit
1962 1326 2072 1358 paren-

1193 1360 1288 1396 dum.
1320 1362 1362 1395 Et
1376 1361 1454 1395 hinc
1467 1360 1558 1396 vides
1568 1384 1579 1402 ,
1606 1361 1694 1406 quod
1706 1364 1894 1406 exempti&
1908 1363 2074 1408 Apostoli·

1193 1424 1236 1446 cae
1247 1411 1320 1447 sedi
1345 1411 1534 1445 immediate
1559 1423 1596 1446 ac
1617 1411 1713 1455 plene
1733 1412 1864 1456 subjesti
1889 1413 2011 1449 Clerici
2037 1415 2072 1451 &t

1192 1460 1351 1495 Monachi
1379 1462 1647 1496 Dioecesanorum
1690 1463 1924 1506 Episcoporum
1949 1466 2073 1499 senten·

1192 1512 1254 1545 tias
1275 1510 1355 1544 rotie
1375 1521 1592 1546 contemnant
1619 1535 1627 1542 .
1654 1511 1868 1547 Dioecesanus
1888 1514 1975 1548 enim
1993 1515 2075 1559 Epi-

1194 1562 1308 1603 scopus
1330 1572 1397 1594 non
1421 1561 1467 1595 est
1490 1560 1537 1594 eis
1562 1562 1739 1605 Episcopus
1762 1577 1768 1595 :
1806 1563 2000 1601 Nulluseis
2025 1565 2073 1599 est

1193 1612 1375 1654 Episcopus
1392 1612 1455 1644 nifi
1480 1611 1666 1644 Romanus.
1695 1612 1811 1646 Canon
1837 1614 1916 1648 icem
1927 1614 2009 1650 reste
2021 1614 2076 1649 ad-

1194 1660 1261 1694 dit:
1291 1665 1356 1693 Nec
1367 1661 1454 1701 officIo
1474 1671 1527 1694 nec
1551 1664 1746 1695 communione
1765 1667 1890 1704 privato
1905 1688 1912 1695 .
1939 1665 2075 1701 Etenim

1194 1709 1228 1741 in
1253 1709 1397 1741 Decreto
1422 1731 1433 1747 ,
1459 1721 1527 1752 quo
1550 1711 1710 1751 Joannem
1733 1710 1915 1757 Antiochie
1938 1713 2077 1750 Patr-iar-

1193 1755 1313 1798 cham,
1340 1757 1374 1791 δε
1393 1754 1443 1790 illi
1466 1757 1502 1790 in
1526 1767 1655 1800 patrato
1677 1760 1824 1795 adversus
1845 1764 1998 1798 Sanftum
2012 1765 2082 1808 Cy-

1195 1806 1304 1839 rillum
1327 1806 1474 1840 facinore
1496 1819 1689 1851 cooperatos
1711 1810 1893 1854 Episcopos
1912 1812 1954 1847 ab
1966 1816 2083 1850 officio*

1166 1867 1169 1871 ·
1196 1855 1385 1898 Episcopali
1411 1856 1576 1898 suspendit
1600 1883 1610 1898 ,
1635 1857 1763 1893 addidit
1786 1859 1946 1904 Ephefina
1974 1865 2078 1908 Syno-

1194 1904 1276 1938 dus:
1304 1906 1347 1937 Ab
1372 1905 1566 1946 Ecclefiastica
1589 1914 1785 1943 communione
1806 1911 1987 1954 aliem'fint,
2013 1916 2081 1948 nul·

1193 1954 1257 1986 lam
1276 1953 1418 1988 babentes
1434 1955 1642 1997 facultatem,
1668 1966 1815 2001 tanquam
1834 1972 1871 1994 ex
1896 1962 2079 1999 authoritate

1194 2004 1387 2043 sacerdotali,
1418 2015 1479 2046 qua
1502 2007 1651 2047 aliquibus
1670 2008 1723 2040 vel
1743 2010 1953 2044 detrimentum
1965 2015 2017 2046 vel
2028 2015 2083 2047 aii-

1188 2055 1359 2094 J'umentum
1383 2054 1506 2094 adferre
1526 2063 1652 2096 queant.
1686 2055 1775 2090 Etin
1787 2059 1944 2094 relatione
1955 2062 1998 2097 ad
2015 2062 2079 2098 Im-

1194 2110 1374 2146 peratorem
1395 2101 1649 2138 Theodofium:
1676 2109 1869 2142 Decrevimus
1894 2122 1941 2143 eos
1966 2112 2078 2156 tantis-

1189 2161 1245 2195 per
1270 2157 1564 2186 excommunicationi
1579 2153 1733 2195 subjacere
1750 2180 1761 2196 ,
1788 2157 1953 2199 absurdam
1976 2172 2074 2196 eorum

1194 2208 1392 2235 temeritatem
1415 2210 1572 2236 coercente:
1594 2227 1601 2235 .
1640 2203 1786 2240 Proinde
1810 2207 1977 2253 Episcopo
2000 2212 2081 2255 inje-

1193 2254 1240 2286 &a
1260 2251 1303 2285 ab
1324 2250 1437 2286 officio
1456 2262 1512 2286 aut
1535 2254 1772 2289 communione
1792 2257 1952 2300 suspensio
1961 2260 2008 2294 est
2024 2273 2079 2297 ca·

1195 2301 1327 2346 pistrum
1348 2326 1359 2342 ‚
1387 2313 1455 2344 quo
1475 2302 1531 2336 ille
1552 2303 1792 2340 Ecclefiasticas
1818 2309 1967 2343 censuras
1990 2312 2075 2347 nulli

1194 2352 1288 2395 poffit
1305 2351 1429 2387 auferre
1453 2352 1503 2386 vel
1527 2351 1643 2388 inferre
1655 2379 1663 2386 .
1691 2352 1881 2401 Utramque
1892 2356 1977 2394 hanc
1989 2362 2077 2401 clau.

1174 2389 1293 2460 ‘sulam
1314 2401 1467 2436 existimo
1486 2401 1633 2437 additam
1659 2403 1702 2438 ab
1723 2403 1819 2448 hujus
1841 2408 1969 2451 Synodi
1995 2412 2072 2455 Epi-

1174 2453 1297 2496 ·scopis
1322 2452 1362 2486 ad
1386 2450 1435 2486 sui
1460 2450 1679 2487 defensionem
1700 2455 1872 2491 adversum
1896 2459 2071 2505 Mogunti-

1186 2513 1266 2537 num
1293 2501 1503 2538 latrocinium
1522 2527 1529 2535 .
1567 2505 1694 2538 Omnes
1717 2505 1817 2541 ferme
1842 2507 1912 2542 illic
1937 2511 2068 2548 fuerant

1185 2551 1351 2597 degradati
1378 2576 1387 2587 .
1425 2550 1578 2588 Praeterea
1610 2554 1809 2591 Hartuicum
1846 2557 2071 2607 Magdeburgi

1185 2601 1434 2646 Metropolitam
1448 2627 1459 2642 ‚
1482 2600 1571 2646 quod
1594 2615 1635 2637 ex
1657 2605 1784 2648 septimi
1809 2608 1958 2653 Gregorii
1982 2611 2067 2647 dele-

1185 2653 1318 2697 gatione
1341 2653 1552 2687 consecrasset
1579 2652 1831 2699 Reginhardum
1853 2658 2063 2698 Mindensem

1186 2703 1385 2746 Episcopum
1410 2726 1422 2743 ‚
1447 2701 1639 2747 degradarat
1661 2703 1695 2738 in
1723 2706 1778 2741 sua
1796 2707 1898 2742 etiam
1924 2710 2063 2753 synodo

1183 2752 1343 2798 Seguinus
1367 2751 1582 2796 Metropolita
1594 2754 1818 2791 Coloniensis.
1846 2757 1971 2794 Verum
1985 2772 2058 2799 neu·

1182 2810 1228 2835 tra
1255 2801 1408 2844 Synodus
1440 2803 1579 2845 respectu
1615 2804 1844 2842 damnatorum
1880 2809 2060 2855 Episcopo-

1182 2862 1251 2886 rum
1274 2862 1343 2886 erat
1364 2853 1419 2886 sua
1443 2852 1596 2895 Synodus
1617 2879 1624 2886 .
1651 2853 1784 2890 Deinde
1808 2882 1819 2899 ,
1850 2869 1962 2893 neutra
1988 2871 2057 2896 erat

1181 2902 1333 2945 Synodus
1351 2926 1362 2942 ,
1389 2901 1441 2936 sed
1468 2901 1669 2939 schismatica
1691 2909 2055 2946 excommunicatorum

1179 2951 1362 2995 conjuratio
1375 2965 1388 2985 .·
1414 2952 1610 2995 Coniuratio
1630 2956 1830 2992 Henriciana
1843 2959 1877 2992 ὃς
1889 2958 2054 2994 Guiberti-

1180 3014 1218 3036 na
1241 3026 1248 3034 .
1288 3000 1381 3035 Hinc
1400 3012 1535 3045 utraque
1555 3003 1615 3038 ista
1639 3006 1777 3041 clausula
1798 3007 1933 3041 absolvit
1956 3008 2052 3052 hujus

1177 3052 1303 3094 Synodi
1326 3052 1528 3096 Episcopos,
1554 3054 1586 3087 &
1610 3054 1686 3090 data
1711 3057 1743 3089 in
1772 3056 1984 3099 ipsosjudicia
1995 3059 2050 3094 de-

1176 3100 1366 3136 monstravit
1383 3100 1474 3136 fuiffe
1494 3112 1649 3139 attentata
1670 3106 1818 3139 convicia
1839 3131 1846 3138 .

1225 3152 1329 3185 Hunc
1339 3153 1399 3185 esse
1411 3151 1577 3195 utriusque
1598 3154 1749 3189 clausulae
1770 3155 1901 3199 scopum
1926 3159 1958 3192 ἀ
1978 3161 2045 3196 sen-

1175 3205 1244 3237 sum
1256 3202 1420 3245 profitetur
1431 3200 1610 3237 Veni-,ricus
1622 3204 1829 3238 Vercellensis
1842 3207 2022 3253 Episcopus
2033 3224 2043 3243 :

1176 3253 1324 3287 Caeterum
1340 3258 1588 3292 praevaricaiores
1610 3252 1810 3293 Ecclcfiasticae
1831 3256 1902 3299 legis
1926 3259 2063 3304 Episco·'

1172 3310 1228 3345 pt,
1253 3307 1345 3345 quiin
1355 3305 1529 3344 Moguntina
1540 3301 1724 3345 synodosunt
1748 3303 1879 3346 depositi,
1910 3309 1943 3341 (γ
1962 3319 2044 3349 „mag

1175 3351 1368 3394 Eccleftastica
1379 3353 1524 3393 dignitate
1531 3358 1651 3394 privati
1665 3377 1674 3391 ,
1699 3351 1877 3394 sementiam
1896 3358 2041 3401 depoſsue-

1174 3408 1221 3436 nis
1229 3401 1322 3446 suaei
1343 3401 1418 3434 sede
1441 3399 1595 3441 apotolica
1610 3403 1763 3487 galatam
1785 3410 2012 3493 parvipenaigtnt
2025 3435 2036 3452 ‚

1667 3464 1689 3497 8
1741 3464 1763 3490 2
1987 3477 1991 3482 ¹
