2352 3756
548 115 613 144 nc
650 106 1175 142 snrisrncnouuu
1211 92 1674 143 INDULGENTHS.

1887 103 1984 153 269

238 182 328 217 enim
348 180 369 215 fi
390 178 525 221 expletae
551 189 607 213 aut
618 179 750 212 remiffae
760 177 962 222 poenitentiae
974 173 1114 209 Ecclesia
1174 182 1357 216 peccatorum
1394 175 1576 213 remtffionem
1612 179 1720 215 nullius
1752 177 1877 224 sanguis
1914 182 2055 218 Martyris

240 233 382 277 negasset
394 229 609 265 absolutionis
620 240 730 272 pacem
743 253 754 268 ,
781 227 925 262 violasset
937 226 1093 270 justitiam
1104 248 1116 265 ,

237 283 274 317 ἃ
286 282 351 324 ipsa
361 281 417 314 fibi
428 279 673 314 contradixisset
684 305 691 311 .
719 280 819 313 Hanc
831 287 966 311 omnem
977 274 1115 319 discipli-

175 347 178 349 ,
241 342 319 366 nam
338 331 452 365 devius
469 329 698 364 Tertullianus
727 328 854 364 censuit
877 326 1114 376 Evangelicum

240 390 339 425 atque
360 381 524 424 Divinum
545 380 722 414 Canonem
743 404 753 420 ‚
791 378 931 421 ideoque
955 388 1024 411 non
1048 386 1116 410 tan-

242 431 419 466 tummodo
438 429 666 474 Zephyrinum
691 428 891 463 Pontificem
912 438 951 462 ac
973 427 1118 469 reliquos

242 481 331 516 illius
344 481 495 515 Edistum
515 481 724 515 admittentes
737 478 915 521 Episcopos
927 502 937 517 ,
957 477 1010 511 sed
1020 477 1117 510 etiam

242 529 380 566 moechis
402 531 434 564 &
454 530 707 564 fornicatoribus
718 528 857 573 gratiam
868 527 989 562 abistis
1004 526 1117 570 suppli·

240 591 354 617 cautes
374 581 538 622 Martyres
563 581 626 615 effe
637 581 787 620 sequaces
798 589 959 612 novorum
972 578 1122 621 Dogma-

240 641 314 666 tum
337 654 348 670 ‚
374 642 413 664 ac
434 630 641 675 Evangelicae
659 629 741 673 legis
760 628 963 663 infractores.
992 627 1035 661 Et
1053 625 1118 659 hoc

241 680 289 716 est
311 680 380 724 ejus
402 681 544 724 palmare
563 678 733 714 adversum
744 677 800 713 has
812 677 1036 723 indulgentias
1045 677 1118 709 fun—

242 731 454 766 damentum.
480 731 592 772 Dico,
620 729 787 763 Adversum
806 728 888 761 bas.-
918 727 1052 761 Etenim
1078 725 1118 759 ad

242 781 334 818 datas
344 780 386 815 ab
398 779 590 823 Episcopis,
617 779 701 813 aura
724 777 928 819 Martyribus
943 775 1119 819 postulatas

241 831 317 863 aliis
327 853 338 871 ,
366 839 438 872 qua:
449 839 528 862 tunc
541 828 726 861 remittebat
739 827 879 861 Ecclefia
889 851 900 867 ,
916 827 1055 870 peccatis
1067 827 1117 869 ln-

241 880 430 924 dulgentias
440 889 507 911 non
532 879 562 910 se
573 878 722 911 extendit
733 902 740 909 .

293 929 338 963 Et
351 928 430 963 hinc
455 926 557 970 homo
568 928 692 972 pergit:
719 928 847 969 Sufficicrt
862 930 988 966 Martyri
995 933 1121 969 propria

243 979 353 1015 delida
367 978 501 1022 purgasse
522 1002 530 1010 .
557 982 674 1021 Ingrati
706 977 758 1010 vel
779 976 896 1020 superbi
927 977 967 1017 est
992 983 1024 1009 in
1044 978 1120 1010 alios

243 1040 358 1073 quoque
364 1028 522 1072 spargere,
547 1029 629 1071 quad
643 1037 698 1069 pro
709 1039 815 1071 magno
820 1027 920 1068 fuerit
931 1024 1099 1070 consecutus
1112 1052 1119 1060 .

242 1083 326 1124 ,Quis
337 1080 465 1112 alienam
485 1087 606 1112 mortem
624 1076 682 1120 sua
697 1076 813 1120 solvit,
841 1075 976 1119 nist'solus
1001 1078 1059 1110 Dei
1071 1080 1123 1110 Fi-

241 1131 323 1164 lius?
349 1133 435 1162 Nam
458 1130 491 1162 <²5
512 1134 545 1161 in
563 1126 628 1170 ipsa
653 1128 781 1167 Paffione
800 1127 944 1160 liberavit
953 1127 1120 1162 latronem.

241 1182 293 1213 Ad
313 1178 362 1212 hoc
383 1184 461 1212 enim
483 1186 631 1217 venerat,
656 1186 688 1209 ut
709 1175 771 1220 ipse
791 1178 811 1208 ἃ
831 1175 1061 1217 αἐΙὶέῖοριινω,
1087 1179 1121 1210 (ν

241 1234 342 1262 omnia
356 1227 480 1271 sancius
497 1237 553 1269 pro
571 1227 773 1274 peccatoribus
792 1226 899 1261 obiret.
927 1228 1059 1260 Pmtnd?
1069 1232 1121 1269 qui

239 1280 327 1313 illum
346 1279 497 1312 aemulart's
522 1277 661 1310 donando
682 1277 808 1317 deliHa,
833 1276 862 1317 fi
881 1275 958 1309 nibil
978 1274 1038 1319 ipse
1049 1277 1123 1310 deli·-

243 1328 354 1372 quisti,
376 1329 469 1371 plane*
485 1335 590 1369 patere
608 1335 665 1369 pro
686 1338 748 1360 me.
775 1328 807 1360 51
826 1329 897 1360 vera
917 1334 1054 1368 peccator
1070 1338 1120 1368 es,

246 1379 387 1421 quomodo
406 1380 499 1411 oleum
502 1376 618 1419 saculae
628 1385 690 1410 tuae
697 1375 825 1420 sufficere
834 1378 868 1410 6·
880 1375 954 1408 mibi
964 1377 998 1410 ὁ*
1008 1375 1064 1409 nbi
1070 1384 1123 1419 po-

246 1430 339 1463 terit?
368 1428 467 1460 Habeo
481 1432 572 1460 ettam
594 1438 671 1460 nunc
686 1437 741 1469 quo
756 1426 880 1468 probem
897 1424 1064 1464 Chrtstmn.
1091 1428 1123 1459 si

242 1479 403 1522 propter-ed
412 1475 586 1516 cbristusen
598 1480 727 1514 Marme
736 1476 796 1517 est,
821 1484 855 1509 ut
873 1474 994 1509 moecbos
1020 1474 1122 1517 &for-

245 1533 393 1562 mutares
404 1529 519 1565 Martyr
538 1524 695 1569 absolvat3
722 1527 821 1559 edicat
829 1527 921 1560 cordir
932 1527 1043 1559 occulta
1053 1550 1064 1567 ,
1091 1535 1124 1558 ut

245 1583 292 1610 ita
302 1577 411 1611 dalida
423 1578 578 1615 concedat,
609 1577 642 1609 &
655 1575 853 1616 Christusest.
881 1575 964 1612 Haec
990 1586 1059 1609 non
1078 1577 1125 1611 so-

241 1628 294 1662 las
310 1625 449 1661 moechis
459 1627 493 1659 ὅ(
503 1625 755 1660 fornicatoribus
765 1650 776 1664 ,
803 1624 857 1659 sed
868 1626 1125 1669 quibuscumque

244 1674 472 1722 peccatoribus
492 1674 668 1720 postulatas
690 1675 709 1709 ὲ
732 1673 935 1717 Martyribus
955 1698 967 1715 ‚
992 1685 1030 1709 ac
1057 1687 1125 1719 pro-

246 1736 318 1772 pter
338 1727 483 1770 ipsorum
508 1726 622 1763 merita
648 1724 690 1759 ab
716 1724 885 1769 Episcopis
910 1724 1048 1760 donatas
1074 1724 1127 1759 In-

246 1776 435 1821 dulgentias
455 1777 637 1820 impetunt,
664 1775 699 1808 &
719 1785 881 1810 conantur
891 1783 1049 1808 evertere.
1077 1775 1127 1808 In-

247 1826 494 1871 dulgentiarum
529 1825 779 1861 fundamentum
817 1824 863 1860 est
900 1825 1049 1859 Ecclefiae
1085 1836 1126 1858 ex

247 1875 374 1911 Christi
410 1876 554 1911 Domini
584 1877 620 1910 ἃς
649 1876 800 1910 omnium
831 1876 1022 1910 sanctorum
1044 1874 1128 1909 satis-

246 1925 446 1963 fastionibus
465 1926 500 1960 &
522 1926 646 1960 meritis
664 1926 825 1961 conflatus
844 1925 1028 1961 thesaurus.
1060 1925 1127 1961 Uti

247 1986 338 2011 nuuc
366 1975 412 2011 ob
438 1976 668 2013 defunetorum
694 1978 888 2012 Sanstorum
915 1978 1029 2012 merita
1054 1977 1127 2020 Epi-

246 2026 339 2070 scopi
361 2038 414 2069 per
437 2027 545 2061 Sansti
566 2027 654 2060 Petri
678 2026 831 2061 clavesin
844 2029 918 2061 suos
933 2027 1046 2060 fideles
1058 2026 1127 2060 sub-

247 2074 338 2110 ditos
356 2075 539 2118 dispensant
564 2076 599 2109 &
617 2075 783 2119 applicant
804 2076 900 2109 istum
921 2074 1126 2117 thesaurum,

243 2126 295 2160 ita
306 2135 387 2161 tunc
409 2124 442 2158 id
454 2125 618 2160 faciebant
628 2126 669 2159 ad
681 2124 870 2160 instantiam
880 2127 914 2160 &
926 2136 1034 2169 preces
1047 2127 1127 2169 ipso-

247 2187 323 2210 rum
343 2174 450 2210 adhuc
470 2175 652 2210 viventium
662 2176 874 2210 Sannorum.
898 2176 938 2209 ln
948 2176 1128 2211 carceribus

248 2236 306 2259 aut
329 2225 467 2260 metallis
477 2225 635 2270 designati
661 2224 826 2269 Martyres
846 2224 936 2262 hunc
956 2227 1009 2260 vel
1027 2226 1128 2261 istum

249 2275 467 2319 poenitentem
490 2274 767 2310 commendabant
787 2275 949 2325 Episcopo
962 2300 973 2317 ,
998 2275 1031 2310 &
1052 2276 1128 2311 isto·

248 2335 322 2359 rum
343 2326 458 2359 merita
478 2324 656 2368 Episcopus
667 2324 718 2359 his
736 2325 919 2370 applicabat
932 2350 944 2367 ,
968 2335 1064 2370 atque
1081 2327 1126 2361 ita

247 2374 397 2410 donabat
411 2373 656 2420 Indulgentiam
669 2401 676 2408 .

299 2423 344 2458 Et
368 2422 454 2460 hanc
480 2425 606 2468 praxim
639 2422 866 2461 Tertullianus
890 2425 1026 2462 damnat
1046 2452 1053 2459 .
1081 2426 1126 2460 Et

248 2473 365 2510 fundat
387 2475 418 2508 se
430 2474 464 2509 in
478 2475 678 2521 Evangelica
690 2475 860 2521 parabola,
890 2477 923 2511 in
947 2488 1012 2520 qua
1032 2477 1126 2511 fatuae

249 2524 409 2570 Virgines
428 2523 543 2559 dicunt
564 2525 605 2559 ad
616 2526 810 2570 prudentes.-
836 2529 916 2561 Dare
925 2526 1007 2560 nobis
1017 2527 1055 2561 de
1068 2528 1126 2560 oleo

249 2574 344 2615 vestro
364 2599 374 2615 ‚
402 2580 473 2618 quia
495 2576 649 2616 lampades
670 2576 773 2616 nostrae
801 2576 1024 2621 exstinguuntur
1044 2601 1051 2608 .
1081 2576 1125 2611 Et

249 2625 418 2668 accipiunt
429 2626 616 2668 responsum
629 2639 640 2658 .·
667 2626 806 2668 Nefort?
816 2639 873 2660 non
893 2625 1022 2669 sufficiat
1044 2626 1125 2660 nobis

248 2677 285 2709 (ν
307 2674 412 2715 vobis,
439 2681 480 2708 ite
485 2675 584 2718 potius
606 2675 649 2707 ad
666 2677 831 2710 vendentes
846 2701 856 2716 ,
882 2678 1012 2710 &emm
1022 2674 1124 2710 vobis.

249 2724 479 2759 Tertullianus
499 2737 553 2769 per
577 2725 750 2769 prudentes
773 2726 843 2760 vult
855 2726 1019 2769 Martyres
1035 2750 1046 2767 ‚
1069 2737 1126 2770 pet·

249 2776 356 2809 fatuas
378 2774 531 2819 Virgines
567 2775 709 2821 intelligi
736 2777 930 2820 poenitentes
950 2802 960 2817 ,
987 2776 1125 2820 ideoque

248 2824 382 2858 istarum
404 2826 589 2868 responsum
610 2826 651 2860 ab
672 2825 723 2860 his
742 2826 1003 2870 amplectendum
1026 2838 1034 2859 =
1062 2838 1123 2861 nec

249 2875 445 2917 prenitentes
455 2877 543 2919 posse
555 2886 660 2918 petere
669 2901 679 2916 ,
707 2887 766 2910 nec
778 2876 942 2919 Martyres
951 2877 1039 2920 posse
1048 2876 1124 2912 dare

250 2924 533 2968 indulgentiarum
545 2925 681 2960 litteras.
708 2926 811 2974 Qod
823 2926 938 2971 nempe
956 2938 1056 2971 *purus
1066 2925 1123 2962 ho·

251 2984 310 3007 mo
321 2997 333 3013 ,
358 2975 525 3016 praesertim
543 2986 694 3019 peccator
708 3000 718 3016 ‚
744 2986 883 3016 nequeat
896 2987 954 3020 pro
966 2977 1068 3012 altero
1078 2977 1123 3012 sa-

247 3022 397 3057 tisfacere
415 3048 425 3064 ,
453 3025 506 3058 sed
533 3026 688 3069 privative
713 3025 746 3060 id
773 3027 887 3070 spestet
913 3025 953 3061 ad
974 3026 1121 3070 Majesta·

250 3082 318 3107 tem
338 3072 535 3108 Mediatoris
553 3100 560 3107 .
589 3074 819 3111 Tertullianus
843 3077 958 3121 repetit
983 3076 1122 3120 primum

247 3122 317 3166 jam
330 3122 422 3165 supra
431 3125 611 3166 expositum
623 3136 851 3170 argumentum
863 3152 870 3159 .
898 3126 942 3160 Et
959 3125 1045 3161 hanc
1055 3127 1122 3170 ejus

247 3171 431 3207 doctrinam
454 3175 626 3209 confirmat
646 3176 682 3209 in
701 3175 911 3212 Tractatibus
931 3178 1025 3221 super
1047 3177 1122 3213 San-

246 3221 289 3257 ffl
321 3223 457 3265 Ioannis
488 3223 709 3269 Evangelium
738 3226 872 3263 Sanctus
896 3225 1120 3273 Augustinus.

246 3274 439 3307 Sannorum
461 3272 647 3317 Martyrum
670 3275 884 3312 eminentiam
902 3289 939 3312 ac
951 3276 1120 3312 meritain-

76 3339 170 3372 frast„
187 3343 232 3376 84·
246 3322 377 3366 signiter
398 3323 544 3363 exaltat,
569 3334 665 3368 atque
687 3327 908 3370 prosequitur.-
935 3326 1120 3368 Etsifratres

244 3378 302 3414 pra
323 3372 460 3415 fratibus
492 3379 650 3407 moriamur
676 3399 688 3415 ‚
724 3385 826 3412 tamen
862 3383 895 3413 in
914 3376 1120 3420 fraternorum

348 3421 457 3464 Christ.
469 3427 550 3468 Lupi
564 3429 664 3468 Opera
675 3428 709 3459 T.
717 3429 766 3460 Vr.

1172 224 1317 267 fiandrtur
1338 248 1349 264 ,
1377 225 1456 266 quod
1464 223 1546 264 feclt
1568 224 1700 265 chrislus
1721 236 1777 269 pro
1804 230 1887 264 nobis
1908 253 1915 261 .
1942 232 2056 273 ‚Quate-

1182 286 1239 308 nus
1259 277 1328 319 erge
1349 278 1508 313 Martyres*
1519 281 1575 315 pro
1587 273 1743 314 fratribus
1770 278 1944 323 sanguinem
1964 277 2054 322 suum

1172 324 1323 366 fuderunt
1343 349 1355 365 ,
1380 324 1522 358 bullenus
1543 325 1621 357 talia
1640 323 1835 360 exhibuerunt
1862 353 1872 369 ‚
1897 331 1996 375 qualia
2017 330 2055 363 de

1180 374 1282 418 mensu
1305 378 1464 408 Dominica
1491 382 1686 416 perceperunt
1708 399 1714 404 .
1737 378 1778 406 In
1809 383 1922 410 caeteris
1944 383 2056 418 Martyr

1181 425 1292 465 christi·
1309 426 1393 470 longe*
1413 430 1513 468 impar
1530 423 1568 465 est
1590 423 1717 463 Christo.
1748 426 1840 468 Qum!
1854 426 1883 466 fi
1902 427 2057 470 ‘iulsquam

1176 474 1210 518 se
1230 487 1289 509 mm
1310 476 1373 509 dico
1389 480 1530 518 potentlae
1551 473 1661 514 Christi
1683 499 1695 515 ,
1715 473 1774 517 sed
1791 479 1965 508 innocentia·
1987 489 2061 510 com-

1176 526 1326 568 parabit,
1351 537 1409 558 non
1433 527 1529 559 dicam
1551 526 1584 557 ὁ·
1605 526 1697 558 alium
1718 523 1751 567 se
1771 526 1911 566 putando
1927 524 2061 567 sanare,

1178 574 1234 618 sed
1249 574 1337 619 suum
1353 574 1466 619 saltem
1487 576 1603 608 nullum
1628 574 1738 608 babere
1759 582 1912 617 peccatum
1932 600 1944 616 ,
1969 582 2061 609 etiam

1175 625 1215 667 fic
1236 627 1357 659 avidior
1378 626 1438 666 est,
1464 637 1554 669 quam
1575 630 1653 662 ratio
1670 624 1779 668 salutis
1796 624 1943 668 exposcit.
1971 626 2062 660 Salu-

1182 685 1248 710 tare
1269 676 1436 712 moni-tum
1457 701 1468 717 ‚
1495 675 1584 719 quod
1621 675 1753 718 pauperi
1774 676 1814 709 ad
1840 676 1951 710 divitis
1972 686 2063 710 men·

1184 727 1250 760 sam
1272 726 1391 760 sedenti
1413 727 1469 761 dat
1491 726 1624 770 Sapiens
1647 725 1680 758 in
1692 725 1902 767 Proverbiis,
1927 726 2066 760 Noliex·

1184 778 1324 817 tendere,
1349 777 1413 809 cum
1423 776 1467 819 fis
1483 784 1621 819 pauper,
1650 785 1751 809 contra
1772 777 1923 815 divitem,
1949 776 2062 812 laudat

1184 825 1488 861 &commentatum
1516 824 1682 866 Divesest,
1708 831 1758 868 qui
1781 837 1832 860 nec
1849 825 2064 868 baereditario,

1185 887 1237 909 nec
1244 882 1366 917 proprio
1376 888 1509 920 unquam
1529 877 1629 910 debito
1651 876 1792 910 obnoxius
1806 901 1814 908 .
1840 880 1886 909 Et
1898 874 1959 919 ipse
1963 875 2064 917 justus

1181 925 1219 966 est
1233 949 1244 965 ,
1270 926 1303 958 ὦ·
1327 928 1400 960 alios
1415 926 1559 968 justificat
1586 926 1718 967 Christus
1743 952 1750 959 .
1779 927 1853 959 Noli
1877 935 1977 958 contra
1998 937 2064 959 eum

1183 984 1212 1009 te
1230 977 1390 1009 extendere
1402 1001 1412 1017 ‚
1439 982 1470 1009 in
1492 977 1610 1011 tantum
1618 984 1755 1019 pauper,
1781 985 1813 1009 ut
1824 977 1988 1016 remtffionis
1997 984 2067 1017 pec-

1183 1034 1312 1058 catorum
1333 1034 1482 1068 appareas
1504 1028 1699 1070 quotidianus
1723 1032 1755 1060 in
1781 1034 1941 1060 orationem
1952 1027 2067 1064 mendi-

1184 1086 1232 1108 cus
1243 1101 1250 1108 .
1281 1076 1324 1109 Et
1336 1074 1398 1110 hac
1406 1086 1594 1120 paupertate
1608 1076 1758 1111 laborant
1770 1077 1868 1111 etiam
1880 1077 2045 1120 Martyres
2057 1102 2064 1109 .

1187 1125 1319 1159 Etenim
1341 1126 1441 1160 etiam
1463 1126 1522 1160 sub
1541 1127 1609 1169 ipso
1633 1126 1737 1171 gladii
1758 1127 1822 1162 ictu
1846 1126 1968 1161 debent
1980 1125 2066 1160 dice-

1185 1186 1239 1208 re:
1268 1178 1398 1210 Demitte
1415 1175 1497 1209 nobis
1523 1176 1627 1210 debita
1639 1173 1751 1216 nostra'.
1779 1177 1874 1211 Hinc
1887 1176 2068 1211 Tertullia-

1187 1236 1249 1259 nus
1260 1226 1358 1259 infert
1382 1227 1468 1269 ipsos
1478 1237 1546 1260 non
1562 1226 1650 1270 poffe
1660 1226 1733 1260 aliis
1744 1227 1905 1261 remittere
1916 1236 2068 1270 peccata,

1189 1286 1249 1309 nec
1271 1273 1328 1308 fibi
1354 1275 1544 1311 necessarias
1556 1277 1790 1311 satisfaffiones
1800 1276 1873 1312 aliis
1889 1276 2042 1322 elargiri.

1238 1325 1327 1359 istud
1349 1326 1453 1370 ipsum
1476 1326 1675 1371 principium
1686 1327 1857 1370 profitetur
1868 1327 1901 1360 in
1915 1325 2071 1361 duodeci-

1187 1386 1243 1409 mo
1255 1376 1402 1410 sermone
1418 1373 1466 1411 'de
1489 1375 1669 1412 Dominica
1682 1375 1833 1411 Paffione
1851 1377 1985 1412 Sanetus
1999 1376 2072 1411 Leo

1188 1426 1334 1470 Magnus
1346 1439 1357 1459 .·
1386 1428 1541 1470 ,Quamvis
1563 1433 1597 1459 m
1621 1425 1771 1469 conspeHu
1783 1431 1905 1460 Domini
1914 1427 2071 1461 multorum
2091 1441 2161 1479 Cap·
2178 1448 2207 1477 3,

1187 1475 1359 1509 sachorum
1375 1474 1506 1519 pretiosa
1527 1488 1606 1509 mors
1625 1476 1744 1519 fuerit,
1771 1478 1879 1511 nullius
1901 1487 2005 1511 tamen
2025 1482 2071 1510 in-

1184 1523 1277 1568 sontis
1304 1524 1394 1567 occisio
1416 1532 1591 1568 propitiatio
1601 1526 1669 1570 furt
1678 1527 1802 1560 mundi.
1831 1530 2070 1570 Acceperuntju-

1181 1575 1244 1616 sti,
1270 1586 1327 1609 non
1350 1577 1495 1610 dederunt
1514 1587 1653 1610 coronas:
1680 1574 1727 1609 Et
1750 1577 1928 1619 defidelium
1942 1577 2070 1619 fortitu-

1188 1626 1258 1659 dine
1277 1627 1412 1667 exempla
1437 1625 1512 1670 sunt
1524 1636 1599 1660 nata
1616 1631 1793 1670 patientur,
1824 1638 1882 1661 non
1893 1629 1971 1660 dona
1990 1627 2074 1669 justi-

1189 1680 1260 1707 tiae.
1287 1676 1458 1718 singulares
1480 1678 1591 1718 quippe?
1612 1682 1644 1709 in
1659 1675 1784 1720 fingunt
1810 1686 1917 1711 mortes
1920 1676 2074 1719 fuerunt,

1190 1734 1242 1758 nec
1264 1724 1387 1757 alterius
1417 1723 1573 1768 quisquam
1595 1725 1726 1759 debitum
1755 1725 1810 1768 suo
1826 1726 1937 1768 funere
1957 1726 2073 1769 sblvit.

1191 1775 1268 1807 Cum
1299 1779 1377 1808 inter
1407 1775 1485 1818 filios
1520 1774 1669 1810 hominum
1697 1773 1779 1819 solus
1814 1779 1961 1810 Dominus
1983 1775 2074 1817 noster

1193 1823 1480 1867 JESUschristus
1489 1824 1634 1866 exstiterit
1645 1851 1656 1866 ‚
1682 1831 1715 1859 in
1726 1838 1782 1869 quo
1794 1838 1895 1861 omnes
1901 1825 1971 1872 sunt
1982 1834 2075 1861 cruct-

1191 1873 1248 1916 fixi
1258 1899 1268 1915 ‚
1293 1886 1391 1909 omnes
1405 1882 1537 1917 mortui,
1550 1887 1648 1911 omnes
1656 1874 1767 1919 sepulti
1781 1900 1791 1916 ,
1816 1888 1914 1911 omnes
1925 1875 2078 1920 resuscita·

1194 1929 1236 1958 ti.
1265 1924 1348 1971 Qua:
1367 1925 1461 1961 verba
1484 1927 1569 1961 tanti
1601 1927 1704 1967 fecit,
1731 1937 1767 1961 ut
1792 1926 1857 1970 ipsa
1887 1937 2009 1972 repetat
2036 1928 2071 1961 in
2093 1949 2142 1985 Ep·
2163 1953 2197 1980 Ἢ

1193 1974 1531 2020 Dogmaticislitteris
1555 1977 1597 2011 ad
1619 1975 1789 2019 Palestinas
1810 1977 2012 2024 Episcop0s‚
2038 1977 2072 2012 δε
2091 1969 2207 2027 c;‚p,⁴4.'

1194 2025 1356 2060 inlitteris
1367 2026 1409 2062 ad
1422 2026 1569 2062 Leonem
1580 2026 1834 2071 Imperatorem.
1863 2028 1989 2062 Eorum
2002 2028 2074 2062 sub·
2094 2031 2144 2066 Ep·
2159 2041 2208 2068 9⁷·

1193 2074 1344 2110 stantiam
1374 2075 1475 2111 habet
1503 2077 1606 2111 etiarn
1634 2078 1670 2111 in
1697 2079 1846 2112 sermone
1882 2078 1923 2113 de
1954 2079 2074 2114 sancto
2092 2077 2155 2108 ‘5²P-
2173 2081 2201 2098 2·

1193 2124 1392 2166 Laurentio,
1418 2126 1501 2160 &in
1514 2127 1607 2160 sexto
1618 2126 1770 2161 sermone
1781 2127 1822 2161 de
1835 2127 1919 2162 festo
1931 2126 2073 2172 Epipha-

1193 2175 1256 2209 niae
1269 2199 1277 2208 .
1305 2175 1349 2210 Et
1372 2175 1448 2210 sane
1471 2174 1560 2220 quod
1586 2175 1674 2210 aliis·
1691 2177 1762 2211 suas
1782 2177 2013 2212 satisfactiones
2034 2191 2072 2213 ac

1192 2225 1306 2260 merita
1317 2225 1475 2271 impartiri
1490 2251 1503 2269 ,
1525 2227 1580 2261 seu
1592 2237 1650 2269 pro
1663 2226 1732 2261 alio
1742 2226 1924 2263 satisfacere
1938 2227 1981 2262 de
1993 2240 2073 2262 con-

1190 2275 1295 2320 digno
1315 2276 1351 2310 δι
1373 2276 1511 2317 mereri,
1538 2277 1657 2320 spestet
1677 2276 1718 2311 ad
1745 2277 1849 2311 solam
1862 2279 1977 2313 nostrae
1986 2289 2074 2322 repa-

1190 2326 1292 2360 tionis
1316 2325 1499 2368 Radicem,
1524 2326 1565 2360 ad
1588 2327 1693 2361 solam
1712 2326 1910 2372 dignitatem
1921 2328 2072 2371 Capitis,

1190 2376 1242 2409 seu
1264 2375 1306 2410 ad
1329 2376 1435 2410 solum
1455 2376 1807 2419 Deum-Hominem,
1833 2378 1880 2411 est
1903 2378 2073 2413 unanimis

1190 2427 1382 2460 Sannorum
1403 2426 1579 2471 profeffio,
1606 2426 1787 2462 immobilis
1812 2428 1969 2463 articulus
1993 2426 2073 2463 fidei

1189 2474 1398 2510 Christianae.
1426 2477 1471 2512 Et
1495 2475 1576 2511 hinc
1598 2477 1828 2512 Tertullianus
1841 2479 1967 2513 censuit
1981 2478 2071 2512 Mar·

1189 2535 1301 2569 tyrum
1322 2526 1555 2562 satisfactiones
1567 2539 1635 2562 non
1650 2528 1738 2571 posse
1750 2538 1805 2571 per
1826 2528 2008 2573 Episcopos
2017 2539 2072 2572 ap-

1188 2575 1297 2619 plicari
1320 2576 1581 2620 poenitentibus,
1608 2589 1713 2621 neque
1723 2577 1764 2611 ab
1782 2577 1833 2612 his
1844 2578 1983 2613 antistis
1993 2577 2071 2613 tales

1189 2625 1426 2669 applicationes
1457 2651 1468 2668 ,
1505 2627 1560 2660 seu
1588 2626 1846 2672 Indulgentiales
1872 2627 1994 2662 litteras
2012 2639 2068 2672 po-

1190 2675 1316 2710 stulari.

1237 2725 1435 2769 Respondeo
1456 2726 1647 2762 Sanstorum
1677 2726 1858 2774 Augustini
1879 2727 1914 2762 &
1944 2727 2069 2762 Leonis

1186 2775 1367 2810 doctrinam
1390 2777 1453 2812 effe
1475 2776 1575 2821 longe
1597 2778 1814 2818 veriffimam,
1839 2790 1878 2812 ac
1894 2777 2068 2813 immobile

1186 2825 1305 2871 dogma
1327 2827 1429 2861 totius
1452 2826 1618 2862 Ecclesiae.
1647 2828 1695 2861 At
1716 2828 1818 2873 longe
1835 2828 1926 2862 aliud
1950 2828 1995 2862 est
2017 2827 2070 2861 In-

1186 2876 1401 2920 dulgentiales
1419 2877 1542 2911 litteras
1564 2877 1606 2911 ab
1630 2877 1818 2922 Episcopo,
1843 2877 1932 2912 aliud
1958 2877 2067 2922 postu-

1187 2926 1251 2960 lare
1262 2927 1329 2960 suas
1350 2927 1401 2960 illi
1414 2927 1644 2962 satisfactiones
1664 2927 1838 2972 applicari.
1867 2928 1946 2962 Hoc
1960 2926 2065 2971 poste-

1186 2977 1248 3011 rius
1259 2976 1305 3011 est
1327 2975 1468 3012 omnino
1478 2977 1606 3022 superbi
1617 2987 1716 3022 atque
1737 2977 1879 3022 ingrati,
1907 2978 1942 3011 &
1955 2976 2064 3020 palam

1186 3026 1340 3071 impingit
1351 3027 1386 3060 in
1406 3026 1616 3072 prudentium
1627 3027 1810 3074 Virginum
1820 3026 1980 3061 edictum:
2010 3030 2063 3060 Ne

1178 3077 1263 3119 forte
1272 3074 1462 3120 nonsuffi'crat
1474 3078 1558 3112 nobis
1571 3080 1605 3113 ὁ·
1616 3077 1703 3112 vobis
1715 3103 1723 3111 .
1750 3075 1896 3112 Proinde
1907 3076 1994 3119 pacis
2006 3087 2064 3120 po-

1186 3127 1360 3161 stulatrices
1382 3126 1497 3163 litterae
1517 3128 1608 3163 aliud
1630 3139 1700 3163 non
1720 3136 1835 3167 erant,
1861 3125 1958 3169 quarn
1983 3126 2064 3161 seria

1185 3189 1242 3221 pro
1269 3177 1503 3221 poenitentibus
1534 3177 1715 3212 interceffio
1741 3202 1753 3217 ,
1781 3187 1843 3221 qua
1867 3187 1937 3210 non
1967 3176 2065 3217 suas,

1185 3228 1236 3263 sed
1249 3227 1395 3261 infinitas
1415 3226 1540 3263 Christi
1560 3228 1704 3262 Domini
1726 3226 1959 3267 satisfastiones
1969 3224 2062 3261 Mar-

1184 3287 1237 3321 tyr
1259 3277 1459 3320 supplicabat
1480 3279 1516 3312 in
1540 3278 1754 3322 poenitentem
1775 3276 1949 3320 dispensari
1971 3289 1983 3308 .’
2009 3276 2063 3310 ln-

1184 3329 1318 3373 iigniter
1338 3326 1403 3362 hoc
1424 3328 1522 3362 docet
1547 3329 1582 3362 in
1602 3328 1750 3362 sermone
1772 3326 1916 3373 delapsis
1926 3327 2061 3363 Sanctus

1185 3378 1393 3424 Cyprianus.
1421 3377 1670 3415 Sacramentalis
1690 3375 1911 3413 satisfierionis
1930 3375 2059 3413 necesti-

1582 3429 1611 3463 Z
1662 3438 1683 3476 3
1909 3434 2010 3462 tatem
