2372 3756
703 123 769 153 De
805 117 1147 164 QUIBUSDAM
1183 104 1434 150 PATRUM
1468 103 1676 151 Locxs.

356 214 362 230 ³
397 228 453 299 *c
490 253 535 298 A
566 249 601 294 P
637 249 685 295 U
719 244 760 293 T
843 219 1008 293 v11'1.

323 391 582 458 *Exponnntur
633 370 800 453 quaedam
845 381 928 431 loca
961 381 1092 430 santii

481 460 639 512 Joannis
673 450 920 518 Chryfhstomi
937 487 950 500 .

257 597 270 603 ⁴
368 599 446 636 Uin
459 599 590 633 sanetus
600 597 742 639 Joannes
756 591 1011 636 Chrysostomus
1022 590 1148 627 Eucha-

266 599 489 712 Qistiae
500 648 668 682 veritatem
682 643 868 678 constanter
886 655 923 678 ac
935 651 1082 687 patenter
1090 642 1150 676 do·

422 709 514 737 ceat,
541 695 649 730 cuncti
672 693 769 730 etiam
790 693 961 728 adversarii
989 694 1148 726 fatentur.

269 751 367 785 Hinc
386 749 454 792 ejus
463 746 575 780 omnia
597 745 670 779 loca
694 744 799 778 nolim
823 742 1001 776 adducere.
1030 742 1149 778 Lestor

263 800 391 846 grandi
401 796 567 831 volumine
578 795 655 827 esset
667 792 856 837 fatigandus
866 817 874 824 .
890 791 1063 826 Adducam
1075 803 1149 835 pau·

260 862 309 884 ‚oa
332 872 350 891 ‚,
369 859 440 892 quae
465 844 624 889 singulare
644 842 768 887 aliquid
789 841 908 885 poffint
930 852 990 875 nos
1010 839 1126 875 docere
1139 866 1146 874 .

257 899 310 933 21n
336 898 486 944 vigesima
511 895 610 939 igitur
630 894 719 927 sexta
744 893 836 935 supra
861 892 968 926 saneti
994 890 1145 926 Matthaei

257 948 491 994 OEvangelium
504 943 641 978 homilia
664 941 812 977 laudatus
825 941 919 976 Pater
938 941 1068 976 extollit
1080 953 1147 986 gra-

257 997 423 1034 ‘titudinis
433 997 582 1029 virtutem
595 1018 605 1034 ‚
631 992 733 1036 ipsam
747 992 880 1026 Divinis
892 992 1056 1026 beneficiis
1068 992 1147 1025 affir-

259 1057 338 1083 mat
359 1049 377 1081 ὲ
401 1046 497 1080 nobis
519 1043 674 1078 affiduam
696 1041 804 1076 deberi
828 1067 838 1083 ,
865 1042 898 1075 δε
921 1042 1147 1085 prosequitur:

255 1099 436 1140 *Propterea
457 1097 492 1130 (τ
513 1095 681 1127 reverenda
703 1090 893 1134 &salutaria
918 1093 971 1125 illa
994 1091 1146 1131 Mysteriat

256 1161 338 1192 xquae
347 1154 382 1180 in
391 1152 468 1179 omni
478 1146 553 1179 certe*
563 1142 696 1185 Ecclefiae
708 1147 928 1185 congregatione
943 1141 1123 1174 celebramus
1135 1165 1146 1180 ,

256 1196 460 1237 ·Eucbaristia
475 1194 528 1238 seu
545 1199 716 1238 gratiarum
735 1192 811 1224 aHio
821 1199 1044 1232 computantur.
1072 1193 1145 1224 Sunt

260 1254 349 1281 *enim
360 1247 558 1289 beneficiorum
579 1244 743 1276 recordatio
758 1243 951 1283 plurimorum
966 1265 976 1280 ‚
1000 1248 1146 1282 caputque

266 1296 366 1340 ipfiem
378 1298 505 1330 Divinae
517 1305 588 1337 erga
599 1304 649 1326 nos
661 1292 820 1324 charitatis
842 1291 994 1330 ostendunt
1005 1315 1015 1330 ‚
1041 1290 1146 1333 nosque

262 1348 387 1391 faciunt
399 1346 515 1379 debitas
541 1347 601 1376 Deo
608 1340 728 1385 gratias
747 1339 864 1384 semper
877 1338 1044 1382 exsolvere.
1075 1340 1145 1373 Hu-

258 1387 487 1433 ssmanamDei
502 1392 604 1427 Verbi
621 1391 825 1424 nativitatem
839 1390 943 1424 asserit
963 1390 1055 1423 fuiffe
1067 1391 1146 1423 sum-

256 1457 362 1479 ·mum
387 1445 450 1478 Dei
475 1444 508 1476 in
532 1453 593 1475 nos
615 1439 832 1480 beneficium,
857 1440 890 1473 ὄις
912 1439 1084 1483 adjungit.-
1109 1443 1146 1471 In

256 1508 327 1538 quo
335 1495 458 1527 tandem
479 1492 537 1525 'loco
559 1488 757 1530 beneficiorum
766 1497 910 1530 ponemus
925 1513 935 1529 ‚
960 1490 1044 1521 illum
1055 1495 1145 1522 etiam

254 1555 416 1580 ‚mortuum
440 1541 492 1586 effe
509 1548 567 1583 pro
591 1541 676 1572 nobis
699 1539 719 1570 ἓ.
742 1542 788 1572 Et
810 1538 980 1580 crucifixum
1003 1540 1053 1582 effe
1074 1563 1086 1579 ‚
1111 1540 1145 1572 ὁ·

253 1594 441 1639 sanguinem
460 1591 570 1633 fudisse
587 1613 611 1630 ,s
626 1592 660 1623 (ν’
680 1587 868 1631 semetipsum
892 1588 976 1621 nobis
996 1593 1028 1622 in
1052 1588 1146 1621 cibum

256 1647 365 1684 adare,
392 1640 605 1685 &spirituales
619 1639 689 1678 illas
697 1638 834 1680 praebere
862 1640 985 1680 epulas,
1010 1639 1086 1681 quid
1096 1650 1147 1671 vo-

255 1696 397 1727 »candum
409 1692 469 1732 est?
497 1690 603 1725 Hasce
615 1688 794 1731 spirituales
805 1688 916 1731 epulas
941 1686 1023 1720 reste
1034 1688 1144 1731 jungit

260 1755 344 1777 cum
365 1741 547 1777 Dominica
570 1749 674 1772 morte
693 1738 809 1771 &fuso
833 1738 1000 1781 peripsam
1011 1737 1146 1782 Sangui-

252 1799 327 1828 'mez
358 1791 460 1839 Qod
477 1789 593 1832 nempe
616 1787 657 1822 ab
671 1787 738 1821 istis
759 1787 811 1822 hic
823 1788 1059 1830 repraesentetur
1074 1811 1084 1827 ,
1109 1788 1143 1822 &

253 1844 303 1877 fin
326 1842 399 1885 ipfis
425 1840 552 1886 bibatur
573 1863 580 1870 .
606 1838 685 1872 Hoc
709 1837 753 1871 est
781 1839 865 1872 inter
891 1839 1003 1871 omnia
1030 1836 1142 1874 divina

258 1891 422 1927 beneficia
445 1890 625 1924 maximum
649 1912 660 1928 ‚
696 1887 877 1921 maximum
904 1887 1100 1931 agendarum
1124 1887 1143 1920 ὲ

253 1943 364 1976 mobis
383 1941 561 1987 gratiarum
582 1938 751 1972 debitum.
779 1939 873 1971 Hinc
894 1937 983 1971 inter
1006 1947 1143 1976 omnes,

257 1992 377 2036 nitique
391 1989 659 2028 sublimissimos,
686 1987 780 2030 hujus
800 1988 997 2021 sacramenti
1022 1987 1141 2021 titulos

253 2043 399 2077 §aniius
412 2042 553 2084 Joannes
566 2039 658 2081 ponit
671 2036 758 2070 hunc
776 2049 782 2068 :
801 2037 990 2076 Eucharistia
1004 2062 1010 2068 .
1039 2037 1139 2082 Quod

252 2092 370 2134 -jpsum
391 2091 489 2132 usque
510 2088 575 2121 huc
600 2088 633 2122 δε
658 2087 777 2120 Latina
804 2087 838 2119 ἀ
864 2087 975 2121 Graeca
999 2086 1140 2119 Ecclesia

257 2142 457 2175 confirmat.
481 2137 570 2172 Istud
595 2136 680 2179 apud
704 2146 873 2179 utramque
894 2135 937 2168 est
952 2138 1141 2179 proprium,

253 2191 407 2233 ideoque
437 2190 470 2223 &
493 2187 718 2232 dignissimum
747 2186 839 2219 istius
865 2185 1061 2220 Sacramenti
1084 2196 1139 2219 no-

255 2250 341 2273 men
353 2264 360 2272 .
387 2239 515 2281 Sepone
527 2237 594 2279 ejus
613 2236 783 2268 veritatem
796 2258 806 2273 ,
835 2236 869 2268 δε
883 2235 971 2268 nulla
995 2236 1138 2277 profesto

258 2289 390 2324 ratione
404 2286 523 2331 poterit
544 2286 604 2320 esse
615 2286 777 2318 summum
791 2285 921 2318 Divinae
943 2284 1136 2319 Clementiae

259 2340 299 2372 in
323 2349 384 2372 nos
395 2336 590 2372 beneficium
602 2359 609 2367 .

311 2389 352 2422 In
365 2385 627 2432 quinquagesima
637 2384 739 2430 prima
750 2384 904 2418 Homilia
917 2382 1027 2418 laudat
1039 2383 1135 2418 fidem

261 2438 397 2474 illorum
411 2437 615 2471 infirmorum
628 2459 637 2473 ,
666 2436 723 2476 qui
737 2435 776 2468 ad
790 2435 1039 2478 recuperandam
1058 2435 1137 2468 sani-

262 2499 363 2523 tatem
384 2487 477 2530 plena
497 2486 561 2519 fide
582 2485 773 2519 accedentes
793 2485 978 2518 Dominum
1006 2509 1017 2525 ,
1033 2484 1136 2524 stude-

263 2542 345 2575 bant
357 2538 406 2570 vel
420 2534 582 2569 fimbriam
597 2535 664 2577 ejus
677 2535 859 2568 vestimenti
876 2545 1009 2579 tangere
1021 2545 1136 2578 ‚atque

261 2588 415 2632 adjungit
429 2600 439 2619 .-
466 2589 638 2628 Tangamus
649 2590 737 2617 etiam
750 2596 801 2616 nos
811 2584 962 2624 fimbriam
973 2583 1136 2624 vestimenti

261 2643 328 2680 ejus
342 2662 352 2678 ,
379 2637 431 2670 vel
435 2637 534 2677 potius
547 2659 557 2674 ,
578 2632 606 2675 fi
623 2635 778 2672 volumus,
805 2632 898 2676 ipsum
918 2642 1011 2666 totum
1032 2634 1135 2667 habea-

261 2702 347 2724 mus.
375 2691 448 2719 Non
458 2691 537 2718 enim
558 2683 645 2723 vestis
655 2682 770 2726 solum,
792 2681 849 2726 sed
867 2692 969 2725 corpus
994 2683 1078 2725 ipsius
1088 2695 1134 2716 no—

259 2742 309 2774 bis
330 2737 366 2778 est
383 2735 555 2778 propofitum
579 2758 590 2774 ‚
626 2745 684 2766 non
703 2742 736 2765 ut
763 2742 922 2776 tangamus
936 2732 1132 2776 solummodo,

255 2790 310 2834 sed
329 2798 361 2821 ut
383 2789 567 2820 comedamus
588 2786 622 2817 (5
636 2782 804 2826 saturemur
824 2808 831 2815 .
859 2784 1076 2818 Dominicum
1097 2784 1129 2817 in

257 2836 461 2874 Euchariflia
483 2836 611 2877 Corpus
633 2834 769 2867 affirmat
789 2834 807 2865 a
830 2833 924 2866 nobis
943 2833 1042 2867 etiam
1065 2845 1129 2868 tan-

253 2891 294 2934 gi
317 2913 327 2928 ‚
365 2897 464 2930 atque
484 2886 530 2918 ira
552 2884 723 2917 confirmat
748 2883 973 2925 professionem
996 2908 1006 2923 ,
1032 2895 1127 2928 quarn

258 2949 370 2972 coram
394 2935 528 2970 Nicolai
552 2934 685 2968 secundi
707 2933 880 2967 Pontificis
899 2934 1043 2967 universa
1071 2936 1125 2977 Sy-

252 2988 350 3022 nodo
370 2985 446 3019 fecit
469 2984 682 3028 Berengarius
701 3009 708 3016 .
746 2982 897 3016 Pluribus
932 2982 999 3017 haec
1031 2995 1126 3027 expo-

258 3040 310 3072 nit
335 3045 431 3079 atque
457 3034 610 3073 extollit,
636 3035 670 3067 &
691 3033 796 3077 pergit
818 3045 824 3064 :
853 3034 1039 3074 Audiamus,
1063 3042 1126 3067 tam

258 3086 431 3125 sacerdotes
452 3085 542 3125 quam
564 3086 618 3116 alii
640 3107 650 3123 ‚
675 3085 766 3125 quarn
787 3095 897 3128 magna
920 3107 930 3122 ,
956 3085 1047 3124 quam
1072 3086 1125 3118 ad-

253 3136 405 3171 mirabilis
426 3145 471 3166 res
494 3132 576 3165 nobis
599 3133 720 3174 concessa
746 3130 783 3171 est
812 3158 818 3164 .
847 3134 1029 3174 Audiamus,
1055 3145 1122 3175 oro,

257 3190 293 3222 (θ’
314 3181 565 3228 perhorrescamus
587 3195 594 3214 :
632 3187 746 3215 Carnes
766 3181 840 3225 suas
867 3183 950 3215 nobis
977 3185 1123 3222 tradidit,

245 3236 382 3282 'scipsum
393 3234 574 3266 immolatum
582 3230 732 3274 proposuit
743 3257 750 3263 .
778 3235 881 3275 ,Quam
891 3238 981 3276 igitur
998 3232 1123 3276 satisfa-

251 3289 376 3321 clunem
399 3284 548 3325 offeremus
570 3307 580 3323 ‚
605 3292 670 3314 cum
694 3283 748 3314 tali
765 3283 875 3322 pabulo
898 3289 1003 3315 nutriti
1026 3286 1122 3317 taliter

249 3347 425 3379 peccemus,
452 3334 513 3366 cum
538 3336 653 3375 Agnum
677 3333 853 3364 comedentes
875 3341 1076 3367 convertamur
1089 3341 1121 3367 in

246 3388 334 3428 lupos
348 3410 357 3426 ‚
379 3386 442 3417 cum
458 3388 558 3416 ovinis
569 3381 709 3414 carnibus
720 3379 850 3423 saturati
860 3387 1014 3426 rapiamus
1027 3393 1059 3418 ut
1069 3386 1121 3419 leo-

350 3434 456 3474 Christ.
471 3437 549 3475 Lupi
560 3438 657 3474 opera
668 3434 802 3463 TomssVI.

1928 124 2017 170 193

1209 189 1288 224 nos?
1313 189 1347 223 Si
1367 186 1447 223 desit
1468 187 1541 222 illic
1562 200 1638 225 vei-a
1659 202 1756 232 earo,
1781 194 1896 229 omnia
1919 192 1989 229 haec
2008 194 2082 230 sunt

1209 239 1324 274 frivola
1345 263 1353 272 .
1379 237 1436 272 Ad
1457 238 1595 283 dignam
1614 239 1679 282 ejus
1705 242 1923 285 sumptionem
1945 245 2083 279 affirmat

1210 289 1326 334 requiri
1337 299 1405 323 non
1420 288 1521 323 solam
1533 288 1631 323 fidem
1643 312 1654 328 ,
1681 289 1735 324 sed
1746 291 1843 326 etiam
1862 305 1957 336 opera
1970 319 1981 336 ‚
2008 306 2083 338 prae·

1210 340 1316 374 sertim
1326 339 1450 384 largam
1461 339 1495 372 in
1518 350 1668 383 pauperes
1687 337 1933 378 beneficentiam
1947 367 1958 383 ,
1981 343 2083 380 &dat

1209 390 1387 425 rationem:
1413 391 1478 433 ,Qui
1501 390 1603 430 dixit,
1631 396 1691 426 Hoc
1715 388 1754 429 est
1768 393 1882 431 Corpus
1903 404 2022 434 meum,
2046 397 2081 434 Ψ

1209 452 1268 474 rem
1272 439 1357 483 fimul
1366 450 1430 473 cum
1441 440 1530 473 verbo
1541 440 1687 481 confecit,
1716 440 1794 472 idem
1812 441 1914 480 dixit,
1941 442 2083 484 Esurien-

1209 501 1268 525 tem
1291 503 1337 524 me
1358 491 1427 524 vidi
1449 495 1496 530 is,
1524 491 1626 524 &non
1647 489 1761 530 cibastis
1774 516 1782 523 ,
1808 490 1936 525 Evertit
1948 495 2082 527 cunctos

1209 540 1502 580 Sacramentarios,
1527 540 1583 582 qui
1608 551 1648 573 ex
1671 540 1811 574 laudatis
1824 539 2082 577 Dominiverbis

1211 592 1328 626 nolunt
1353 590 1459 624 evinci
1488 588 1697 623 Eucharistiae
1726 591 1894 626 veritatem
1918 613 1925 621 .
1955 589 2082 625 Evertit

1209 641 1287 676 item
1310 639 1529 675 schismaticos
1542 640 1694 678 Graecos,
1720 639 1777 684 qui
1802 652 1869 674 non
1883 650 1936 684 per
1946 639 2005 674 ista
2017 652 2082 675 ver-

1208 691 1268 733 ba,
1295 690 1348 726 sed
1372 701 1426 736 per
1436 690 1547 724 nescio
1558 700 1635 734 quas
1645 690 1724 724 alias
1734 701 1840 734 preces
1852 691 1968 725 volunt
1988 690 2080 726 illam

1208 742 1401 776 consecrari.

1256 793 1295 826 In
1318 792 1509 836 octogesima
1519 791 1614 826 tertia
1625 791 1777 829 Homilia
1798 791 1911 827 laudat
1925 792 2081 829 Domini-

1207 853 1244 876 ca
1256 841 1350 876 verba
1362 867 1374 884 ,
1399 845 1452 875 Hic
1460 840 1630 886 estsanguts
1640 854 1721 877 meus
1736 868 1748 885 ,
1771 843 2075 879 &commentature

1209 894 1359 935 ,Quomodo
1380 891 1494 925 turbati
1519 905 1578 926 non
1594 893 1722 934 fuerunt
1749 894 1872 936 Apostoli
1892 918 1904 934 ,
1941 896 2004 927 ciam
2030 893 2079 929 boc

1206 942 1374 985 audissent?
1400 944 1485 985 ,Quia
1505 944 1600 976 multa
1622 945 1686 983 7‘am
1705 944 1858 987 &magna
1879 946 1917 978 de
1926 944 1978 977 hoc
1987 948 2079 982 antes?

1207 993 1382 1025 audierant.
1410 992 1444 1024 Si
1466 992 1566 1026 solam
1590 994 1729 1037 figuram
1751 995 1918 1028 Dominus
1934 993 2079 1036 dederit,

1209 1041 1332 1075 nullam
1358 1041 1448 1074 dedit
1471 1041 1666 1075 turbationis
1693 1046 1802 1077 ansam
1824 1070 1832 1077 .
1861 1044 1950 1078 Audi
1979 1044 2081 1088 igitut‘

1209 1101 1314 1125 veram
1337 1091 1466 1124 ansam:
1493 1094 1748 1134 ‚Quemadmodum
1767 1103 1855 1127 vetus
1879 1094 2080 1133 testamentum

1206 1142 1332 1181 pecudes
1356 1142 1390 1176 (9⁴
1412 1141 1521 1173 vitulos
1547 1140 1677 1174 babebat
1705 1167 1716 1183 ‚
1739 1145 1836 1176 eodem
1862 1146 1944 1177 modo
1969 1156 2079 1178 novum

1205 1192 1319 1232 poffidet
1332 1194 1513 1223 Dominicum
1521 1188 1695 1234 sanguinem
1709 1217 1716 1224 .
1745 1193 1824 1227 Non
1837 1195 1943 1228 solum
1956 1195 1989 1228 in
2006 1196 2079 1228 visi-

1211 1242 1265 1274 'nili
1278 1240 1418 1275 Domini
1432 1241 1565 1283 persona
1582 1265 1593 1281 ,
1618 1242 1778 1276 sedetiam
1806 1242 1839 1276 in
1854 1245 1942 1278 sacro
1954 1246 2078 1285 calice,

1210 1291 1248 1324 de
1268 1301 1334 1332 quo
1357 1290 1464 1334 pergit
1482 1290 1569 1324 idem
1595 1291 1740 1326 Dostor:
1767 1291 1833 1334 Ipse
1844 1297 1988 1326 Dominus
2003 1295 2078 1327 bibit

1209 1352 1307 1380 exeo,
1333 1351 1370 1372 ne
1391 1341 1503 1372 auditis
1524 1340 1626 1374 verbis
1652 1344 1713 1375 illis
1736 1343 1867 1375 dicerent
1880 1367 1891 1383 ,
1918 1346 2004 1386 ,Quid
2026 1351 2080 1388 igi-

1208 1391 1281 1424 tur?
1306 1392 1483 1433 Sanguinem
1495 1390 1648 1424 bibemus?
1673 1395 1719 1424 Et
1730 1404 1850 1425 carnem
1875 1395 2079 1429 comedemus?

1211 1445 1248 1472 Ac
1268 1442 1330 1472 ideo
1350 1440 1593 1480 perturbarentur
1606 1466 1614 1472 .
1641 1445 1730 1474 Nam
1753 1445 1788 1476 &
1800 1445 1918 1484 quando
1933 1446 2019 1485 priris
2042 1446 2079 1478 de

1207 1489 1253 1522 bis
1279 1491 1374 1523 verba
1390 1490 1470 1531 fecit
1490 1514 1500 1529 ,
1527 1493 1613 1523 multi
1632 1490 1812 1532 Jblummodo
1836 1503 1960 1534 propter
1986 1495 2079 1528 verba
2109 1512 2115 1517 ‚

1203 1537 1353 1581 suntpaffi
1369 1537 1562 1582 scandalum.
1591 1545 1641 1573 Ne
1661 1548 1750 1584 igitur
1761 1553 1831 1575 tunc
1854 1545 1889 1575 id
1897 1556 2009 1586 quoque
2030 1556 2078 1577 ac-

1205 1591 1333 1630 cideret,
1357 1595 1476 1631 primus
1486 1590 1550 1632 ipse
1561 1589 1612 1623 hoc
1628 1590 1728 1633 facit,
1754 1601 1787 1625 ut
1799 1596 1960 1634 tranquillo
1981 1601 2079 1628 animo

1204 1640 1248 1670 ad
1255 1644 1536 1673 communicationem
1547 1642 1698 1674 induceret
1710 1667 1716 1673 .
1746 1643 1855 1676 Etiam
1871 1643 1933 1677 bit(
1945 1647 2058 1679 omnia
2071 1668 2081 1684 ‚

1207 1689 1262 1721 nifi
1276 1689 1444 1724 Dominus
1456 1691 1500 1722 sui
1513 1691 1662 1732 corporis
1685 1691 1719 1724 ὅ(
1733 1693 1901 1734 sanguinis
1915 1698 2082 1728 veritatem

1205 1736 1371 1772 tradiderit
1384 1738 1563 1782 Discipulis
1576 1763 1586 1778 ‚
1610 1740 1684 1772 sunt
1696 1740 1810 1774 ftivola
1828 1742 1861 1774 &
1879 1754 1980 1777 vana.
2008 1746 2084 1779 Per-

1204 1789 1253 1832 git
1274 1786 1529 1831 Chrysostomus
1552 1814 1559 1821 .
1589 1793 1698 1822 Etiam
1720 1789 1788 1823 hinc
1810 1790 2010 1828 baereticorum
2031 1807 2083 1827 ora

1207 1841 1349 1871 Dominus
1366 1838 1518 1879 fraenavit
1541 1863 1548 1870 .
1576 1847 1663 1875 Nam
1688 1841 1808 1882 quando
1834 1843 1937 1877 dicunt
1963 1869 1973 1884 ,
2001 1846 2084 1878 Unde

1202 1896 1286 1929 patet
1297 1889 1481 1921 immolatum
1493 1888 1641 1928 christum
1642 1888 1732 1933 fuisse
1747 1915 1758 1931 ,
1780 1900 1898 1933 ptraeter
1913 1896 1974 1927 alia
1989 1898 2083 1928 multa

1196 1932 1374 1981 ⁴adferentes
1394 1944 1487 1971 etiam
1508 1938 1572 1973 haec
1594 1940 1724 1980 mysteria
1751 1965 1761 1981 ,
1788 1953 1840 1975 ora
1871 1943 1998 1988 ipsorum
2021 1937 2084 1978 con-

1191 1989 1334 2031 suimus.
1361 1991 1392 2021 51
1413 1995 1492 2022 enlm
1517 1999 1647 2022 mortuus
1671 1991 1807 2033 JESUS
1832 2005 1889 2027 non
1912 1995 1970 2036 est,
1997 1999 2083 2037 cujus

1200 2038 1354 2080 fimbolum
1365 2050 1399 2072 ac
1403 2038 1518 2082 signum
1533 2039 1569 2079 est
1588 2038 1848 2083 bocsacrificiuno?
1875 2047 1967 2078 Vides
1987 2059 2084 2088 quan-

1202 2098 1266 2122 tum
1277 2094 1304 2121 ei
1309 2088 1440 2128 studium
1444 2088 1560 2128 fuerit,
1587 2098 1621 2122 ut
1629 2089 1743 2131 semper
1766 2100 1908 2127 memoria
1926 2103 2083 2130 teneamus

1202 2137 1297 2180 ipsum
1321 2146 1379 2179 pro
1405 2138 1487 2170 nobis
1506 2137 1596 2181 fuisse
1622 2149 1767 2172 mortuum
1793 2143 1806 2174 ?
1832 2148 1919 2176 Nam
1944 2152 2082 2187 quoniam

1202 2193 1334 2221 Marcion
1349 2212 1359 2227 ‚
1384 2190 1561 2220 Valentinus
1583 2213 1593 2228 ‚
1622 2189 1808 2223 Manicbaeus
1827 2217 1837 2233 ,
1864 2205 2017 2238 eorumque
2039 2195 2084 2240 se-

1200 2250 1305 2281 quaces
1316 2246 1404 2270 erant
1425 2244 1561 2281 negaturi
1583 2237 1660 2271 banc
1672 2238 1924 2283 dispensationem
1938 2269 1948 2285 ‚
1975 2251 2008 2278 in
2017 2258 2082 2279 me-

1199 2295 1323 2321 moriam
1334 2288 1472 2327 Pafflonis
1490 2296 1545 2329 per
1571 2287 1623 2320 hoc
1640 2286 1757 2330 semper
1779 2296 1826 2323 ita
1848 2295 1964 2328 reducit
1986 2295 2080 2335 ηαβε-

1198 2344 1292 2377 rium,
1320 2347 1354 2370 ut
1379 2349 1461 2370 nemo
1481 2348 1538 2370 non
1561 2336 1684 2380 insanus
1705 2337 1806 2381 seduci
1823 2346 1922 2385 poffit.
1954 2349 2003 2378 Ita
2021 2355 2078 2388 per

1194 2387 1402 2430 sandliffimam
1412 2387 1497 2427 istam
1517 2386 1650 2430 mensam
1667 2389 1701 2422 Θ
1709 2387 1820 2431 salvat
1841 2395 1986 2429 &dot-et.
2014 2401 2076 2430 Hoc

1197 2445 1275 2472 enim
1284 2446 1374 2479 caput
1387 2443 1517 2470 omnium
1544 2438 1683 2470 bonorum
1695 2439 1732 2479 est
1743 2465 1750 2471 .
1779 2441 1930 2478 Gnostici
1953 2447 1986 2480 δε
2000 2445 2074 2481 Ma·

1196 2486 1334 2527 nichaei‚
1363 2488 1409 2522 uti
1433 2498 1541 2521 veram
1565 2488 1600 2521 in
1623 2488 1776 2523 Domino
1798 2503 1947 2536 carnem,
1974 2496 2018 2530 ita
2038 2498 2074 2531 ὅ(

1197 2549 1302 2571 veram
1327 2548 1485 2582 negavere
1507 2548 1665 2572 mortem.
1695 2539 1785 2582 Ipsos
1806 2554 1860 2585 per
1882 2544 1947 2586 jam
1961 2546 2073 2589 saepius

1197 2587 1358 2622 laudatam
1370 2588 1411 2622 de
1424 2586 1627 2621 Eucharistia
1652 2590 1796 2633 regulam
1823 2593 1950 2629 invadit
1964 2595 2072 2640 Chry-

1196 2638 1369 2672 sostomu's.
1399 2636 1552 2670 Affirmat
1571 2636 1603 2669 in
1619 2638 1823 2675 Eucharistia
1834 2643 1896 2677 effe
1916 2645 1948 2679 ὃς
1961 2657 2070 2682 veram

1195 2699 1325 2721 carnem
1347 2699 1385 2721 ac
1409 2698 1519 2720 verum
1541 2687 1731 2731 sanguinem
1746 2715 1757 2730 ‚
1781 2691 1989 2738 ipsorumque
2009 2697 2067 2734 irn-

1196 2739 1408 2771 molationem
1442 2748 1480 2770 ac
1506 2737 1738 2779 separationem
1777 2740 1811 2774 in
1840 2743 2067 2782 Eucharistico

1194 2788 1350 2822 sacrificio
1371 2785 1502 2831 figurari
1526 2798 1563 2821 ac
1576 2789 1767 2822 memorari:
1795 2791 1888 2827 Hinc
1898 2796 2066 2833 concludit

1194 2838 1378 2871 Dominum
1404 2837 1504 2870 etiarn
1531 2838 1566 2870 in
1595 2837 1715 2872 vifibiii
1737 2841 1791 2874 sua
1816 2845 1949 2885 persona
1972 2847 2065 2882 fuisre

1192 2888 1342 2921 veraciter
1354 2897 1527 2926 carneum,
1556 2887 1772 2932 sanguineum
1786 2916 1796 2931 ,
1824 2892 2061 2930 acdefuneium.

1192 2939 1288 2971 Adeo
1299 2947 1379 2971 tunc
1400 2936 1610 2971 Eucharistiae
1623 2938 1738 2973 veritas
1756 2943 1843 2984 apud
1868 2955 1982 2979 omnes
1996 2957 2063 2981 erat

1191 2989 1300 3021 norior
1321 2987 1353 3021 &
1367 2987 1484 3021 certior
1506 2986 1623 3021 vifibili
1650 2989 1898 3027 Dominicarne
1925 2995 1958 3028 ἀ
1981 3007 2065 3032 mor-

1189 3048 1219 3070 te
1241 3063 1247 3069 .

1237 3089 1273 3121 In
1289 3089 1455 3121 centesimi
1468 3087 1701 3133 quadragesimi
1727 3093 1831 3133 quarti
1845 3093 1963 3127 Psalmi
1977 3108 2063 3131 com·

1187 3139 1344 3171 mentario
1367 3138 1475 3171 laudat
1499 3138 1564 3172 haec
1588 3140 1682 3173 verba
1698 3164 1708 3179 ‚
1736 3144 1778 3172 Tu
1792 3145 1847 3174 das
1861 3142 1954 3184 escam
1966 3158 2060 3180 eorum

1187 3196 1356 3229 intempore
1366 3196 1542 3229 opportuno,
1576 3189 1640 3232 ipsa
1654 3190 1734 3223 dicit
1746 3192 1762 3223 31
1777 3191 1925 3227 fidelibus
1938 3196 2059 3231 affidue

1187 3238 1344 3277 concini,
1369 3240 1670 3272 &commentaturz
1698 3237 1851 3282 ‚Quifilius
1866 3243 1971 3284 fac'lus
1994 3247 2054 3287 eli,

1187 3286 1328 3329 &mensa
1337 3286 1468 3331 spiritali
1484 3287 1624 3329 fruitur,
1649 3293 1752 3322 mrrito
1766 3295 1889 3325 Patrem
1905 3297 2000 3337 gloria
2022 3299 2056 3331 (9⁶

1189 3338 1292 3369 honore
1304 3337 1430 3377 affecerit
1442 3364 1448 3369 .
1478 3342 1504 3369 F
1507 3338 1590 3369 ac‘Jus
1602 3350 1632 3370 cs
1641 3338 1723 3379 filius
1734 3363 1743 3377 ‚
1771 3344 1805 3375 <vt
1816 3342 1915 3386 mensa
1930 3344 2054 3386 spt'rita-

1184 3389 1206 3421 li
1223 3387 1337 3430 frueris
1365 3412 1376 3428 ‚
1401 3389 1549 3423 comedens
1577 3399 1696 3421 carnem
1723 3390 1939 3436 &sanguinem
1966 3398 2050 3434 cius,

1681 3439 1713 3473 R
1912 3444 2002 3484 Refer
