2352 3756
128 2137 184 2177 Epi
201 2141 248 2171 ⁴5·

703 83 1781 152 Qunnsrltrnonunonnsn

382 77 475 148 343

910 203 1306 281 'CANON
1377 231 1506 279 111.

399 375 505 423 Εᾶε,
538 372 806 423 VVecilonis
841 370 1093 432 Moguntini
1129 366 1335 417 invasoris
1353 403 1366 426 ‚
1412 369 1587 440 ejusque
1621 376 1841 426 Sociorum
1865 382 1880 438 ᾗ
1927 376 2004 428 sub
2036 396 2138 443 ana..

433 445 624 494 themate
648 444 855 502 damnata
879 439 964 499 est,
999 455 1096 506 quae
1119 436 1260 486 afferit
1287 436 1506 496 saeculares,
1526 442 1608 492 suis
1633 445 1758 495 rebus
1770 447 2029 516 exspoliatos
2054 455 2138 502 Ec-

309 515 543 564 clefiastico
573 531 661 562 non
686 510 899 574 subjacere
927 507 1119 575 judicio,
1154 526 1235 558 nec
1253 516 1618 563 excommunicari
1633 516 1748 584 poffe
1762 537 1842 586 pro
1860 517 1943 569 suis
1969 522 2139 571 excessi-

311 584 392 635 bus
404 623 417 635 .
433 588 610 654 Qique
623 582 1018 630 excommunicatos
1032 578 1191 647 absque
1209 583 1592 635 Reconciliatione
1605 590 1742 655 recipi
1755 588 1872 656 poffe
1884 591 2111 642 contendit
2121 628 2136 641 .

504 728 532 772 S
570 741 598 770 C
634 738 664 769 H
690 736 732 770 0
767 739 790 768 L
827 741 844 769 Ι
881 739 912 769 0
948 739 1006 769 N·
1258 724 1549 762 sanctioneshabes
1564 728 1650 772 apud
1674 730 1859 765 Palladium
1884 733 2139 778 Helenopolim-

1258 786 1337 809 num
1372 777 1575 822 Episcopum
1603 779 1637 813 in
1664 781 1814 826 Dialogo
1840 793 1915 816 cum
1948 782 2135 818 Theodoro

1238 845 1241 870 3
1256 825 1412 860 Diacono
1426 828 1584 863 Romana:
1598 830 1740 864 Ecclesiae
1750 857 1757 863 .
1787 832 1830 865 Et
1844 833 1985 876 Joannes
1999 845 2065 868 non
2078 845 2136 878 po-

322 869 324 871 ’
363 873 398 909 N
410 873 523 918 quinta
537 874 589 907 sua
604 872 742 915 Synodo
764 872 851 909 dixit
867 871 1085 915 Symmachus
1106 867 1193 906 Pon·
1237 872 1241 910 ζ
1257 875 1386 910 stulavit
1407 887 1475 912 rem
1488 890 1609 914 novam
1625 904 1635 920 ‚
1663 881 1715 915 sed
1730 884 1920 925 provocavit
1930 882 1969 917 ad
1984 884 2134 927 antiquas

348 962 351 963 ⁷
386 924 485 958 tifex:
515 925 626 956 Nullos
638 921 869 966 Episcoporsuis
883 924 968 956 rebus
990 922 1165 966 exspoliatos
1180 947 1191 963 ‚
1237 911 1402 966 {Ecciefiae
1422 929 1564 972 regulas:
1594 929 1792 965 protestatus
1813 931 1858 965 est
1885 933 1964 975 ipsas
1985 929 2134 968 &Theo-

309 976 364 1008 vel
371 976 391 1006 ὰ
398 973 519 1016 sedibus
525 972 592 1016 suis
604 979 639 1007 vi
647 982 701 1006 aut
711 974 774 1007 dolo
784 997 795 1013 ,
822 983 876 1008 aut
887 984 1064 1017 quocumque
1075 979 1191 1017 ingemo

305 1023 428 1066 palliis,
447 1021 629 1064 ficut&vos
640 1025 679 1057 de
700 1023 781 1056 nobis
793 1023 974 1064 judicastis,
1004 1033 1057 1056 aut
1080 1026 1123 1055 ad
1145 1026 1189 1062 sy-

308 1075 420 1107 nodum
432 1082 495 1106 tam
511 1075 729 1107 ProvincIalem
738 1084 828 1117 quam
843 1074 1019 1107 Generalem
1028 1074 1104 1116 posse
1125 1084 1193 1106 con-

310 1129 435 1164 vocari,
461 1130 560 1157 autin
582 1124 681 1167 aliquo
695 1125 856 1165 judicari,
882 1133 1044 1166 antequam
1061 1124 1186 1163 cunc‘la,

307 1185 377 1216 quae
390 1179 432 1208 eis
445 1173 550 1207 ablata
556 1173 630 1217 fiunt
638 1200 648 1215 ,
672 1174 785 1217 legibus
794 1173 932 1216 potestati
951 1183 1048 1208 eorum
1067 1173 1189 1215 pacifice

305 1233 362 1267 per
373 1229 470 1257 omnia
490 1226 752 1269 redintegrentur,
777 1226 978 1258 decernimus.
1009 1226 1098 1256 Prius
1123 1235 1189 1267 ergo

304 1283 422 1317 oportet
432 1274 493 1308 illis
503 1281 602 1307 omnia
612 1274 725 1319 legibus
735 1276 938 1319 redintegrari
949 1295 960 1313 ‚
985 1277 1020 1308 <90
1032 1272 1186 1315 Ecclesias,

305 1336 376 1368 quae
387 1322 660 1368 eissublataesunt‚
686 1330 843 1358 cumomni
861 1326 1022 1367 privilegio
1039 1323 1092 1368 suo
1112 1323 1188 1363 resti-

303 1381 354 1408 ,καὶ
365 1400 375 1415 ,
402 1377 436 1409 (⁸5
444 1375 626 1417 postmodum
639 1387 697 1408 non
703 1374 760 1418 sub
772 1374 890 1418 angusto
899 1380 1042 1416 temporis
1059 1371 1162 1416 spatio
1178 1398 1188 1414 ,

300 1424 364 1469 sed
373 1434 494 1458 tantum
506 1423 646 1469 tempor-ts
658 1424 793 1468 spatium
803 1432 847 1458 eis
859 1425 1048 1468 indulgeatur
1058 1448 1070 1463 ‚
1093 1435 1188 1466 quan-

307 1484 372 1508 tum
383 1473 541 1517 exspoliiaetl
554 1478 608 1509 vel
626 1474 745 1516 expulfi'
757 1478 809 1518 effe
832 1475 999 1515 videntur,
1025 1483 1188 1516 antequam

303 1525 350 1557 ad
371 1526 515 1564 synodum
537 1533 729 1558 convocentur
750 1550 758 1556 .
796 1529 884 1557 Nam
901 1535 952 1557 nec
973 1530 1126 1557 convocari
1146 1527 1191 1556 ad

299 1573 426 1618 -causam
446 1599 457 1616 ,
493 1586 545 1608 nec
566 1577 737 1617 diJudicari
755 1574 846 1616 potest
867 1573 1050 1617 exspolititus
1069 1576 1120 1607 vet
1138 1586 1189 1607 ex-

301 1624 408 1669 pulsus
422 1650 429 1657 .
457 1625 502 1659 Et
524 1625 727 1659 demonstrat
752 1625 837 1659 istud
858 1627 922 1659 ess‘e
941 1625 1115 1668 antiquum
1130 1624 1189 1657 Ec-

297 1677 409 1709 clefiae
432 1676 635 1710 Decretum.
663 1675 824 1710 Notanda
846 1676 922 1709 sunt
943 1675 1040 1709 verba
1064 1689 1075 1708 :
1109 1677 1190 1708 Sicut

303 1738 361 1759 vor
379 1727 416 1759 de
437 1725 520 1758 nobis
535 1725 694 1767 judicastis
707 1751 715 1758 .
741 1725 843 1760 Italiae
860 1725 1013 1768 Episcopi
1026 1723 1190 1757 Theodo-

299 1778 374 1809 xico
398 1773 589 1810 Gothorum
615 1777 701 1820 Regi
726 1798 736 1815 ,
772 1775 829 1816 qui
846 1774 1025 1816 spoliatum
1043 1774 1191 1815 Symma-

300 1825 407 1860 -chum
429 1824 566 1868 judicari
588 1825 717 1868 jusserat
736 1850 747 1865 ‚
773 1824 962 1858 constanter
983 1825 1014 1856 se
1036 1822 1192 1864 opp'osue·

304 1886 381 1910 runt
406 1899 417 1916 ‚
452 1875 487 1908 &
513 1875 606 1908 illurn
628 1886 706 1909 ante
727 1884 862 1907 ornnem
881 1870 996 1914 judicii
1018 1864 1208 1915 ingressum!

303 1926 481 1960 voluerunt
493 1924 586 1967 plene
600 1924 741 1958 revestiri
756 1947 763 1954 .
791 1923 870 1955 Hoc
882 1922 1023 1965 ipsorum
1034 1920 1192 1963 judicium

306 1975 418 2010 laudat
441 1973 598 2008 Pontifex
612 1998 622 2013 ‚
646 1973 824 2008 confirmat
841 1998 851 2012 ‚
877 1981 974 2014 atque
994 1970 1192 2004 demonstrat

302 2026 369 2059 esse
390 2025 564 2068 antiquum
591 2023 743 2056 Ecclefiae
767 2022 941 2055 Canonem
961 2042 969 2052 .
998 2020 1123 2054 Eadem
1150 2019 1190 2052 de

304 2089 342 2110 ne
353 2076 394 2109 ad
407 2074 567 2108 Carolum
580 2072 722 2106 Calvum
743 2073 942 2105 Francorum
970 2070 1098 2114 Regem
1122 2069 1193 2102 scri·

304 2126 367 2170 ipsit
391 2123 554 2165 Nicolaus
573 2122 695 2165 primus
706 2121 882 2154 Pontifex:
910 2117 1138 2160 Nequaesumus
1149 2120 1194 2150 eli-

303 2185 393 2210 vcatur
404 2175 442 2207 de
454 2172 538 2206 nobis
544 2173 721 2213 procedente
731 2178 859 2210 tempore
870 2193 880 2209 ,
906 2170 986 2210 quod
996 2179 1071 2201 nunc
1080 2170 1194 2209 scripto

308 2227 348 2259 ,de
369 2223 540 2257 Theodorico
554 2219 705 2263 profertur
730 2244 734 2250 .
763 2221 828 2262 Qui
852 2227 922 2252 ante
942 2224 1119 2260 patrimonii
1146 2221 1198 2251 vel

306 2273 503 2316 ,Ecclesiarum
516 2296 527 2312 ,
553 2281 629 2314 quas
655 2268 797 2312 amiserat
821 2273 1047 2318 ‚receptionem
1074 2271 1194 2310 Papam

310 2323 510 2366 Symmachum
521 2346 531 2362 ,
556 2323 656 2363 utpote?
681 2325 811 2353 Amanus
825 2319 1095 2361 &sceleratissimus
1110 2323 1176 2351 Rex
1186 2343 1196 2358 ,

311 2388 377 2411 cum
397 2371 651 2416 impugnatoribus
668 2369 734 2412 suis
757 2375 789 2401 in
812 2368 1054 2412 disceptationem
1068 2369 1197 2411 conflige-

314 2438 346 2461 re
363 2425 460 2467 jussit,
485 2434 550 2456 cum
573 2419 708 2462 potestati
729 2421 793 2458 eJ'us
814 2426 911 2451 omnia
927 2444 936 2459 ‚
963 2430 1030 2461 quae
1050 2427 1106 2460 per
1126 2417 1195 2462 sug·

310 2475 468 2521 gestionem
489 2477 669 2505 inimicorum
688 2468 808 2512 suorum
829 2468 971 2512 amiserat
996 2492 1006 2510 ‚
1042 2469 1197 2502 reddenda

316 2526 357 2559 ab
379 2522 592 2558 honorabilium
608 2523 752 2554 Italorum
772 2518 984 2561 Episcoporum
1001 2520 1116 2552 concilio
1134 2515 1197 2560 jus-

315 2575 354 2620 sa
375 2574 494 2619 fuiffent
512 2598 522 2613 ,
559 2580 593 2605 ut
618 2570 755 2614 legaliter
775 2569 869 2610 statui
892 2569 1015 2612 pristino
1040 2570 1196 2607 redditus,

317 2635 391 2660 tunc
409 2629 526 2659 veniret
552 2622 595 2654 ad
618 2619 734 2663 causam
759 2642 769 2660 ,
807 2621 841 2653 (ε’
860 2618 890 2661 fi
912 2627 957 2652 ita
981 2618 1057 2653 recqe*
1083 2619 1197 2652 videre-

319 2687 372 2710 ·tur
385 2700 395 2716 ,
421 2672 617 2717 accusantium
637 2669 874 2714 propofitionibus
886 2668 1088 2712 responderet.
1115 2669 1198 2713 Agit

320 2727 364 2760 de
392 2722 559 2760 Rothaldo
586 2720 797 2756 suessionensi
825 2721 988 2763 Episcopo
1010 2744 1021 2760 ‚
1059 2730 1156 2763 quem
1181 2718 1198 2750 ὲ

322 2774 568 2820 degradationis
596 2771 754 2806 sententia
780 2770 997 2813 appellantem
1023 2769 1063 2803 ad
1078 2770 1202 2804 Roma·

321 2836 404 2859 mam
432 2823 608 2858 Ecclesiam
636 2821 836 2855 Hincmarus
863 2819 1077 2863 Metropolita
1113 2819 1218 2855 Rhe-1

323 2875 445 2908 atriensis
472 2872 626 2907 omnibus
653 2871 716 2904 suis
743 2871 836 2904 rebus
847 2870 995 2914 spoliarat
1006 2880 1122 2903 contra
1135 2856 1218 2911 Sar-l

1236 974 1347 1022 {philo
1371 975 1576 1012 Alexandriae
1604 979 1787 1015 patriarcha
1809 982 1902 1015 fuisse
1924 983 1959 1015 in
1971 984 2025 1017 sua
2037 983 2131 1017 causa.

1220 1036 1240 1079 ,Ι
1255 1025 1409 1059 violatas.
1439 1026 1583 1061 Proinde
1593 1031 1828 1073 antiquissimus
1848 1032 1894 1065 est
1915 1033 1974 1066 iste
1996 1033 2132 1067 Canon.

1235 1084 1240 1101 r
1256 1074 1298 1108 Et
1311 1075 1483 1118 posteriora
1501 1078 1609 1110 saecula
1625 1079 1728 1120 ipsum
1740 1091 1807 1113 non
1822 1082 2050 1126 neglexerunt.
2069 1084 2134 1117 Lu-

1253 1134 1304 1158 cet
1313 1137 1354 1159 ex
1376 1124 1488 1159 litteris
1501 1125 1653 1161 Goffredi
1666 1128 1917 1163 Vindocinenfis
1937 1131 2076 1167 Abbatis
2088 1131 2133 1167 ad

1255 1174 1450 1209 Goffiedum
1463 1176 1699 1211 Carnutensem
1714 1179 1909 1222 Episcopum
1923 1194 1930 1212 :
1958 1187 2134 1224 Novimus,
2150 1174 2210 1206 ΠΒ*
2231 1185 2261 1206 ⁸·

1254 1224 1479 1268 quipraesentes
1491 1237 1630 1268 eramus,
1657 1230 1814 1261 Dominum
1838 1233 1956 1271 Papam
1977 1233 2131 1264 Urbanum
2147 1225 2191 1256 ep·
2214 1225 2261 1252 3⁹⁸

1252 1281 1284 1307 in
1310 1274 1485 1317 arvernensi
1502 1279 1629 1310 Concilio
1644 1277 1734 1321 super
1746 1278 1797 1310 boc
1810 1281 2004 1321 diffinitivam
2012 1305 2025 1324 „
2049 1281 2133 1316 &ab

1253 1325 1386 1358 omnibus
1398 1350 1409 1366 ‚
1434 1332 1486 1369 qui
1496 1329 1627 1361 aderant
1639 1353 1650 1367 ,
1677 1327 1833 1372 Episcopis
1848 1333 1880 1363 Θ
1894 1330 2057 1364 abbatibus
2067 1332 2133 1365 lau-

1253 1377 1363 1407 datam
1385 1377 1491 1419 dediffe
1501 1377 1683 1419 sentennam
1697 1403 1707 1419 ‚
1735 1389 1768 1412 ut
1790 1387 1957 1422 quicumque
1968 1380 2031 1422 fine
2043 1392 2133 1415 voca—

1253 1431 1329 1459 tione
1348 1426 1510 1466 &judicio
1532 1426 1765 1470 exspoliarentur
1778 1454 1788 1469 ‚
1813 1434 1901 1462 etiarn
1909 1428 1967 1470 stre
1978 1436 2130 1465 vocatione

1252 1477 1286 1509 &
1301 1477 1419 1517 judicio
1440 1475 1681 1516 investirentur>¹
1696 1479 1738 1512 Ec
1764 1478 1843 1513 hinc
1863 1481 1967 1515 oritur
1978 1481 2132 1526 quaestio,

1251 1525 1434 1570 Qomodo
1454 1527 1628 1570 spoliatum
1655 1530 1838 1563 Henricurn
1861 1530 1987 1575 Regem
2007 1531 2134 1574 judica-

1254 1577 1335 1609 verit
1359 1576 1514 1619 septimus
1536 1578 1741 1623 Gregorius?
1768 1580 1952 1627 Qomodo
1963 1580 2135 1626 VVeciloe

1255 1627 1323 1666 nis,
1353 1627 1410 1669 qui
1433 1627 1525 1661 illurn
1545 1626 1634 1662 dixit
1658 1631 1857 1665 anteomnia
1869 1630 2127 1670 revestiendum,
2175 1666 2177 1673 s

1255 1677 1447 1710 sententiam
1473 1679 1604 1720 praesens
1631 1679 1785 1720 Synodus
1811 1679 1900 1713 dicat
1920 1681 1984 1714 effe
2005 1681 2130 1715 Setiam

1252 1726 1286 1758 ὅς
1307 1725 1471 1759 haeresim?
1502 1727 1697 1769 Respondeo
1723 1731 1897 1772 antiquum
1910 1730 2057 1763 Ecclefiae
2067 1727 2145 1763 Ca·v

1253 1786 1375 1808 nonem
1397 1775 1519 1809 sancire
1542 1789 1599 1820 pro
1618 1778 1693 1811 solis
1712 1778 1841 1821 inique,
1867 1779 1934 1811 sine
1954 1779 2133 1812 vocatione

1253 1825 1285 1857 &
1307 1824 1431 1866 judicio
1451 1849 1461 1863 ,
1488 1836 1543 1858 aut
1564 1837 1678 1859 contra
1702 1827 1847 1869 quemvis
1871 1828 1955 1870 Iuris
1975 1827 2130 1862 ordinem

1257 1873 1415 1916 spoliatis:
1445 1874 1609 1908 Henricus
1629 1886 1738 1910 autem
1762 1877 1838 1910 Rex
1854 1878 1956 1911 fuerat
1976 1877 2136 1922 spoliatus

1254 1922 1346 1964 juxta
1365 1924 1461 1956 istum
1485 1925 1655 1958 ordinem.
1683 1926 1785 1959 Porro
1798 1927 1946 1965 assertio,
1974 1939 2043 1970 quae
2054 1939 2132 1961 cen·-

1256 1973 1302 2004 set
1328 1971 1475 2024 legitime
1499 1973 1674 2015 spoliatum
1693 1986 1760 2009 non
1773 1977 1860 2018 poffe
1870 1984 1944 2009 ante
1954 1977 2133 2011 restitutio-

1257 2031 1331 2055 nem
1354 2021 1460 2063 puniri
1485 2033 1539 2065 per
1561 2024 1800 2058 Ecclesiasticas
1819 2027 1967 2060 censuras
1984 2050 1996 2067 ‚
2017 2022 2065 2061 'est
2078 2038 2131 2071 pa·

1257 2072 1320 2104 lum
1343 2071 1479 2104 Sec’teria
1501 2082 1600 2114 atque
1622 2071 1786 2107 haeretica.

1306 2119 1420 2154 Altera
1436 2118 1643 2155 VVecilonis
1662 2120 1779 2169 haerefis
1800 2124 1863 2158 fuit
1885 2148 1896 2164 ,
1936 2123 2023 2167 quod
2045 2126 2140 2170 tales„

1257 2170 1531 2214 HenriciRegis‚
1556 2172 1663 2215 acipfi
1686 2172 1918 2208 adhaerentium
1941 2170 2135 2211 excommu-

1258 2221 1438 2254 nicationes
1452 2222 1630 2264 sperneret,
1656 2223 1851 2268 doceretque
1874 2224 1945 2268 ipfis
1966 2226 2047 2260 citra
2070 2228 2133 2261 Ec-

1255 2269 1460 2304 clefiasticam
1481 2272 1752 2306 conciliationem
1774 2275 1860 2317 posse
1873 2276 2131 2311 communicari.

1258 2320 1319 2353 Ista
1333 2321 1366 2354 in
1389 2320 1622 2356 Ecclefiasticas
1638 2324 1785 2357 censuras
1804 2325 2011 2358 irreverentia
2031 2334 2132 2369 atque

1257 2369 1314 2404 sub
1352 2371 1510 2404 nullitatis
1537 2373 1614 2405 suco
1643 2373 1800 2406 violentia
1821 2373 1868 2407 est
1893 2383 1965 2407 vera
1987 2374 2133 2417 haerefis,

1256 2422 1389 2465 grassata
1412 2422 1511 2454 etiam
1532 2422 1713 2465 antiquitus
1726 2447 1737 2462 ‚
1758 2423 1792 2456 δε
1808 2423 1825 2456 ὲ
1839 2421 1988 2458 Patribus
2000 2425 2132 2460 damna-

1258 2483 1288 2504 ta
1304 2495 1311 2503 .
1343 2471 1475 2503 Etenim
1497 2472 1584 2505 suam
1607 2472 1648 2506 ab
1660 2472 1841 2506 Eusebiana
1852 2473 1994 2508 faffione
2005 2474 2132 2518 ejectio·

1259 2531 1333 2553 nem
1356 2520 1451 2553 refert
1474 2521 1507 2553 in
1534 2521 1648 2555 litteris
1661 2522 1701 2555 ad
1713 2523 1785 2556 suos
1798 2523 1985 2557 Monachos
1995 2525 2130 2559 Sanetus

1257 2567 1473 2610 Athanasius,
1496 2570 1532 2603 <Sc
1549 2572 1774 2616 prosequitur:
1801 2575 1872 2605 Mox
1894 2573 1932 2605 ab
1943 2573 2003 2613 istis
2014 2573 2129 2618 infidus

1258 2624 1381 2652 Arianos
1403 2625 1434 2652 in
1452 2618 1536 2662 suam
1556 2627 1781 2655 communionem
1802 2631 1929 2665 recepere
1941 2647 1951 2663 ,
1971 2623 2033 2665 sine
2051 2631 2131 2659 omne

1255 2681 1327 2703 cura
1348 2668 1533 2713 respeeluque
1549 2680 1592 2704 tot
1597 2673 1792 2713 judiciorum,
1819 2674 1925 2716 quibus
1934 2674 2129 2707 illidamnatt

1257 2730 1361 2761 erant,
1387 2727 1549 2762 iterumque
1570 2724 1758 2764 Imperatoris
1777 2725 1950 2756 mandatum
1975 2722 2129 2764 caufificatl

1253 2769 1341 2813 sunt.
1369 2774 1436 2803 Nec
1455 2783 1501 2805 eos
1519 2774 1628 2812 puduit
1652 2779 1685 2805 in
1707 2773 1846 2815 Epistolis
1850 2770 2045 2815 subscribere,
2066 2773 2129 2815 post

1261 2819 1448 2862 Athanasium
1472 2822 1623 2862 adfliaum
1649 2825 1716 2855 odia
1739 2822 1863 2865 defiffe,
1889 2825 1923 2855 (ν’
1939 2825 2009 2863 jam
2022 2826 2091 2857 inde
2095 2822 2132 2866 se

1258 2876 1381 2903 Arianos
1398 2869 1558 2913 suscipere,
1585 2874 1617 2904 (5*
1639 2874 1684 2904 ad
1701 2882 1838 2905 terrorem
1855 2874 2057 2913 audlentium‚
2084 2880 2131 2906 ita

325 2924 473 2959 dicenses
500 2922 674 2956 Canones:
701 2921 810 2964 Ipsum
830 2931 907 2954 ante
935 2919 1219 2962 retraaatoriiju·{
1252 2920 1304 2961 fibi
1331 2920 1369 2952 ab
1388 2924 1567 2962 imperatore
1591 2923 1770 2956 mandatum
1790 2922 1839 2964 effe
1857 2921 2017 2962 jafflitant.
2043 2925 2132 2966 ,Quin

329 2974 410 3009 dicii
434 2972 608 3016 ingressum
631 2971 765 3004 mandat
787 2969 882 3013 plene
903 2970 1026 3003 restitui
1046 2991 1054 3002 t
1095 2970 1221 3014 Etian15

333 3026 368 3059 in
394 3022 508 3056 libello
530 3046 542 3061 ,
568 3029 633 3063 quo
657 3020 697 3053 ad
719 3020 861 3053 eundern
882 3019 1078 3054 Pontificem
1100 3018 1221 3063 appel-¹

334 3073 412 3109 lavit
426 3084 445 3113 ,¹
461 3071 558 3105 habet
579 3070 713 3103 Sane’tus
735 3068 882 3113 Ignatius
903 3069 1090 3103 Patriarcha
1118 3070 1205 3103 Con-

337 3120 664 3165 stantinopolitanus:
692 3118 907 3158 Postulavimus
931 3129 964 3152 ut
986 3120 1126 3161 Epistolae
1136 3122 1205 3163 lege-

336 3182 438 3208 rentur
463 3196 474 3212 ,
511 3182 578 3214 quae
600 3174 763 3202 canonicas
787 3172 1047 3212 InnoceniiPapae
1066 3179 1119 3211 pro
1137 3173 1207 3203 San·

336 3225 381 3256 270
396 3219 584 3264 chrysostomo
593 3218 758 3262 sanBiones
778 3219 968 3252 continebant
981 3244 992 3260 ,
1013 3224 1137 3264 joanni
1147 3231 1207 3252 con-

336 3274 436 3306 cilium
450 3273 597 3316 Judicum
621 3281 676 3307 non
691 3268 777 3310 ρνὶΐυ
803 3269 852 3312 effe
869 3267 1050 3311 subeundum
1069 3295 1079 3310 ‚
1116 3269 1205 3312 quam

338 3327 372 3354 in
392 3323 446 3353 loco
465 3323 497 3354 ἐν
518 3320 619 3354 throno
639 3318 694 3363 suo
713 3319 777 3362 effu
800 3318 948 3358 restitutus
968 3345 974 3350 .
1014 3320 1055 3353 Et
1075 3318 1207 3363 Joannis

1258 2974 1292 3005 (5
1317 2971 1394 3004 illud
1415 2969 1556 3013 aufisunt
1570 2971 1634 3013 'fine
1652 2979 1730 3005 omni
1748 2971 1852 3013 fronte
1872 2973 2020 3011 adjicere,
2049 2978 2133 3006 Arla-

1261 3033 1312 3054 nos
1335 3021 1411 3054 rene*
1427 3019 1556 3063 sentire.
1588 3021 1712 3055 Eodem
1733 3021 1833 3054 modo
1849 3021 1916 3064 post
1930 3022 2065 3065 ejectum
2075 3033 2134 3056 no-

1261 3072 1359 3104 strum
1386 3071 1579 3115 Gregorium
1602 3071 1675 3104 Rex
1697 3072 1860 3104 Henricus
1878 3072 1962 3106 dixit
1984 3072 2050 3115 jam
2070 3073 2135 3107 ces-

1262 3122 1327 3154 sare
1351 3120 1427 3154 odia
1445 3145 1456 3161 ‚
1495 3119 1722 3154 Guibertinam
1745 3122 1918 3155 faffionem
1942 3122 2004 3155 effe
2026 3133 2134 3157 veram

1265 3170 1435 3205 Ecclefiam
1449 3193 1458 3208 ,
1484 3171 1623 3213 ideoque
1644 3172 1775 3204 cunctos
1796 3170 1879 3213 justit
1893 3171 2136 3207 illicommuni-

1264 3233 1334 3255 care
1356 3246 1362 3253 .
1402 3220 1444 3254 Et
1464 3217 1529 3252 haec
1551 3221 1664 3253 onmia
1687 3219 1845 3254 VVecilo
1866 3221 2016 3265 probavit
2039 3232 2137 3264 atque

1265 3271 1411 3313 adjuvit.
1450 3268 1620 3304 Paulinum
1649 3270 1876 3304 Trevirensem
1900 3295 1910 3310 ‚
1949 3272 2135 3305 Luciferum

1268 3321 1515 3358 calaritanum,
1542 3319 1740 3363 Dionysium
1764 3320 2043 3355 Mediolanensem
2064 3343 2074 3358 ,
2100 3331 2136 3353 ac

338 3371 382 3406 de
404 3369 462 3403 hac
483 3382 514 3404 re
533 3369 774 3415 querimonias,
800 3370 834 3403 &
857 3369 1043 3405 Innocentii
1070 3382 1126 3415 pro
1139 3369 1207 3414 ipso
1271 3371 1447 3405 Eusebium
1464 3367 1703 3405 vercellensem
1717 3370 1936 3415 Episcopum,
1968 3369 2140 3412 quodistis

1208 3447 1217 3467 k

2002 3418 2091 3454 Con·
