2352 3756
926 122 1436 175 INDEX.

304 213 433 249 vehitur
447 215 479 248 in
494 212 677 254 fabulantes
685 223 832 256 tempore
843 210 1010 249 sacrificii.
1028 218 1102 256 195-
1116 218 1132 247 1

303 266 437 301 Missam
468 275 522 307 per
544 264 686 309 lingulas
710 263 910 306 Dominicas
937 259 1136 297 audiendam

304 315 420 352 tradit.
435 313 513 350 ibid.
527 324 556 347 2.
570 314 834 357 Impanationem
845 321 1016 356 expugnat
1030 333 1038 342 .
1059 309 1137 347 ibid.

305 365 472 405 Adversus
484 375 566 408 quos
577 363 735 408 scripserit
759 365 975 402 Sermonem,
1001 358 1059 404 qui
1082 359 1141 395 do-

305 426 358 450 cet
380 427 449 449 non
465 415 735 453 concionandum
760 412 801 448 ad
815 413 982 457 gratiam.
1015 410 1091 456 196-
1111 419 1138 445 1·

305 466 387 502 Post
409 475 549 500 mortem
575 464 744 504 benedixit
765 464 878 497 dicens
897 487 908 503 ‚
935 464 1007 494 Pax
1032 460 1139 494 vobis.

307 527 389 563 251.
406 515 628 555 1.0rdinatus
641 515 740 551 fuerat
752 514 770 549 a
784 509 981 556 Theophilo
1002 510 1140 546 Patriar-

308 565 371 600 cha
384 564 628 603 Alexandrino.
1028 557 1109 608 368·
1121 568 1142 592 2

258 614 436 654 Christus&
449 615 562 660 Magis
573 616 607 649 in
621 615 748 658 praesepi
761 613 932 650 adoratus,
949 622 1017 645 non
1031 619 1142 648 autem

309 666 395 699 intra
407 664 576 701 Bethleem
590 666 624 699 in
636 664 758 705 domo.
891 659 967 710 198.
990 673 1018 698 1.
1030 661 1063 694 ὅ(
1079 660 1141 701 seq.

258 714 385 755 Christi
399 715 540 753 Domini
551 715 666 749 merita
677 714 822 749 infinita.
1028 708 1108 756 296.
1125 720 1140 744 1

258 764 526 810 Chor-Episcopi
548 766 663 800 officio
691 763 793 799 hodie
814 762 964 806 fungitur
986 761 1144 799 Decanus

308 814 582 855 Christianitatis.
598 825 710 862 1301.
725 809 1004 854 Cher-Episcopis
1016 809 1143 844 conces-

308 865 342 899 sa
353 864 472 908 triplex
485 865 722 907 Episcoporurn
736 861 863 905 funstio
883 869 963 907 245.
983 871 1010 902 1,-
1035 856 1142 902 Chor-

313 914 497 958 Episcopus
509 914 644 954 inferior
656 912 821 955 Episcopo
833 935 841 942 .
1028 919 1107 955 245·
1123 920 1145 944 2

260 963 437 1004 Ciborium
460 961 667 1008 ingrediendi
686 961 895 1006 privilegium
919 959 1006 994 inter
1026 960 1146 1000 Laicos

310 1013 541 1058 soliAugusto
552 1012 698 1057 Principi
722 1012 809 1059 apud
833 1012 965 1054 Graecos
988 1009 1146 1045 concede-

309 1064 424 1103 batur,
1037 1069 1112 1106 104.
1125 1071 1147 1096 2

260 1112 482 1155 cisterciensis
488 1111 615 1146 ordinis
625 1110 723 1156 origo
733 1136 740 1143 .
769 1121 826 1159 90.
840 1122 870 1149 2.
886 1111 980 1147 Sitne
992 1110 1146 1145 Decima-

311 1173 386 1203 rum
395 1162 517 1206 capax?
529 1161 657 1209 91.r.Eju
663 1161 749 1195 sdem
760 1161 887 1196 ordinis
899 1161 1058 1196 sanctitas.
1068 1157 1149 1198 ibid.

261 1211 418 1255 Clemens
428 1212 490 1254 Vl.
503 1214 650 1256 quinque
661 1212 750 1246 rosas
761 1235 772 1252 ,
785 1211 952 1256 gentilitia
964 1211 1020 1246 sua
1031 1222 1120 1245 arma
1135 1234 1146 1251 ‚

310 1263 427 1307 Papali
440 1262 576 1307 plumbo
600 1261 736 1296 inseruit
746 1286 757 1302 ,
783 1270 901 1296 contra
923 1273 1051 1305 morem
1076 1262 1146 1294 suo-

309 1325 383 1353 rum
394 1313 645 1355 Antecessorum
657 1322 737 1356 231.
751 1323 783 1349 2.
796 1311 883 1357 Eum
896 1312 1007 1346 nullus
1029 1311 1148 1346 succes-

312 1364 366 1399 sor
377 1364 443 1405 fuit
454 1363 602 1398 imitatus
614 1389 622 1397 .
1070 1360 1148 1395 ibid.

262 1414 385 1451 Clerici
397 1412 573 1458 cujuslibet
595 1423 673 1448 cum
695 1411 839 1458 Ecclesia
864 1411 1029 1458 spirituale
1049 1420 1148 1455 atque

313 1463 484 1504 immobile
493 1462 686 1508 conjugium
698 1486 707 1496 .
1038 1471 1114 1508 127.
1130 1473 1146 1498 1

258 1513 381 1555 clerus
391 1514 502 1557 omnis
515 1514 655 1548 Latinus
665 1523 810 1562 tempore
820 1513 977 1560 Gregorii
992 1512 1069 1548 VlI.
1081 1512 1150 1547 bar-

312 1564 355 1599 ba
366 1565 454 1605 rasus
465 1590 473 1597 .
738 1563 741 1567 ’
1030 1571 1112 1612 334-
1127 1573 1148 1599 2

261 1614 461 1656 Caecilianus
487 1614 660 1649 Diaconos
685 1616 853 1649 accusatur
877 1639 897 1658 ,.
916 1613 1008 1661 quod
1029 1615 1147 1654 vietum

313 1662 520 1706 Martyribus
529 1664 645 1697 adferri
657 1663 693 1696 in
704 1675 830 1697 carcere
844 1663 1040 1707 prohiberet,
1052 1663 1121 1707 265
1129 1673 1149 1695 -1

262 1712 573 1753 Commendonius,
598 1711 674 1747 vide
689 1711 865 1755 Franciscus
873 1714 1124 1751 Commendamus
1138 1735 1145 1741 .

261 1759 473 1800 Communio
484 1761 664 1797 domestica
675 1762 883 1795 Tertulliani
899 1773 1048 1804 tempore
1069 1772 1148 1803 quo·

312 1812 438 1846 tidiana
452 1836 459 1843 .
491 1822 568 1858 ¹92·
587 1822 614 1846 1.
627 1812 722 1845 Facta
735 1812 751 1845 a
765 1811 880 1854 jejunis
891 1812 993 1845 etiam
1003 1820 1149 1852 tempore

312 1860 565 1904 Chrysostomi.
595 1872 675 1908 192·
691 1871 720 1896 1.
737 1872 811 1908 199.
829 1873 860 1901 2.
873 1860 1042 1905 Tempore
1065 1859 1146 1893 Ter-

313 1912 446 1945 tulliani
457 1912 541 1944 faeta
553 1912 587 1944 in
600 1912 667 1944 sola
679 1912 784 1954 specie
798 1911 910 1955 paniS.
1040 1920 1115 1955 192.
1130 1920 1146 1943 1

263 1959 458 1998 Concilium
472 1959 726 2002 ‹Ecumenicum
741 1960 775 1993 in
800 1959 1054 2003 degradatorum
1077 1959 1095 1991 ὲ.
1119 1960 1149 1991 se

289 2035 291 2038 .
314 2008 555 2052 Episcoporum
569 2009 665 2043 Sedes
677 2008 781 2051 potest
801 2010 961 2050 persuum
981 2008 1147 2042 Praefidem

315 2059 503 2101 consecrare
513 2059 612 2092 alios.
641 2057 794 2095 Immo&
816 2058 851 2091 in
871 2057 1037 2092 cathedras
1061 2056 1147 2100 apud

316 2110 350 2144 se
359 2108 574 2151 morientium
586 2135 593 2141 .
1036 2108 1079 2156 36
1086 2106 1114 2143 8.
1129 2119 1146 2143 1

266 2159 462 2195 Concilium
489 2159 638 2204 generale
658 2157 743 2200 apud
778 2156 894 2192 Sedem
921 2155 1147 2202 Apostolicarn

316 2209 451 2255 singulis
462 2210 557 2243 annis
569 2209 766 2245 tenendum.
795 2218 850 2254 39.
864 2219 891 2243 1.
904 2207 986 2241 Non
998 2208 1042 2242 est
1055 2209 1145 2252 supra

316 2259 518 2299 Pontificem
535 2283 541 2290 .
569 2257 625 2305 48.
643 2270 670 2294 1.
685 2258 848 2293 Generale
859 2258 1058 2292 Pontificem
1070 2259 1147 2302 legi-

317 2309 440 2344 timum
466 2308 610 2352 judicare
631 2319 728 2352 atque
751 2307 906 2342 damnare
931 2320 999 2342 non
1022 2309 1146 2351 potest.

318 2361 533 2403 Quamquam
543 2357 637 2403 poffit
648 2359 689 2393 de
701 2357 1008 2398 Pseudo-Pontifice
1022 2359 1147 2394 intruso

319 2420 433 2454 agere.
451 2406 454 2409 ’
1038 2418 1111 2456 323.
1126 2419 1148 2443 2

268 2460 576 2504 Conciliitempore
600 2470 707 2503 preces
728 2457 894 2495 instituere
914 2458 1047 2502 antiqua
1072 2470 1147 2493 con-

320 2510 458 2544 suetudo
471 2535 479 2542 .
1038 2516 1112 2557 147.
1130 2520 1142 2545 1

317 2559 408 2593 Vide
422 2560 581 2601 Pontifex.
1073 2559 1075 2562 “

267 2608 549 2651 Confeffariorum
564 2609 664 2647 nimia
683 2609 717 2647 in
731 2609 926 2653 poenitentes
939 2607 1145 2653 indulgentia

315 2668 445 2694 taxatur
466 2670 520 2706 75.
542 2672 573 2696 2.
598 2659 651 2701 76.
682 2670 711 2695 1.
735 2661 869 2695 Sanetus
891 2658 1147 2704 Chrysostomus

318 2708 381 2750 hac
392 2710 433 2744 de
445 2720 477 2743 re
487 2711 664 2746 accusatur.
1058 2720 1112 2758 75,
1124 2723 1146 2747 2

268 2759 441 2802 Confessio
453 2760 693 2795 sacramentalis
705 2759 853 2795 facienda
866 2759 1011 2802 probatis
1027 2760 1092 2796 vita
1112 2763 1144 2796 ὃ(

318 2810 465 2851 doctrina
475 2808 712 2845 Sacerdotibus.
726 2822 759 2848 21
763 2809 947 2857 5.1.2.Vide
956 2814 1143 2845 Paenitentia.

268 2859 484 2899 Consecratio
496 2861 657 2903 perficitur
668 2860 772 2901 verbis
784 2859 906 2895 Christi
918 2885 930 2902 ‚
956 2874 1025 2896 non
1049 2864 1143 2905 preci-

319 2910 378 2950 bus
391 2909 673 2956 subsequentibus.
926 2906 929 2909 ’
1027 2912 1109 2949 206.
1122 2926 1143 2950 2

269 2958 536 2999 Consecrationis
547 2972 610 2995 tem
618 2972 692 3004 pore
705 2961 789 2995 olim
801 2960 904 2995 stabat
914 2962 1056 3006 populus
1071 2972 1142 3011 195.

322 3022 349 3046 1.
362 3009 452 3044 Vide
466 3010 655 3051 Eucharlstia
670 3035 679 3051 ,
705 3011 885 3053 Sacrificium
896 3037 903 3044 .

267 3058 488 3094 Confistentes
498 3059 581 3094 olim
593 3061 765 3102 adfuerunt
789 3062 967 3103 sacrificio,
994 3065 1144 3105 quamvis

320 3121 389 3143 non
402 3111 681 3151 communicarent
694 3137 702 3144 .
1032 3123 1111 3158 252-
1124 3126 1140 3150 1

269 3158 660 3206 Constantinopolitanus
672 3161 852 3206 Episcopus
863 3173 931 3202 non
951 3163 996 3197 est
1019 3164 1142 3200 univer·

324 3210 413 3249 sall&
800 3210 802 3212 v
1035 3224 1049 3250 1
1079 3213 1109 3250 6
1122 3228 1142 3252 2

268 3256 510 3297 Constantinus
522 3258 833 3303 M.benedistionem
848 3224 1075 3301 sacerdotaleni
1090 3265 1139 3299 fle-

316 3311 368 3343 xis
376 3310 516 3355 genibus
526 3310 714 3353 expetebat.
743 3321 821 3357 240.
837 3324 863 3348 1.
898 3314 965 3347 Die
989 3314 1140 3349 Domini·

317 3372 362 3394 cae
374 3361 526 3403 paffionis
539 3386 549 3401 ,
570 3361 717 3405 &ipsum
731 3364 880 3406 sequente
903 3364 956 3398 die
980 3364 1118 3400 Veneris
1132 3390 1142 3406 ,

314 3411 418 3448 vetuit
430 3410 633 3447 Christianos
645 3412 788 3457 praelium
802 3414 1018 3450 committere.
1030 3417 1099 3464 336
1121 3428 1139 3452 2

1894 143 1899 147 ’
1912 146 1978 191 40
1989 144 2009 188 5

1248 207 1395 245 Plurima
1406 207 1557 243 Ec'clefiis
1569 215 1761 247 ornamenta
1775 211 1931 249 donavit.
1958 222 2032 250 120.
2047 214 2075 253 ἓ.

1251 257 1444 295 Antiochiae
1480 259 1734 310 pretiofiffirnam
1761 262 1930 300 Basilicam
1949 263 2081 298 aedifica-

1252 319 1301 342 vit
1316 334 1323 341 .
1971 323 2046 350 120·
2059 327 2080 351 2

1202 359 1453 397 Contritionem
1466 357 1531 392 fine
1540 357 1741 393 confeffione
1752 363 1997 401 &absolutionc
2020 366 2082 405 suf-

1252 410 1347 449 ficere
1372 408 1416 444 ad
1442 407 1661 451 remissionem
1686 408 1893 452 peccatorum
1912 439 1924 455 ,
1961 414 2082 452 doceor:

1252 458 1474 503 flagellantes
1488 484 1495 491 .
1968 462 2051 509 2⁴83,
2063 475 2082 502 1

1205 509 1355 546 comem
1367 508 1541 553 Pontificis
1552 508 1683 551 ennio.
1715 520 1794 558 273·
1808 521 1839 547 2.
1865 512 1954 547 Parit
1975 502 2084 549 varia's

1255 558 1432 594 discordias
1441 585 1448 592 .
1741 559 1743 566 ²
2007 561 2086 605 ibid,

1207 609 1382 644 Cornelius
1394 609 1552 644 Pontifex
1562 608 1697 651 electus,
1723 610 1862 646 Decreta
1874 621 1946 657 quae
1957 613 2085 648 fuerant

1256 661 1339 694 fasta
1352 670 1488 695 vacante
1509 659 1614 700 Sede,
1642 671 1710 695 non
1734 661 1865 696 tantum
1885 661 2082 703 confirmat,

1259 709 1312 744 sed
1323 710 1423 744 etiam
1436 708 1571 754 ampliat
1586 734 1594 751 .-
1980 723 2059 760 »²73-
2071 724 2086 748 1

1209 759 1337 802 Corpus
1349 759 1494 801 Christi,
1522 758 1612 804 quod
1626 768 1741 795 natum
1754 760 1804 794 est
1811 761 1852 795 de
1863 761 2007 806 Virgine
2019 786 2030 803 ‚
2054 761 2090 803 ὃς

1258 811 1390 855 sanguis
1401 808 1524 845 Christi
1536 832 1547 849 ‚
1557 810 1613 853 qui
1626 809 1668 845 de
1679 810 1747 854 ejus
1757 810 1856 846 latere
1867 811 1955 845 fusus
1966 811 2024 853 est,
2037 823 2093 846 ve-

1259 858 1292 894 re
1301 860 1334 894 &
1345 859 1472 905 proprie
1488 859 1534 895 est
1553 860 1589 894 in
1610 860 1725 895 altari.
1845 863 1990 907 149.1.&
2000 862 2084 906 seqq.

1210 909 1338 954 Corpus
1358 909 1482 945 Christi
1501 921 1544 944 an
1568 909 1736 956 frangatur
1757 910 1910 953 manibus
1933 912 2092 954 Sacerdo-

1261 969 1332 995 tum
1345 961 1363 993 ἓ
1535 991 1537 993 .
2013 960 2092 995 ibid.

1211 1008 1340 1054 Corpus
1350 1008 1476 1044 Christi
1489 1010 1525 1044 in
1538 1009 1741 1046 Eucharistia
1751 1035 1763 1053 ‚
1791 1010 1873 1045 fitne
1883 1010 1968 1045 illud
1982 1011 2091 1055 ‚quod

1259 1060 1302 1094 de
1311 1061 1455 1105 Virgine
1465 1070 1578 1096 natum
1589 1061 1659 1096 est?
1674 1070 1713 1107 15
1722 1071 1748 1100 1.
1765 1072 1792 1100 1.
1805 1061 1953 1108 Qidam
1967 1072 2091 1103 veteres

1259 1111 1462 1145 affirmarunt
1474 1135 1487 1152 ‚
1512 1111 1648 1156 quidam
1660 1121 1822 1156 negarunt
1845 1136 1852 1144 .
1881 1111 2034 1155 Uterque
2045 1111 2092 1146 lo-

1260 1160 1385 1204 quendi
1395 1161 1514 1205 modus
1524 1161 1587 1196 suis
1599 1162 1717 1196 nititur
1738 1160 1962 1197 fundamentis
1973 1186 1983 1201 ‚
2013 1162 2092 1195 fuit-

1261 1222 1325 1254 que
1337 1210 1528 1254 Augustino
1537 1211 1709 1255 familiaris
1720 1236 1728 1243 .
1759 1221 1834 1258 152.
1850 1224 1881 1249 2.
1895 1211 1996 1247 Reste
2009 1212 2094 1246 Gre-

1260 1260 1375 1305 gorius
1393 1259 1471 1302 VH.
1495 1260 1624 1301 voluit,
1649 1271 1685 1296 ut
1708 1261 1940 1304 affirmaremus
1953 1286 1966 1308 ,
1992 1262 2090 1305 idque

1260 1310 1464 1354 conformius
1475 1309 1516 1344 ad
1527 1311 1757 1355 Augustinum
1771 1337 1778 1344 .
1981 1323 2055 1359 153.
2069 1323 2092 1346 2

1212 1359 1467 1405 CorpusChristi
1479 1372 1521 1395 an
1531 1361 1627 1405 possit
1637 1361 1704 1396 dici
1717 1363 1828 1405 imago
1838 1361 1886 1395 sui
1895 1362 1999 1405 ipfius.
2012 1372 2044 1407 ¹5
2050 1373 2094 1398 2-1

1212 1411 1341 1455 Corpus
1355 1410 1478 1446 Christi
1489 1423 1558 1446 non
1570 1411 1616 1445 est
1626 1412 1754 1446 secessui
1767 1412 1967 1446 obnoxium.
2012 1410 2091 1445 ibid.

1212 1461 1340 1504 Corpus
1348 1461 1470 1496 Christi
1483 1463 1606 1505 peraeta
1616 1462 1803 1505 sumptione
1815 1462 1849 1495 in
1874 1463 2022 1496 sumente
2039 1462 2094 1496 de-

1261 1513 1354 1553 finit,
1380 1513 1414 1558 ἀ
1425 1511 1607 1548 accidentia
1622 1512 1759 1548 redeunt
1772 1512 1814 1546 ad
1835 1513 1926 1546 suam
1945 1511 2092 1546 substan-

1260 1563 1342 1605 tiam
1354 1587 1362 1596 .
1977 1571 2016 1607 15
2025 1572 2053 1609 ς.
2070 1573 2093 1597 2

1212 1612 1341 1657 Corpus
1351 1610 1473 1647 Christi
1489 1612 1545 1647 sub
1556 1612 1721 1656 speciebus
1734 1621 1932 1647 contentum
1943 1610 2010 1646 dici
2037 1623 2093 1655 po-

1259 1663 1320 1699 ,test
1334 1663 1448 1707 imago
1459 1663 1616 1707 Corporis
1627 1662 1771 1697 Christi.
1842 1661 1919 1698 168.
1935 1675 1965 1699 1.
1976 1672 2057 1700 200.
2077 1673 2092 1697 1

1212 1711 1343 1754 Corpus
1356 1711 1481 1746 Christi
1502 1711 1596 1754 juxta
1610 1714 1810 1758 Gregorium
1833 1711 2021 1755 Nyffenum
2047 1711 2096 1745 bis

1260 1759 1488 1802 immolatum,
1516 1763 1551 1794 δε
1565 1763 1727 1804 sepultum
1740 1788 1749 1794 .
1985 1760 2060 1798 182.
2079 1770 2094 1795 Ι

1212 1809 1339 1853 Corpus
1351 1808 1656 1851 Christiquomodo
1668 1812 1701 1844 in
1713 1810 1843 1853 diversis
1855 1811 1936 1845 locis
1948 1810 2099 1851 simules·

1260 1859 1291 1893 se
1302 1858 1505 1901 poffit?Opus
1515 1859 1560 1892 est
1571 1859 1704 1894 Divinae
1712 1861 1972 1903 omnipotentiae.
1988 1860 2097 1898 1822

1211 1909 1340 1951 Corpus
1361 1906 1484 1943 Christi
1505 1906 1687 1954 imaginem
1716 1922 1834 1944 vocant
1856 1909 2090 1946 Iconoclastae.

1263 1968 1341 1995 200-
1359 1970 1387 1993 1.
1401 1971 1431 1994 2.

1210 2008 1464 2051 CorpusChristi
1479 2011 1567 2051 posse
1575 2008 1640 2042 dici
1657 2010 1836 2052 imaginem
1852 2012 2099 2054 negantl’atres‚

1260 2058 1703 2103 quiadversusiconoclastas
1719 2060 1928 2102 scripserunt.
1980 2072 2059 2097 201.
2081 2073 2094 2097 1

1211 2107 1343 2151 Corpus
1366 2105 1491 2141 Christi
1505 2107 1614 2150 potuit
1624 2107 1717 2141 simul
1727 2110 1788 2142 este
1798 2111 1832 2142 in
1844 2110 1975 2144 diversis
1991 2112 2075 2146 locis
2085 2138 2092 2145 .

1262 2166 1342 2193 210·
1358 2168 1386 2195 1-

1211 2207 1342 2250 Corpus
1355 2206 1651 2252 Christisepulchri
1663 2206 1825 2251 lapidem,
1851 2210 1885 2243 &
1909 2209 2032 2244 clausas
2054 2211 2099 2253 ia-

1260 2269 1341 2292 nuas
1356 2260 1532 2300 penetravit
1547 2283 1553 2289 .
2017 2261 2096 2294 ibid.

1211 2308 1341 2350 Corpus
1354 2305 1476 2341 Christi
1488 2308 1680 2351 replicatum
1695 2308 1726 2341 in
1741 2305 1943 2345 Eucharistia
1959 2335 1966 2342 .
1979 2322 2057 2348 210-
2072 2322 2094 2347 2

1261 2359 1343 2392 Non
1356 2368 1465 2391 tamen
1477 2358 1621 2403 affigitur
1633 2383 1644 2400 ‚
1655 2358 1832 2393 includitur
1843 2384 1853 2400 ,
1880 2370 1936 2394 aut
1958 2362 2096 2395 circum-

1261 2407 1412 2442 scribitur
1429 2431 1437 2440 .
2012 2411 2094 2445 ibid.

1209 2457 1338 2501 Corpus
1351 2457 1471 2493 Christi
1482 2483 1494 2500 ‚
1512 2468 1621 2494 utrum
1633 2459 1666 2493 in
1677 2459 1794 2494 ultima
1806 2471 1902 2494 coena
1915 2462 2011 2495 fuerit
2027 2463 2095 2504 pas-

1259 2508 1374 2543 sibile?
1975 2521 2054 2547 211.
2073 2521 2088 2546 1

1210 2558 1357 2599 Cortinae
1367 2558 1519 2595 altarium
1530 2559 1757 2603 antiquissimae
1769 2584 1781 2602 ‚
1803 2561 1837 2595 ὃς
1849 2561 1883 2594 in
1895 2560 2036 2596 Ecclelia
2047 2573 2093 2596 re·

1258 2608 1400 2644 tinendae
1410 2635 1418 2642 .
1982 2622 2057 2658 195-
2072 2623 2090 2649 1

1207 2659 1346 2694 Cosmas
1359 2658 1550 2695 Monachus
1558 2660 1753 2704 paupertatis
1774 2660 1967 2696 Monasticae
1989 2663 2092 2696 etiam

1257 2710 1292 2743 in
1317 2709 1542 2747 patriarchatu
1561 2710 1856 2745 observantiffimus
1879 2734 1890 2751 ‚
1914 2710 2093 2756 prophetias

1256 2760 1348 2795 dono
1360 2761 1485 2801 darm,
1511 2762 1572 2803 &c-⁴
1983 2761 2091 2808 145.ss

1206 2811 1404 2846 Cunibertus
1418 2810 1678 2856 Bambergenlis‚
1706 2811 1896 2846 Romanum
1908 2811 2091 2846 Primatum

1255 2862 1380 2896 censuit
1391 2864 1454 2896 elic
1468 2861 1646 2897 humanam
1658 2861 1896 2906 usurpationem
1910 2887 1923 2904 ‚
1948 2873 2016 2897 non
2040 2863 2092 2896 in-

1256 2912 1408 2946 stitutum
1418 2910 1588 2946 divinum.
1975 2921 2051 2959 344.
2069 2922 2085 2947 1

1205 2962 1236 2997 S.
1248 2962 1411 3007 Cypriani
1424 2962 1541 2997 electio
1553 2964 1745 3008 impugnata
1754 2988 1761 2994 .
1794 2969 1870 3009 273.
1883 2973 1916 2997 2.
1929 2960 2086 3004 Ejusdem

1254 3012 1516 3048 mansuetudo&
1536 3013 1692 3047 exilium.
1720 3012 1800 3047 ibid.
1822 3011 1953 3059 Qibus
1976 3013 2011 3045 in
2033 3010 2088 3047 ab·

1255 3064 1360 3097 sentia
1384 3062 1584 3098 commiserit
1607 3065 1754 3108 regimen
1773 3061 1921 3096 Eccleliae
1943 3062 2001 3096 suae
2014 3086 2027 3103 ‚
2051 3062 2086 3096 &

1256 3113 1462 3148 difficultates
1473 3113 1550 3147 inde
1561 3124 1657 3148 ortae.
1682 3122 1762 3160 274.
1782 3123 1811 3147 1.
1831 3112 1958 3146 Novati
1972 3112 2085 3147 fastio-

1254 3175 1472 3198 nemornnem
1492 3164 1729 3199 communione
1751 3162 1876 3207 privat,
1902 3163 1936 3197 δε
1955 3161 2058 3208 gradu
2073 3187 2084 3202 ,

1252 3214 1407 3259 ejicitque
1418 3213 1621 3259 Carthagine
1631 3237 1639 3246 .
2005 3212 2084 3247 ibid.

1205 3265 1233 3305 S.
1245 3265 1416 3308 Cypriano
1428 3264 1511 3305 male
1522 3263 1713 3298 adscribitur
1727 3265 1830 3300 sermo
1839 3261 1882 3298 de
1901 3261 2084 3298 Cardinali·

1252 3314 1312 3349 bus
1324 3313 1445 3353 Christi
1458 3313 1611 3358 operibus
1622 3340 1629 3347 .
1971 3322 2046 3359 159.
2060 3318 2084 3346 2

1207 3366 1240 3400 S.
1249 3364 1369 3408 Cyrilli
1380 3363 1598 3401 Alexandrini
1609 3363 1650 3404 de
1662 3361 1863 3401 Eucharistia
1878 3362 1958 3398 fides
1969 3361 2083 3397 ortho-

1256 3414 1360 3451 doxa.
1968 3411 2044 3449 186.
2058 3420 2082 3452 1.

1925 3464 1955 3499 S·
1967 3462 2033 3508 Cy}
