2372 3756
440 124 540 166 226

360 198 532 244 'Episcopis
554 211 566 231 .-
605 196 759 240 Pontifices
781 223 792 239 ,
827 200 934 241 quibus
970 202 1118 244 allegandi
1146 205 1242 232 immi-

358 250 451 286 nebat
464 246 564 290 occafio
578 273 588 288 ‚
609 247 808 293 suggefferunt
818 248 912 293 ipsum
927 274 938 290 ‚
963 257 1013 293 qut
1024 251 1177 283 dicebatur
1188 256 1242 282 im-

355 305 472 341 petitus
500 297 622 342 debuisse
643 301 783 337 synodum
808 311 967 337 convocare
987 323 998 339 ‚
1018 299 1142 342 scientes
1168 307 1240 341 quia

356 351 424 389 eJ'us
439 349 508 382 sedi
522 354 655 390 primum
683 352 768 383 Petri
785 349 906 391 Apostoli
915 354 1054 382 meritum
1067 352 1119 382 vel
1128 352 1240 381 Princi-

354 406 472 440 patus,
499 400 765 441 deindejuffionem
791 401 912 432 Domini
918 397 1020 440 secuta
1047 400 1240 432 Conciliorum

350 450 596 482 venerandorum
628 449 790 482 auae‘loritas
814 472 825 488 ,
843 448 1021 491 fingularem
1045 453 1078 480 in
1104 448 1236 489 Ecclesr'is

357 500 488 532 tradidit
508 498 683 541 potestatem
707 522 718 537 ‚
744 508 796 531 nec
820 497 982 530 amedu‘tae
1007 499 1091 530 Sedls
1117 497 1236 537 Antisti-

354 556 415 582 tem
435 555 577 582 minorum
596 546 767 591 subjacuiffie
791 549 906 588 judicio
928 552 961 579 in
991 546 1180 589 propofitione
1200 547 1236 588 fi-

351 600 419 639 mili
432 623 443 640 ,
461 598 556 639 facile?
573 597 678 638 forma
699 604 824 640 antiqua
847 596 1016 637 testaretur.
1049 597 1081 630 A
1104 596 1231 640 quibus—

350 649 428 683 dam
440 647 620 682 Clericis&
638 647 749 682 Laicis
761 647 831 691 post
843 658 982 690 quatuor
1003 657 1169 681 annorum
1181 654 1232 691 pa-

349 700 482 733 cificum
494 698 727 742 Episcopatum
739 698 841 741 passus
854 698 915 730 fuit
927 696 1010 730 istud
1021 696 1125 739 ipsum
1137 698 1230 740 Sym·

347 749 505 790 machus,
532 748 622 792 quod
644 748 661 780 a
684 748 829 791 quinque
841 747 975 780 factiosis
986 745 1228 790 presbyteris&

346 800 496 834 universa
521 796 832 833 Pseudo-Diaconi
871 795 1057 830 Feliciffimi
1086 798 1228 837 factione

344 851 419 894 post
439 849 575 884 triennii
600 847 768 891 pacificam
795 846 901 880 sedem
928 847 1118 881 toleraverat
1144 848 1227 882 olim

343 901 479 935 Sanetus
490 899 693 942 Cyprianus.
724 897 876 940 Uterque
886 896 927 930 de
939 898 1034 931 variis
1055 897 1089 930 δε
1102 898 1225 931 εὶεᾶὶο-

341 951 396 984 nis
416 951 451 984 δε
473 948 764 983 administrationis
787 947 874 981 vitiis
896 946 959 981 fuit
971 949 1156 982 accusatus.
1184 948 1225 982 Et

340 999 438 1043 hujus
450 1001 483 1033 in
498 996 654 1033 thronum
668 998 863 1032 intruserunt
874 998 1095 1032 Fortunatam
1107 1023 1116 1038 ‚
1136 997 1225 1032 istius

339 1050 375 1084 in
404 1050 511 1084 sedem
533 1049 674 1083 seditiosi
712 1057 904 1082 revocarunt
934 1059 1094 1092 nuperum
1128 1049 1225 1082 Anti·

339 1098 463 1143 Papam
487 1098 702 1134 Laurentium
727 1124 737 1140 ,
764 1109 844 1132 tunc
874 1098 1077 1142 Episcopum
1113 1098 1222 1132 Nuce-

336 1152 478 1185 sinum.
508 1151 602 1184 Hinc
636 1149 757 1183 fa&um
788 1148 834 1182 est
867 1146 958 1192 quod
989 1148 1099 1182 scribit
1133 1147 1222 1182 Ana-

335 1200 448 1234 stafius
459 1197 758 1235 Bibliothecarius:
783 1201 829 1231 Et
842 1197 982 1240 fecerunt
1001 1197 1148 1242 schisma.
1176 1201 1222 1231 Et

335 1250 454 1295 divisus
481 1251 519 1291 est
550 1250 658 1284 iterum
690 1251 797 1282 clerus
824 1273 831 1280 .
859 1253 946 1282 Nam
979 1250 1034 1282 alii
1069 1254 1221 1282 commum·-

332 1311 481 1339 paverunt
502 1299 668 1340 symmacho
681 1324 692 1339 ‚
717 1301 752 1333 ὁ·
775 1300 830 1331 alu
854 1302 1018 1332 Laurentio
1039 1322 1046 1329 .
1073 1299 1168 1332 Hinc
1202 1297 1219 1331 a

331 1351 431 1385 Festo
454 1352 488 1385 &
510 1351 658 1384 Probino
689 1349 849 1394 persuasus
877 1349 951 1382 Rex
976 1371 988 1388 ,
1016 1359 1083 1391 quo
1106 1347 1218 1381 urbem

330 1403 468 1435 :servaret
490 1402 507 1435 a
532 1400 632 1435 turbis
653 1401 687 1434 δι
707 1397 943 1436 seditionibus,
971 1397 1092 1431 indixit
1115 1397 1217 1432 totius

329 1451 433 1485 Italiae
455 1449 648 1493 Synodum‚
677 1459 852 1491 utrumque
873 1444 1038 1491 suspendit
1062 1448 1215 1492 usquead

327 1500 540 1537 definitivum
559 1500 600 1533 ab
628 1499 683 1533 illa
705 1497 866 1541 judicium
888 1521 899 1538 ,
925 1508 963 1532 ac
997 1497 1128 1532 interim
1155 1498 1214 1532 Pe-

324 1560 416 1592 trum
430 1549 583 1584 Altinum
611 1549 810 1593 Episcopum
824 1548 914 1582 dedit
928 1547 1087 1582 Romana:
1102 1548 1214 1582 Eccle-

324 1599 621 1635 fiaeVifitatot-em.
650 1601 769 1634 Facere
781 1597 961 1633 secredidit
975 1595 1059 1632 istud
1085 1597 1212 1641 ipsum,

322 1650 417 1695 quod
441 1651 475 1684 in
497 1649 661 1685 Bonifacii
675 1652 709 1685 &
730 1648 855 1683 Eulalii
876 1648 968 1683 causa
981 1648 1096 1682 fecerat
1107 1649 1210 1692 Impe-

324 1712 415 1743 rator
437 1701 613 1735 Honorius
635 1726 642 1733 .
670 1700 798 1735 Verum
834 1697 1052 1733 intercedebat
1081 1698 1207 1742 largum

324 1751 522 1790 discrimen.
552 1750 716 1785 Bonifacii
739 1747 1092 1787 hesterna&turbida‚
1118 1748 1209 1792 Sym-

324 1801 438 1836 machi
461 1801 576 1835 eleecio
595 1801 661 1844 jam
683 1810 738 1844 per
761 1810 901 1843 quatuor
922 1810 1028 1833 annos
1047 1809 1113 1833 erat
1126 1799 1207 1842 paci·

324 1852 386 1893 fica
410 1877 420 1893 ,
447 1852 612 1895 ipsumque
636 1852 670 1885 &
692 1852 888 1885 Laurentius
910 1859 1090 1894 agnoverat
1114 1872 1124 1889 ,
1141 1849 1207 1882 ‘mi-

323 1901 506 1944 :sericordiae
530 1901 651 1935 intuitu
678 1901 818 1935 donatus
838 1901 871 1934 &
885 1910 1061 1933 contentus
1076 1899 1206 1942 Episco-

323 1963 401 1997 patu
430 1953 618 1987 Nucerino.
646 1953 739 1985 Hinc
764 1961 839 1990 ante
863 1949 1029 1992 Synodale
1048 1949 1204 1993 judicium

324 2001 478 2041 extrudi,
505 2001 674 2045 suspendi,
701 2002 830 2044 spoliari
844 2012 910 2035 non
924 2000 1206 2043 poteratSymma-

323 2052 431 2093 chusg
457 2053 654 2087 Bonifacius
672 2051 690 2085 a
717 2051 1066 2094 posseffionisingreffu
1080 2060 1204 2094 poterat

322 2103 497 2147 impediri.
529 2104 610 2136 Item
633 2105 687 2145 per
699 2101 937 2135 contentiosam
956 2099 1135 2134 &dubiam
1146 2099 1205 2134 ele-

324 2154 468 2188 ssionem
493 2162 627 2185 nutante
651 2152 827 2186 Bonifacio
854 2149 1027 2184 Honorius
1059 2158 1205 2193 poterat,

322 2214 381 2247 per
391 2201 599 2246 quadriennii
624 2202 797 2246 pacificum
812 2201 1044 2244 Episcopatum
1066 2200 1156 2234 firma
1169 2211 1206 2234 ac

324 2265 412 2288 certa
438 2250 627 2293 Symmachi
651 2250 722 2285 sede
745 2249 979 2285 Theodericus
1003 2262 1071 2283 non
1085 2259 1207 2294 poterat

323 2313 509 2338 convocare
522 2301 714 2344 Synodum,
742 2301 792 2335 sed
819 2300 926 2334 lucide
938 2300 972 2334 id
998 2300 1155 2344 spectabat
1168 2301 1206 2334 ad

325 2355 431 2398 ipsum
449 2351 668 2386 Pontificem.
697 2350 829 2385 Deinde
839 2361 1020 2385 convocata
1032 2362 1098 2384 erat
1112 2351 1209 2384 solius

325 2404 428 2438 ltaliae
455 2403 630 2444 Synodus,
657 2401 695 2434 de
721 2413 783 2445 qua
798 2400 838 2434 ad
851 2399 1024 2435 secundam
1040 2402 1127 2434 suam
1142 2401 1210 2434 Ro-

326 2464 460 2489 manam
471 2453 556 2486 dixit
568 2452 660 2486 Felix
675 2451 761 2495 Papa
777 2451 900 2484 tertius:
912 2453 1038 2493 ,Quoties
1050 2456 1136 2483 intra
1150 2454 1213 2482 Ita-

325 2507 400 2540 liam
411 2512 532 2546 propter
544 2499 753 2547 Ecclesiasticas
764 2499 870 2544 causas
889 2502 1062 2544 colliguntur
1089 2503 1210 2532 Domini

326 2557 497 2589 Sacerdotes
509 2579 520 2595 ,
547 2551 719 2595 consuetudo
730 2558 875 2585 retinetur
888 2575 898 2591 ‚
924 2558 957 2583 ut
980 2550 1115 2592 ,succeffiir
1128 2552 1209 2582 Prae-

323 2604 425 2650 sulum
450 2603 614 2646 Apostolicae
633 2604 717 2636 Sedis
740 2615 778 2635 ex
798 2599 926 2645 persona
937 2601 1104 2633 cancrorum
1120 2606 1208 2632 totius

328 2657 426 2689 Italiae
449 2655 634 2687 sacerdotum
655 2653 761 2686 cundia
786 2651 939 2693 constituat
962 2675 972 2690 ,
999 2657 1049 2693 qui
1072 2658 1160 2692 caput
1169 2649 1206 2689 est

330 2712 478 2739 omnium.
506 2704 678 2749 quuid
704 2704 738 2736 fit
764 2703 804 2736 de
828 2702 1000 2736 universali
1026 2701 1129 2734 totius
1149 2700 1206 2733 Ec·

330 2756 431 2789 clefiae
461 2755 596 2796 synodo
617 2779 627 2794 ‚
655 2754 801 2787 Italicam
825 2751 1119 2795 Synodumpleno
1140 2750 1206 2793 jure

330 2805 452 2838 subeffe
466 2804 643 2842 Pontifici,
667 2816 703 2837 ac
715 2804 778 2836 fine
789 2803 858 2845 ipso
869 2813 923 2835 aur
939 2800 1090 2835 adversus
1104 2800 1205 2843 ipsum

330 2854 417 2890 nihil
441 2854 568 2897 penitus
591 2855 700 2895 posse,
726 2853 772 2887 est
797 2853 895 2895 longe
917 2852 1148 2891 certissimum,
1174 2850 1207 2883 &

330 2903 442 2939 nullus
464 2914 620 2945 umquam
644 2903 685 2936 de
714 2902 777 2936 hoc
811 2901 965 2936 haefitavit
987 2927 993 2933 .
1022 2901 1065 2934 Et
1085 2901 1121 2934 in
1144 2899 1208 2933 haec

331 2956 443 2990 omnia
472 2953 587 2986 Petrus
609 2951 746 2986 Altinus
760 2951 938 2994 Episcopus
950 2950 1120 2985 manifeste
1131 2950 1207 2984 deli-

331 3006 420 3050 quit.
450 3004 542 3038 Fecit
562 3002 647 3035 istud
671 3002 773 3044 ipsum
792 3001 1015 3044 Symmacho,
1041 2998 1130 3044 quod
1141 3001 1207 3034 No-

332 3066 425 3089 vatus
436 3055 553 3088 fecerat
566 3053 681 3086 saneto
693 3052 880 3094 Cypriano.
912 3053 1006 3084 Hinc
1020 3062 1086 3094 non
1099 3061 1222 3094 quam-.

334 3106 383 3139 vis
406 3105 566 3137 Romanae
592 3103 759 3140 Ecclefiae,
790 3102 840 3135 sed
863 3101 949 3135 hanc
969 3102 1036 3144 ejus
1050 3101 1151 3135 solam
1164 3088 1222 3164 νὺ,

334 3155 521 3189 strationem
544 3152 606 3186 effe
628 3162 742 3186 contra
756 3152 933 3191 Canones,
959 3151 1072 3194 &ejus
1083 3152 1209 3194 usurpa·

334 3213 440 3238 tore-„n
467 3205 664 3246 Episcopum
685 3202 747 3236 esse
771 3201 968 3244 Apostolicae
980 3201 1209 3235 Sedisinvaso-

333 3265 424 3290 κω,
451 3254 627 3287 τεέὲέτάἰκίῑ
644 3251 827 3286 Anastasius
852 3250 1150 3294 Bibliothecarius,
1177 3251 1209 3285 ἀ

336 3302 468 3336 Petrum
490 3314 655 3344 tamquam
676 3303 774 3340 talem
799 3302 918 3336 merito
946 3301 1075 3336 laudata
1108 3302 1212 3344 Syno-

337 3351 398 3391 dns
420 3354 607 3394 degradavit
627 3377 633 3384 .
661 3353 790 3395 Septem
811 3350 1002 3385 Cardinales
1034 3327 1230 3394 Episcoposl

335 3402 399 3445 effe
412 3399 572 3436 Romanae
584 3403 731 3444 Ecclefiae
743 3401 937 3437 Vifitatores
958 3411 1053 3437 natos
1074 3384 1232 3499 omnino}

729 114 772 162 S.
809 109 1125 162 GREGORH
1160 129 1403 163 ςεΡτῑΜῙ
1440 120 1814 168 Postume-18

1302 199 1453 234 existimo
1469 226 1476 232 .
1506 200 1632 235 Verum
1653 200 1742 244 quod
1769 203 1897 246 papatis
1908 206 2023 242 electio
2034 207 2074 242 fit
2085 205 2119 242 in
2132 206 2178 252 ip-

1303 251 1410 283 sorum
1423 251 1593 292 praeserrim
1619 251 1792 294 manibus,
1818 254 1853 287 in
1865 257 2071 298 quavisrcirca
2084 258 2176 293 illam

1301 298 1462 334 discordia
1480 301 1535 334 vix
1548 301 1667 343 poffint
1679 312 1747 335 non
1768 303 1832 337 esse
1857 304 2010 348 suspecti,
2034 308 2176 352 ideoque

1301 348 1400 382 alium
1422 358 1502 384 tunc
1523 350 1733 386 Vifiratorem
1766 352 1913 388 dandum
1935 353 2118 396 judicarunt
2140 358 2175 392 &

1299 398 1471 434 Honorius
1496 401 1530 434 δε
1552 400 1805 436 Theodericus.
1833 402 1923 443 Nam
1945 404 2174 442 fimiliexeau-

1301 448 1331 482 sa
1344 448 1518 484 Malchum
1536 450 1741 495 'Episcopum
1763 452 1804 486 ad
1816 452 2013 490 Salonitanae
2026 453 2173 492 Ecclefiae

1298 498 1518 534 visitationem
1542 500 1719 536 declaravit
1744 502 1925 538 inhabilem
1936 505 2082 549 Magnus
2094 506 2175 541 Gre-

1296 548 1407 593 gorius
1420 574 1427 581 .
1455 550 1608 585 Praeterea
1623 564 1665 586 an
1678 551 1736 585 ista
1748 551 1975 588 Cardinalium
1998 555 2172 599 Episcopo-

1294 608 1366 632 rum
1376 600 1514 643 potestas
1525 601 1562 635 fit
1572 601 1654 636 adeo
1664 603 1799 645 antiqua
1810 626 1822 643 ,
1834 614 1901 637 non
1916 605 2010 648 plene
2021 606 2150 640 constat
2160 631 2169 639 .

1343 649 1489 696 Qaestio
1512 650 1639 686 decima
1659 652 1705 687 est
1722 677 1734 693 ,
1759 653 1904 698 Qando
1928 656 2172 691 ceffarintvifi-

1293 708 1432 740 ratores,
1459 701 1494 735 δε
1520 702 1655 745 quando
1678 713 1830 737 vacantes
1846 703 1991 738 Ecclefiae
2011 705 2170 748 coeperint

1294 760 1349 792 per
1358 750 1463 785 solum
1477 751 1667 795 Capitulum
1678 764 1734 787 aut
1748 753 1817 796 ejus
1835 753 2009 789 Vicarium
2032 755 2170 790 admini-

1292 798 1379 834 strari
1402 801 1419 832 ,ἲ
1447 801 1644 845 Respondeo
1676 803 1752 836 illos
1773 803 1813 836 ad
1835 803 1949 849 Regiae
1971 806 2170 840 nominatio-

1292 851 1342 883 nis
1366 852 1540 895 ingressum
1560 853 1690 896 coepifl‘e
1714 853 1852 889 deficere
1871 878 1878 885 .
1910 854 2060 890 Palmare
2078 856 2169 889 enim

1292 899 1434 942 ipsorum
1448 902 1596 937 officium
1607 928 1618 943 ,
1644 902 1762 947 nempe
1777 904 1854 937 novi
1867 904 2018 949 Episcopi
2038 905 2169 940 electio-

1291 959 1365 983 nem
1379 951 1540 995 dirigere,
1566 964 1622 996 per
1632 953 1754 997 Regias
1783 954 2030 989 nominationes
2041 957 2103 989 fuit
2116 966 2169 998 pe-'

1291 1002 1377 1033 nitus
1399 1010 1593 1035 evacuatum
1607 1026 1615 1034 .
1641 1001 1685 1035 Et
1705 1002 1783 1037 hinc
1806 998 1951 1038 vacantis
1979 1005 2167 1039 Faventinae

1291 1050 1438 1084 Ecclesiae
1448 1050 1604 1094 Capitulo
1613 1052 1743 1086 Sanctus
1750 1051 1865 1088 Petrus
1875 1055 2032 1088 Damiani
2041 1055 2167 1090 obtulit

2191 432 2349 466 L.1.indi6t.

2191 483 2237 505 u.
2249 476 2348 513 Epa-2.

1288 1101 1493 1143 semetipsum
1516 1101 1550 1133 in
1578 1100 1808 1136 Vifitatorem.
1838 1103 1942 1152 Qod
1966 1104 2081 1148 nempe
2094 1105 2166 1139 Me-

1287 1152 1448 1193 tropolitae
1471 1151 1581 1185 nullos
1604 1161 1685 1186 tunc
1711 1152 1946 1186 constituerent
1968 1167 1986 1185 .’
2003 1155 2047 1188 Et
2084 1154 2165 1188 hinc

1285 1201 1369 1242 ipsos
1392 1201 1456 1234 una
1484 1212 1561 1234 cum
1586 1201 1767 1235 Canonicis
1789 1202 2000 1236 electionibus
2025 1214 2165 1247 reparare

1285 1250 1468 1294 Gregorius
1490 1250 1599 1284 noster
1624 1253 1669 1286 est
1691 1263 1846 1286 conatus.
1866 1251 1993 1287 Verum
2017 1265 2066 1288 res
2093 1265 2163 1288 non

1285 1299 1447 1334 succeffie.
1475 1300 1615 1334 Etenim
1636 1302 1668 1334 in
1696 1303 1795 1335 variis
1821 1302 2001 1336 Alexandri
2021 1304 2108 1338 tertii
2125 1315 2163 1342 ao

1283 1349 1470 1384 innocentii
1484 1349 1571 1384 tertii
1586 1350 1626 1384 de
1638 1351 1833 1384 electionum
1847 1352 1950 1386 forma
1971 1351 2115 1395 Synodis
2123 1365 2162 1388 ac

1283 1399 1431 1433 Decretis
1457 1399 1580 1434 nullam
1608 1399 1764 1435 habemus
1789 1403 1983 1436 memoriam
2009 1402 2164 1437 Vifitato-

1280 1460 1351 1484 rum
1367 1474 1374 1482 .
1398 1449 1508 1483 Immo
1520 1450 1625 1484 necin
1640 1451 1788 1484 Decretis
1811 1450 1945 1486 Urbani
1961 1453 2092 1487 secundi
2103 1463 2161 1488 aut

1281 1500 1411 1534 secundi
1439 1498 1624 1541 paschalis,
1653 1501 1709 1544 qui
1731 1500 1844 1535 nostro
1865 1503 2030 1547 Gregorio
2051 1503 2161 1546 proxi·

1278 1550 1330 1584 me
1340 1551 1555 1585 successerunt
1569 1575 1576 1582 .
1606 1550 1741 1585 Interim
1755 1562 1823 1585 non
1837 1552 1931 1586 fuiss'e
1950 1551 2045 1596 plene
2056 1552 2158 1587 aboli-

1277 1611 1328 1635 tos
1343 1600 1440 1635 docet
1467 1599 1658 1635 Bonifacius
1681 1603 1834 1642 ostavus,
1859 1602 2001 1636 statuens
2011 1603 2157 1637 defunffl

1276 1662 1331 1685 aut
1345 1650 1467 1694 captivi
1481 1651 1635 1694 Episcopi
1650 1651 1828 1686 Ecclesiam
1841 1676 1851 1692 ,
1878 1664 1947 1686 non
1960 1664 2014 1696 per
2033 1652 2158 1687 Metro·

1276 1701 1413 1744 politam
1433 1725 1444 1741 ,
1469 1701 1522 1735 sed
1549 1701 1841 1736 administrandam
1867 1713 1921 1745 per
1942 1702 2157 1746 Capitulum,

1274 1760 1372 1795 atque
1410 1750 1592 1795 adjungens
1617 1764 1626 1784 ε
1652 1751 1787 1792 Ecclefiae
1824 1752 2001 1785 cathedrali
2030 1758 2158 1786 vacanti
2176 1746 2336 1780 L.¹.tit.8.'

1273 1799 1409 1842 Vifitator
1424 1800 1462 1834 ab
1472 1803 1530 1833 allo
1541 1825 1551 1841 ‚
1576 1803 1666 1844 qutim
1680 1804 1700 1833 ἃ
1710 1805 1839 1834 Romano
1853 1802 1995 1844 Pontifice
2013 1803 2158 1844 deputari
2175 1795 2272 1825 ⁰3⁶4·

1273 1863 1331 1884 non
1336 1850 1442 1893 potest.
1471 1850 1543 1893 Nisi
1558 1850 1637 1891 fort&
1660 1853 1832 1893 Capitulum
1865 1857 1897 1885 in
1903 1850 2158 1895 spiritualibus&

1273 1902 1483 1944 temporalibus
1500 1901 1679 1945 negligenter
1701 1910 1756 1935 aut
1777 1910 1933 1943 perperam
1941 1901 2153 1941 administrat.

1272 1955 1355 1985 Tunc
1379 1957 1458 1985 enim
1478 1950 1710 1995 Arcbiepiscopus
1730 1951 1765 1984 ob
1798 1953 2007 1995 negligentiam
2029 1952 2080 1985 vel
2089 1964 2156 1986 ma-

1270 2003 1368 2035 litiam
1380 2002 1514 2044 Capituli
1532 2013 1564 2035 eo
1585 2011 1687 2035 vocato
1706 1999 1857 2044 causaeque
1873 1999 1963 2044 super
1988 2000 2039 2034 boc
2057 2007 2154 2045 cogni·

1272 2057 1350 2085 tione
1362 2052 1512 2095 praemiffa
1530 2076 1539 2091 ‚
1566 2050 1750 2093 Vifitatorem
1757 2050 1811 2093 seu
1831 2050 2105 2091 Admtmstratorem
2114 2058 2154 2085 ei·

1272 2103 1338 2135 dem
1350 2101 1484 2142 Ecclefiae
1498 2101 1578 2134 licite
1589 2106 1699 2143 poterit
1710 2103 1856 2141 deputare
1867 2124 1874 2132 .
1899 2099 2076 2143 Hujufmodi
2083 2112 2154 2143 quo-

1272 2163 1325 2194 que
1346 2155 1482 2185 Vmator
1499 2174 1510 2191 ,
1538 2162 1720 2193 quamquam
1736 2149 1944 2194 spiritualium
1966 2152 2154 2193 &tempora-

1272 2203 1343 2235 lium
1365 2200 1648 2242 administrationem
1673 2203 1834 2244 legitimam
1855 2199 2007 2243 censeatur
2017 2200 2126 2235 habere
2140 2227 2154 2245 ‚

1272 2250 1411 2293 beneficia
1425 2261 1524 2283 tamen
1537 2275 1547 2290 ‚
1573 2262 1641 2292 quae
1653 2253 1697 2283 ad
1704 2252 1884 2283 collationem
1904 2258 2059 2291 pertinent
2072 2254 2154 2293 Epi·

1267 2301 1367 2345 scopi,
1393 2300 1524 2342 conferre
1537 2312 1594 2332 non
1603 2299 1695 2341 potest
1704 2323 1715 2339 ‚
1730 2298 1800 2339 siah
1811 2301 1868 2331 alto
1878 2301 1969 2342 quam
1983 2301 2004 2331 ἆ
2017 2304 2152 2335 Romano

1274 2351 1515 2393 Pontificefuerit
1524 2351 1681 2391 deputatus
1694 2375 1701 2381 .
1730 2350 1774 2383 Et
1786 2347 1851 2383 hoc
1863 2349 1997 2393 quidem
2019 2350 2063 2384 est
2092 2350 2153 2385 Ec·

1272 2403 1371 2434 clefiae
1389 2400 1598 2434 noviffimum
1631 2400 1671 2433 de
1695 2398 1924 2433 Visitatoribus
1951 2400 2147 2436 Decretum.

1272 2453 1366 2486 Licet
1391 2451 1467 2484 illos
1488 2461 1563 2484 cum
1592 2448 1923 2484 Administratoribus
1949 2449 2151 2485 confundere

1272 2502 1418 2536 videatur
1443 2500 1634 2535 Bonifacius
1656 2525 1666 2540 ‚
1693 2500 1795 2533 multa
1818 2510 1927 2534 tamen
1955 2500 2039 2534 inter
2061 2500 2150 2545 ipsos

1271 2552 1314 2586 est
1327 2551 1532 2591 differentia,
1558 2551 1617 2584 suo
1645 2550 1719 2583 loco
1730 2549 1944 2593 exponenda.
1973 2559 1983 2569 ·
2006 2575 2010 2580 .
2142 2561 2145 2567 ²

1322 2600 1402 2635 Non
1428 2600 1535 2635 solum
1554 2600 1573 2633 a
1595 2601 1743 2645 Regibus
1769 2601 1918 2635 invasum
1951 2599 2147 2634 nominandi

1270 2653 1339 2695 jus,
1367 2650 1419 2684 sed
1443 2652 1476 2685 δε
1496 2650 1650 2684 facienda:
1672 2651 1840 2685 electionis
1860 2649 2033 2693 petendam
2048 2649 2148 2693 abip-

1258 2704 1309 2736 «fis
1322 2702 1490 2736 licentiam
1514 2702 1645 2744 praesens
1669 2701 1787 2735 Canon
1799 2699 1907 2734 abolet
1920 2699 1954 2732 ἀ
1966 2698 2150 2733 circumdu-

1270 2754 1314 2787 cit
1340 2777 1346 2783 .
1374 2751 1529 2796 Eligendi
1558 2751 1726 2784 licentiam
1751 2749 1884 2783 mandat
1906 2748 1924 2782 ὲ
1945 2747 2031 2792 Papa
2058 2751 2148 2792 peti,

1271 2803 1321 2837 vel
1341 2801 1360 2835 a
1386 2800 1618 2842 Metropolita.
1651 2800 1716 2835 Uti
1727 2799 1816 2833 enim
1829 2798 2047 2843 quorumdam
2068 2797 2149 2833 Pro·

1270 2851 1462 2886 vincialium
1485 2851 1722 2894 Episcopomm
1744 2850 1955 2883 confirmatio
1978 2849 2012 2882 ὅ(
2035 2846 2148 2883 conse-

1269 2904 1372 2938 cratio
1397 2902 1437 2936 ad
1463 2901 1572 2941 hunc,
1599 2899 1815 2943 quorumdam
1837 2899 1877 2932 ad
1904 2898 2000 2932 istum
2027 2899 2148 2943 spestat

1271 2964 1324 2996 pet
1347 2954 1520 2989 Canonem
1542 2961 1598 2984 aut
1622 2949 1894 2984 consuetudinem
1916 2971 1927 2987 ,
1955 2948 1999 2982 ita
2024 2949 2059 2981 δε
2084 2949 2144 2983 ‹lo-¹

1270 3003 1376 3037 nanda
1387 3001 1528 3046 eligendi
1542 3000 1679 3034 facultas
1689 3024 1697 3031 .
1723 3000 1961 3042 Episcoporum
1973 2998 2147 3032 electiones

1270 3053 1310 3087 ab
1332 3044 1427 3087 omn'i
1448 3052 1547 3084 Laica
1563 3051 1721 3083 'servitute
1742 3048 1963 3092 emancipatas
1973 3049 2078 3082 voluit
2089 3058 2147 3092 op-

1271 3105 1367 3137 timus
1393 3101 1570 3139 Pontifex,
1596 3111 1634 3133 ac
1656 3098 1749 3143 plene
1774 3099 1912 3134 redditas
1937 3097 2031 3132 avitae
2053 3096 2146 3132 liber·
2161 3110 2176 3127 ο

1271 3154 1350 3188 tati.
1374 3152 1447 3186 Nec
1457 3151 1522 3184 fi'ne
1533 3148 1770 3183 fundamento.
1798 3148 2003 3200 Qodenim
2030 3148 2146 3190 quaevis

1269 3204 1372 3238 Laica
1397 3202 1431 3236 in
1460 3200 1657 3235 Antistitum
1682 3199 1856 3233 electiones
1889 3198 2047 3236 violentia
2069 3222 2081 3238 ,
2105 3208 2145 3232 ac

1272 3251 1441 3297 praesertim
1463 3250 1571 3294 Regia
1593 3251 1737 3293 ipsorum
1757 3249 1965 3287 nominatio,
1990 3246 2145 3280 &Ecclo

1271 3303 1347 3337 siam
1359 3299 1643 3344 &Rempublicam
1666 3298 1814 3333 involvat
1827 3297 1973 3342 plurimis
1982 3297 2015 3329 &
2027 3297 2145 3340 gravis-

1273 3347 1357 3387 simis
1378 3350 1556 3394 disciplinae
1576 3350 1723 3383 sordibus
1748 3348 1938 3384 ac'damnis
1961 3370 1972 3386 ‚
1997 3346 2063 3388 jam
2083 3346 2144 3380 fre·

1274 3412 1411 3447 quentet
1422 3401 1583 3436 ostensum
1594 3399 1639 3435 est
1651 3423 1663 3446 2
1684 3401 1718 3439 ὅς
1731 3397 1841 3439 videre
1850 3395 1946 3442 poffis
1956 3395 2042 3452 apud
2056 3396 2145 3430 Mar*

2000 3454 2111 3486 unum
