2372 3756
66 2550 149 2589 Epist·
170 2554 198 2581 8.

61 2742 146 2781 Epist.
168 2752 213 2772 τι.

61 2819 148 2860 Epist.
171 2826 198 2851 1:

611 158 887 205 QUARTUM
923 138 1229 190 Romnum
1266 131 1646 189 CXONcimtJM.

240 232 272 265 τὶ
291 228 386 263 uoluit
405 238 542 264 revocare
561 230 716 269 Acacium,
743 232 777 265 ei·
800 241 859 264 non
874 233 993 274 potuit.
1023 224 1108 261 Aca-

237 281 310 315 cius
330 279 387 313 ille
406 281 470 314 fuit
496 279 882 324 Constantinopolitanus
905 277 1083 321 Episcopus
1098 300 1109 317 ,

236 330 285 364 ob
304 329 616 365 contumacissimam
639 331 674 364 in
687 331 839 365 Romana
849 327 1108 375 excommunica-

223 381 332 415 ·tione
351 379 635 415 insordescentiam
655 382 765 416 audior
785 377 962 413 schismatis
973 376 1109 410 Acacia·

238 430 276 464 ni
290 455 296 461 .
323 429 377 463 Ex
400 429 458 464 ista
477 431 551 464 faeti
575 431 677 474 specie
698 430 816 463 Benno
840 426 910 461 vult
919 437 1109 460 excommu-

239 479 417 514 nicationis
428 481 620 525 contagium
630 480 691 514 esse
700 478 784 511 adeo
794 478 910 512 efficax
922 488 959 511 ac
972 477 1110 510 inevita-

240 530 307 564 bile
317 552 328 569 ,
354 538 392 562 ut
401 529 442 563 ab
455 530 464 563 i
467 531 523 574 pso
535 532 703 565 Romanus
714 527 872 573 Pontifex
884 538 944 561 nec
955 526 1039 561 alios
1050 537 1109 560 nec

239 578 443 623 semetipsum
460 580 565 614 valeat
575 580 716 613 eximere
727 603 735 610 .
762 577 819 611 Est
834 578 926 612 enim
951 577 993 611 ab
1017 576 1110 620 Apo-

238 628 357 664 stolico
369 639 424 673 per
434 630 584 673 quintum
597 628 770 662 Nicaenum
780 627 978 663 confirmato
999 627 1112 660 Cano-

239 690 284 713 ne
294 703 306 719 ,
334 678 480 724 adeoque
489 677 631 712 omnino
641 677 769 723 obligat
790 677 890 712 etiam
912 677 1125 720 Episcopum·

233 729 434 763 Romanum
457 753 465 760 .
491 728 586 762 Hinc
613 728 734 771 Julium
760 727 958 762 Pontificem
977 748 988 766 ‚
1020 726 1109 769 quod

239 777 427 814 damnatum
439 776 457 810 ἃ
470 778 502 812 se
516 776 732 816 Athanasium
752 777 934 812 restituisset
944 801 957 817 ,
980 787 1112 810 excom-

238 826 400 862 manicati
411 828 647 863 communione
659 827 824 872 pollutum
842 826 968 862 censuit
988 823 1113 870 Philip·

239 876 451 921 popolitanus
485 878 674 913 Eusebianae
708 877 858 912 factionis
898 886 1079 911 conventus
1101 901 1112 916 ,

238 925 379 970 ideoque
398 927 433 960 δε
444 927 630 973 degradavit
640 953 647 960 .
668 928 793 962 Eadem
804 927 845 961 de
853 928 949 961 causa
959 928 1111 961 Sanctum

239 976 388 1011 Leonem
407 977 571 1022 Magnum
591 978 626 1012 in
647 978 706 1012 suo
727 978 867 1012 Nicaeno
891 976 1112 1011 Conventicu-

237 1025 274 1060 lo
293 1024 615 1062 excommunicatum
637 1027 810 1062 declaravit
834 1026 1015 1062 Dioscorus
1036 1026 1113 1060 Ale-

237 1075 381 1111 xandriae
408 1077 595 1113 Patriarcha
622 1104 630 1110 .
666 1076 769 1125 Qud
795 1076 912 1120 nempe
940 1088 995 1121 per
1020 1077 1113 1109 suum

237 1124 439 1170 prefinum
460 1128 671 1162 latrocinium
690 1129 847 1162 damnato
858 1127 1016 1161 Flaviano
1026 1125 1113 1159 Con·

237 1175 534 1222 stantinopolitano
574 1178 738 1222 Episcopo
767 1177 822 1212 ille
847 1177 915 1211 fine
940 1175 1112 1211 Canonica

237 1225 454 1261 absolutione
473 1228 741 1262 communicasset
762 1252 770 1260 .
806 1228 909 1261 Erant
935 1226 1114 1262 calumnia-

237 1285 311 1310 rum
331 1277 418 1311 fuci.
446 1277 497 1311 Ex
520 1278 591 1323 ipsis
601 1278 732 1312 interim
743 1277 913 1318 videmus,
939 1275 1113 1321 quodisto-

237 1335 311 1359 rum
332 1328 517 1371 temporum
540 1329 716 1371 disciplina
737 1327 755 1359 a
780 1326 941 1361 damnatae
966 1336 1114 1360 commu·

239 1375 353 1410 nionis
373 1378 532 1421 contagio
553 1388 613 1413 nec
636 1377 828 1411 Romanum
849 1375 1015 1419 exciperet
1027 1375 1115 1409 Pon·

237 1424 381 1459 tificem.
408 1427 503 1460 Hinc
523 1427 612 1460 enim
635 1426 675 1460 ad
699 1425 967 1468 componendum
982 1423 1117 1459 Acacia·

236 1485 320 1508 num
342 1473 480 1509 schisma
503 1474 649 1508 Gelasius
672 1472 897 1508 &Hormisda
914 1473 1112 1515 Pontifices,

235 1533 306 1557 non
337 1522 437 1557 solius
458 1522 598 1565 Aeacii,
624 1523 678 1558 sed
701 1524 735 1558 &
758 1524 972 1559 successorum
986 1524 1114 1567 Euphe-

235 1572 296 1607 mii
315 1581 414 1616 atque
432 1572 625 1607 Macedonii
648 1575 786 1608 nomina
808 1575 981 1608 voluerunt
992 1575 1062 1609 radi
1073 1575 1114 1609 de

234 1622 332 1657 sacris
353 1623 505 1658 Ecclesiae
525 1623 645 1658 tabulis
669 1649 676 1656 .
704 1625 799 1658 Licet
819 1624 1033 1668 quarumdam
1060 1624 1117 1658 Ci-

234 1671 375 1707 vitatum
396 1673 431 1708 in
452 1671 551 1708 hosce
570 1673 654 1709 duos
666 1672 896 1709 benevolentia
909 1675 1070 1709 videretur
1080 1675 1115 1708 si·

235 1733 280 1756 ne
300 1723 374 1757 fuso
395 1724 555 1768 sanguine
575 1724 660 1758 istud
681 1736 750 1761 non
762 1725 964 1768 permissura.
994 1723 1115 1759 Ortho-

234 1770 316 1806 doxi
339 1772 428 1807 enim
449 1775 576 1808 fuerant
597 1774 800 1818 Euphemius
819 1776 854 1809 ὅ(
875 1775 1115 1815 Macedonius,

237 1820 375 1867 soloque
396 1822 561 1858 Acaciani
579 1826 728 1859 nominis
754 1826 914 1870 contagio
940 1825 1113 1859 maculosi.

233 1869 310 1905 Nec
318 1871 360 1906 ad
371 1873 584 1909 acerbiffimas
596 1874 757 1910 Anastasii
768 1875 975 1920 Imperatoris
985 1875 1092 1909 minas
1104 1899 1114 1916 ,

233 1931 295 1955 nec
318 1922 360 1956 ad
386 1923 568 1959 successoris
596 1926 711 1968 Justini
739 1925 980 1960 instantiffimas
1003 1936 1113 1970 preces

232 1968 414 2014 dispensare
430 1984 486 2009 aut
505 1977 681 2011 connivere
702 1976 878 2011 voluerunt
892 1976 1014 2011 laudati
1028 1975 1115 2010 Pon-

232 2020 356 2063 tifices,
383 2025 594 2060 asseverantes
615 2037 657 2060 ex
680 2027 738 2061 tali
759 2026 957 2061 dissimulata
969 2037 1114 2060 commu-

232 2070 338 2105 nione
360 2074 429 2107 fore
456 2076 687 2111 maculandam
715 2078 815 2110 etiam
839 2076 956 2110 sedem
978 2076 1116 2120 Aposto-

234 2120 334 2154 licam
348 2145 358 2160 ,
385 2124 419 2156 δε
437 2124 455 2158 ὲ
477 2126 579 2166 prima
602 2126 660 2158 ista
681 2126 788 2160 radice
810 2137 945 2160 omnem
968 2126 1025 2160 sub
1038 2126 1115 2160 caelo

234 2169 429 2205 Ecclesiam.
460 2176 517 2206 Hoc
528 2173 586 2214 est,
613 2175 722 2218 inquit
746 2177 787 2218 in·
804 2174 920 2209 litteris
943 2175 982 2209 ad
1012 2176 1117 2218 praefa-

234 2227 305 2252 tum
325 2218 513 2264 Principem
545 2223 750 2258 Anastafium
777 2218 1115 2265 laudatus'Geiafius‚

233 2268 314 2310 quod
319 2270 407 2303 Sedes
417 2271 575 2313 Apostolica
586 2274 762 2316 magnopere
771 2282 858 2307 cavet
869 2299 880 2314 ,
901 2282 935 2307 ut
947 2279 1019 2316 quia
1029 2285 1100 2307 mun
1108 2292 1117 2299 ·

234 2319 272 2350 do
292 2321 384 2353 radix
404 2320 442 2360 est
464 2321 586 2363 Apostoli
604 2321 732 2367 gloriosa
753 2323 879 2365 confefflo
891 2348 901 2363 ‚
927 2324 1011 2357 nulla
1036 2329 1114 2357 rima

229 2374 399 2409 pravitatis
419 2393 429 2408 ‚
468 2372 550 2404 nulla
569 2374 698 2414 prorsus
740 2380 907 2418 contagione
933 2375 1107 2408 maculetur.

233 2422 321 2450 Nam
336 2418 384 2460 fi,
410 2421 491 2462 quod
509 2423 587 2455 Deus
608 2432 754 2464 avertat,
781 2425 861 2466 quod
872 2422 940 2465 fieri
962 2435 1020 2457 non
1030 2424 1108 2468 poffe

232 2467 422 2509 confidimus,
451 2472 511 2504 tale
521 2473 638 2514 aliquid
646 2479 846 2516 proveniret,
871 2476 955 2508 unde*
979 2480 1114 2517 cuiquam

232 2517 356 2557 resistere
374 2521 551 2554 auderemus
573 2529 664 2556 errori
690 2524 706 2554 ἓ
731 2525 789 2557 Vel
806 2525 887 2558 unde
911 2525 1113 2558 correfflonem

232 2568 401 2601 errantibus
417 2568 596 2612 posceremus
618 2575 630 2606 ?
667 2573 705 2606 In
731 2574 849 2608 litteris
869 2574 910 2609 ad
939 2575 1113 2609 Dardaniae

232 2617 415 2661 Episcopos
435 2621 574 2654 affirmat
587 2620 670 2655 hanc
682 2633 750 2656 non
763 2623 803 2658 de
825 2623 969 2658 moribus
987 2635 1043 2658 aut
1067 2625 1115 2658 di-

234 2667 390 2711 sciplina,
417 2668 471 2702 sed
489 2671 551 2704 esse
570 2671 782 2713 quaestionem
803 2672 843 2706 de
853 2674 1016 2718 religione
1028 2685 1066 2708 ac
1076 2675 1114 2709 fi.

234 2717 275 2751 de
285 2742 296 2757 ,
323 2718 465 2762 ideoque
474 2719 709 2764 dispensationi
722 2732 778 2756 aut
791 2723 1014 2758 conniventiae
1040 2735 1110 2759 non

233 2767 297 2801 esse
319 2768 430 2802 locum
452 2794 459 2802 .
488 2770 590 2817 Qiod
612 2771 715 2814 ipsum
738 2775 854 2816 repetit
877 2774 911 2807 in
937 2774 1051 2809 litteris
1071 2775 1111 2809 ad

233 2818 400 2862 praefatum
428 2819 650 2863 Euphemium
671 2849 678 2854 .
708 2822 752 2856 Et
771 2832 846 2858 ante
866 2823 976 2858 datam
999 2836 1111 2868 pacem

233 2867 375 2902 omnino
395 2868 524 2903 fuerunt
549 2870 671 2905 laudati
696 2872 810 2915 Justini
833 2873 913 2916 jussu
925 2873 1030 2909 deleta
1041 2886 1111 2909 om·

233 2917 291 2952 nia
303 2918 336 2952 in
348 2921 698 2956 excommunicatione
709 2923 935 2958 defunctorum
950 2925 1087 2960 nomina
1098 2950 1109 2967 ,

231 2970 410 3013 omnesque
436 2970 579 3013 ipsorum
606 2972 900 3007 communicatores
925 2974 1110 3010 solemniter

234 3016 276 3050 ab
295 3021 639 3056 excommunicatione
662 3033 716 3066 per
737 3021 923 3057 Hormisdae
936 3022 1109 3059 Pontificis

234 3067 380 3111 Legatos
389 3066 526 3104 absoluti
538 3095 546 3103 .
572 3071 692 3107 Eidem
704 3071 867 3118 principio
880 3070 1000 3110 inhaeflt
1010 3075 1107 3110 trium

235 3116 467 3159 Capitulorum
488 3118 643 3156 schisma.
681 3123 802 3158 Omnis
825 3123 890 3158 fere
910 3125 1104 3160 Occidenta-

234 3166 275 3200 lis
298 3167 440 3202 Ecclesia
463 3169 692 3213 Apostolicam
711 3172 999 3215 Sedemdamnatis
1011 3174 1109 3210 Chal-

233 3215 423 3251 oedonenfis
448 3218 577 3260 synodi.
595 3221 840 3260 damnatoribus
864 3225 1108 3260 communicare

233 3264 405 3311 indignata
427 3267 493 3309 est,
522 3269 681 3312 pollutam
704 3273 863 3315 credidit,
889 3274 1030 3318 ideoque
1041 3275 1107 3319 eius

233 3317 507 3353 communionem
531 3318 577 3352 est
598 3323 756 3356 aversata.
782 3324 952 3358 Hocitem
964 3324 998 3357 in
1009 3326 1107 3360 cardi-

234 3377 278 3400 ne
312 3366 465 3411 pependit
489 3367 627 3404 schisma
661 3371 779 3407 Felicis
803 3374 935 3408 secundi
961 3374 1107 3410 adversus

235 3413 401 3452 Liberium
412 3442 424 3458 ‚
452 3417 597 3453 Ursicini
608 3419 758 3459 adversus
769 3422 946 3460 Damasum
957 3448 968 3468 ‚
978 3423 1012 3458 &
1024 3425 1106 3462 Lau·

299 3486 305 3492 -
333 3466 440 3508 christ.
454 3471 535 3512 Lupi
546 3474 645 3513 opera
655 3473 790 3506 TomJsr.

1913 158 1973 194 61

1172 224 1452 260 ciferiCalaritani
1471 224 1624 267 Episcopi
1636 224 1786 262 adversus
1796 239 1931 264 omnem
1954 231 2044 264 Lati⁴

1175 287 1250 310 nam
1263 275 1438 309 Ecclesiam
1451 300 1458 306 .
1487 274 1612 308 Liberii
1623 276 1712 308 enim
1729 279 1868 314 fautores
1879 280 2020 315 Felicem
2030 306 2041 322 ‚

1175 325 1269 369 hujus
1279 336 1348 368 pars
1361 325 1455 359 illum
1481 324 1635 359 dixerunt
1656 324 1883 363 damnatorum
1905 330 2046 365 Ariano-

1174 378 1244 410 rum
1257 376 1495 410 communione
1529 374 1751 414 maculatum,
1777 376 1914 420 ideoque
1940 381 2046 414 &Ec-

1175 426 1265 460 clesia
1282 426 1434 460 excidisse
1456 450 1462 457 .
1489 424 1626 458 Liberio
1651 426 1798 459 faventes
1818 426 1988 463 Faustinus
2010 432 2046 465 δε

1177 475 1390 510 Marcellinus
1399 499 1410 516 ‚
1425 474 1585 509 Romanae'
1594 474 1741 509 Ecclesia.
1751 475 1953 519 Presbyteri,
1968 478 2049 514 huic·

1178 526 1387 566 Ursicinum,
1413 526 1592 559 Damasum
1603 535 1708 560 autem
1721 526 1875 560 dixerunt
1895 527 2048 562 successis-

1176 577 1207 610 se
1238 600 1250 616 ‚
1275 576 1309 610 δε
1328 577 1451 619 semper
1470 575 1724 610 communicasse
1746 576 1850 610 Felici
1870 602 1880 617 ,
1907 577 2049 619 ideoque

1175 626 1266 661 fuisse
1287 625 1513 669 Apostaticum
1526 650 1537 666 ,
1564 636 1634 659 non
1655 625 1887 669 Apostolicum
1900 651 1909 660 1
1936 626 2050 662 Habes

1176 676 1241 710 haec
1253 677 1288 710 in
1300 676 1486 720 praesatione
1500 687 1630 718 precum
1641 700 1651 716 ‚
1680 676 1815 720 quasilli
1831 675 2049 712 exhibuerunt

1176 726 1368 770 Imperatori
1389 723 1580 760 Theodosio
1603 750 1612 759 .
1640 725 1828 761 Romanam
1852 728 2046 767 Ecclesiam,

1176 776 1265 818 quod
1276 777 1361 820 apud
1375 775 1564 811 Ariminum
1578 775 1680 818 lapsos
1692 775 1871 820 Episcopos
1882 780 2050 821 reparasset

1178 827 1210 859 in
1222 827 1382 870 gradum,
1410 826 1452 861 ab
1463 825 1575 861 eadem
1590 825 1695 860 scabie
1717 826 1845 871 purgari
1869 839 1937 860 non
1961 829 2051 872 posse

1177 876 1312 910 credidit
1337 876 1468 911 Lucifer
1483 902 1493 918 ‚
1531 874 1671 920 ideoque
1697 888 1804 911 veram
1829 876 2053 912 Christianita-

1177 936 1242 959 tem
1251 926 1312 959 esse
1322 930 1523 961 contrastam
1535 926 1575 961 ad
1597 927 1698 961 solam
1721 927 1915 962 mastrucam
1938 928 2051 962 Sardo·

1177 986 1247 1009 rum
1258 1000 1265 1007 .
1287 976 1387 1022 Quod
1401 977 1505 1020 ipsum
1516 977 1578 1012 fuit
1591 976 1732 1020 palmare
1743 987 1972 1022 argumentum
1983 978 2053 1012 Do-

1179 1025 1383 1060 natistarum.
1412 1026 1514 1060 Hisce
1535 1026 1633 1070 igitur
1653 1028 1853 1072 argumentis
1872 1028 1931 1063 sibi
1951 1028 2052 1062 etiam

1177 1075 1295 1110 Benno
1307 1076 1458 1119 persuasit
1479 1078 1838 1112 excommunicationis
1858 1079 2054 1122 contagium

1176 1127 1239 1160 effe
1249 1125 1332 1160 adeo
1345 1125 1532 1160 validum&
1545 1126 1675 1160 firmum
1687 1150 1698 1165 ,
1722 1137 1760 1161 ut
1778 1127 1818 1161 ab
1840 1127 1909 1171 ipso
1930 1127 2055 1162 Roma-

1179 1187 1239 1210 nus
1258 1175 1415 1211 Pontifex
1438 1187 1497 1210 nec
1520 1177 1551 1210 se
1573 1176 1679 1219 ipsum
1697 1201 1708 1216 ,
1736 1176 1836 1222 longe
1849 1176 1959 1213 minus
1971 1177 2054 1213 alios

1179 1226 1273 1270 poffit
1294 1227 1436 1261 eximere
1460 1236 1515 1260 aut
1538 1227 1738 1269 praeservare.

1226 1276 1352 1311 Verum
1376 1284 1449 1311 toto
1473 1276 1563 1310 Caelo
1586 1277 1724 1311 erravit.
1754 1277 1889 1312 Etenim
1901 1278 1940 1312 ad
1953 1279 2055 1313 ostin-

1178 1327 1392 1371 gentesimum
1414 1327 1650 1370 octogesimum
1671 1329 1824 1362 ostavum
1847 1329 1989 1362 Domini
2000 1339 2056 1362 an-

1181 1387 1258 1410 num
1280 1377 1440 1411 celebrata
1463 1377 1619 1410 Metensis
1648 1377 1801 1419 Synodus
1827 1378 2055 1412 excommuni-

1178 1436 1325 1460 catorum
1356 1426 1629 1462 communionem
1651 1429 1746 1463 vitari
1772 1427 1907 1463 mandat
1929 1428 2057 1473 rigidis-

1180 1474 1277 1516 sime,
1305 1486 1403 1520 atque
1425 1477 1572 1520 adjungit
1595 1491 1602 1510 :
1630 1479 1733 1511 Servis
1757 1488 1855 1511 autem
1876 1490 1911 1512 ac
1921 1482 2071 1521 propriis.

1178 1525 1293 1559 libertis
1308 1550 1319 1566 ‚
1351 1524 1413 1566 five
1439 1525 1618 1567 beneficiatis
1634 1552 1644 1568 ,
1681 1528 1866 1562 venerabiles
1888 1527 2055 1572 Episcopi,
2072 1535 2142 1566 Can.
2167 1544 2212 1564 12.

1177 1582 1210 1608 in
1225 1580 1419 1609 communione
1440 1578 1630 1608 Dominarum
1652 1576 1862 1619 absolutionem
1887 1578 2051 1613 dederunt.

1178 1626 1222 1659 Et
1250 1625 1292 1659 ad
1313 1626 1393 1659 sexti
1415 1625 1518 1659 saeculi
1544 1626 1814 1670 septuagesimum
1834 1629 1987 1663 ostavum
2000 1640 2055 1663 an-

1178 1686 1258 1709 num
1280 1673 1391 1709 habita
1414 1675 1567 1717 Synodus
1590 1675 1861 1710 Antisiodorensis
1885 1690 1896 1709 .-
1931 1680 1963 1710 si
1989 1684 2054 1720 quis

1179 1725 1351 1764 Presbyter,
1377 1733 1431 1758 aut
1455 1726 1575 1767 quilibet
1596 1726 1633 1759 de
1655 1727 1740 1759 Clero
1762 1750 1773 1767 ‚
1800 1734 1852 1760 aut
1873 1727 1910 1761 dc
1930 1728 2056 1770 populo,

1177 1779 1461 1809 excommunicatum
1484 1775 1594 1820 absque
1615 1776 1769 1810 voluntate
1790 1775 1878 1820 ipsius
1892 1801 1902 1818 ,
1930 1784 2056 1822 quicum

1176 1829 1441 1860 excommunicavit
1462 1850 1473 1866 ,
1516 1826 1614 1870 scims
1635 1834 1775 1869 receperit
1793 1852 1805 1869 ,
1844 1836 1898 1861 aut
1919 1840 1984 1863 cum
2008 1829 2058 1863 illo

1173 1885 1284 1918 panem
1305 1878 1557 1918 manducaverit,
1583 1880 1635 1912 vel
1657 1878 1822 1920 colloquium
1843 1878 1950 1914 habere
1963 1881 2059 1914 decre-

1177 1932 1255 1960 verit
1276 1952 1288 1969 ,
1317 1925 1407 1968 fimili
1429 1925 1581 1970 sententia
1604 1926 1788 1971 subjacebit.
1816 1928 2061 1965 Excommuni·

1176 1977 1263 2011 canti
1288 1976 1427 2011 Praelato
1450 1978 1529 2013 facit
1545 1980 1738 2022 potestatem
1752 1978 1960 2026 indulgenda:
1970 1991 2059 2016 com-

1177 2027 1347 2061 munionis
1370 2038 1446 2062 cum
1467 2027 1532 2062 suis
1555 2031 1850 2065 excommunicatis
1866 2057 1873 2063 .
1913 2032 1958 2066 Et
1983 2042 2065 2075 qua-r

1178 2077 1330 2121 draginta
1356 2089 1432 2111 ante
1457 2076 1547 2112 hunc
1575 2080 1753 2115 Canonem
1779 2081 1873 2114 annis
1899 2081 2059 2116 celebrata

1178 2126 1418 2170 Magalonenfis
1438 2126 1592 2171 Synodus
1602 2128 1797 2163 Cathedrali
1811 2129 1935 2165 ibidem
1948 2131 2061 2164 Basili-

1177 2186 1221 2209 cae
1242 2174 1334 2209 dedit
1351 2174 1416 2209 hoc
1428 2175 1655 2219 privilegium:
1684 2176 1821 2220 Episcopi
1830 2178 2032 2220 firmaverunt
2046 2205 2058 2221 ‚

1176 2225 1258 2268 qued
1275 2223 1340 2271 ipsa
1362 2222 1488 2266 Ecclefia
1511 2225 1616 2261 babeat
1641 2229 1771 2271 legitime*
1793 2252 1804 2268 ,
1830 2236 1861 2260 ut
1873 2227 1903 2270 fi
1919 2234 1986 2271 quis
1994 2238 2059 2271 ρω-

1178 2281 1277 2309 nitens
1298 2274 1342 2308 ad
1359 2272 1459 2318 ipsam
1473 2283 1594 2311 venerit
1610 2301 1622 2318 ‚
1645 2279 1680 2312 (9·
1694 2277 1860 2317 abstinendi
1871 2278 1910 2311 ab
1922 2279 2056 2320 Ecclefiae

1177 2331 1302 2358 introitu
1314 2327 1504 2368 Praeceptum
1513 2331 1766 2371 inpoenitentium
1776 2326 1912 2362 babuerit
1922 2352 1933 2369 ‚
1958 2328 2056 2373 ipsam

1179 2374 1333 2418 Ecclesiam
1355 2378 1473 2412 licenter
1496 2382 1647 2418 introeat,
1667 2385 1753 2421 pacis
1777 2375 1902 2420 osculum
1912 2379 2001 2414 libere
2012 2391 2060 2412 ac„

1175 2431 1288 2468 cipiat,
1313 2429 1348 2461 ό·
1367 2425 1469 2471 fiquae
1479 2428 1650 2472 fintfimilia
1664 2453 1674 2469 ,
1699 2437 1903 2472 praeterquam
1913 2431 2061 2464 Sanc‘lam'

1175 2475 1393 2518 eucharistiam
1407 2502 1417 2518 ,
1444 2482 1538 2522 quiim
1559 2481 1683 2514 minime
1705 2484 1846 2523 accipiat.
1873 2480 1932 2524 Ipsi
1954 2482 2055 2516 etiam

1175 2529 1462 2563 excommunicato
1490 2531 1645 2575 Episcopi
1670 2529 1722 2564 isti
1745 2529 1906 2566 dederunt
1928 2531 2057 2575 privile-

1175 2577 1285 2622 gium.
1315 2578 1431 2613 Exstat
1450 2578 1629 2616 Decretum
1650 2580 1736 2626 apud
1758 2579 1949 2626 Philippum
1973 2581 2056 2616 Lab-

1177 2628 1274 2660 beum
1309 2628 1343 2661 in
1370 2627 1534 2675 Catalogo
1575 2631 1810 2676 Episcoporum
1837 2632 2055 2677 Magalouem

1175 2677 1255 2710 sium
1267 2702 1273 2709 .
1301 2677 1403 2724 Qod
1415 2680 1515 2714 etiam
1535 2682 1654 2716 Sansto
1666 2681 1840 2716 Bonifacio
1852 2682 2055 2717 Francorum

1176 2725 1342 2770 Apostolo
1369 2728 1550 2773 Gregorius
1572 2730 1732 2765 secundus
1752 2731 1887 2767 licentia
1907 2742 1984 2766 cum
2000 2742 2055 2766 ex»

1174 2777 1423 2811 communicatis
1460 2790 1496 2813 ac
1532 2781 1788 2815 maculosiffimis
1823 2780 1994 2827 Episcopis
2019 2780 2055 2815 &

1177 2827 1313 2861 Clericis
1332 2829 1602 2865 communicandi
1625 2830 1750 2866 dederit
1770 2856 1782 2873 ‚
1812 2831 1900 2866 lucet
1920 2844 1963 2868 ex
1983 2832 2053 2877 ejus

1175 2878 1308 2911 litteris:
1335 2878 1515 2921 colloquium
1538 2882 1572 2914 (ν’
1591 2879 1723 2924 mensam
1745 2892 1924 2916 communem
1934 2893 1998 2916 cum
2011 2888 2053 2916 eli·
2073 2880 2155 2919 Epist·
2177 2895 2205 2920 9·

1173 2938 1257 2971 agere
1278 2938 1335 2961 non
1358 2927 1469 2972 recuses
1488 2955 1494 2962 .
1523 2933 1698 2975 Plerumque
1722 2930 1803 2967 eiiim
1826 2938 1991 2977 contingit,
2017 2941 2051 2965 ut
2070 2931 2097 2952 C·
2128 2933 2172 2951 ¹²·

1172 2988 1244 3020 quor
1263 2977 1398 3012 correc‘iio
1418 2978 1583 3022 disciplinae
1603 2983 1705 3015 tardos
1728 2983 1812 3025 facit
1835 2984 1880 3017 ad
1885 2984 2054 3025 p'ercilncn-

1172 3029 1245 3061 dam
1265 3033 1408 3062 veritatis
1428 3040 1560 3064 normam
1589 3055 1600 3072 ,
1624 3037 1828 3066 conviviorum
1840 3031 1988 3075 sedulitas
2015 3033 2051 3066 Θ

1172 3079 1335 3111 admonitio
1355 3077 1469 3113 blanda
1489 3082 1535 3114 ad
1553 3088 1637 3116 viam
1657 3083 1805 3125 perducat
1811 3081 1954 3123 justitiae.
1985 3081 2050 3116 Eo-

1170 3128 1246 3162 dem
1272 3128 1372 3162 modo
1393 3130 1559 3174 agendum
1574 3132 1686 3167 suadet
1697 3143 1771 3167 cum
1783 3131 1956 3165 maculosis
1969 3130 2051 3166 Pro-

1175 3178 1319 3213 ceribus.
1351 3177 1588 3216 Profeffionem
1600 3207 1610 3224 ,
1637 3191 1733 3225 quam
1749 3180 1790 3215 de
1805 3180 1937 3216 vitanda
1948 3181 2047 3215 simili

2072 1804 2144 1834 Can.
2165 1811 2211 1840 39·

1169 3229 1403 3262 communione
1412 3229 1570 3272 juraverat
1583 3231 1625 3267 ad
1635 3231 1744 3266 Sansti
1755 3230 1842 3265 Petri
1854 3242 1971 3276 corpus
1980 3231 2050 3267 lau-

1169 3277 1263 3312 datus
1290 3278 1478 3314 Bonifacius
1502 3304 1513 3320 ‚
1557 3280 1715 3315 Pontifex
1752 3281 1796 3314 ita
1834 3283 2050 3326 temperavit.

1169 3327 1271 3375 Qod
1297 3328 1331 3361 δε
1355 3331 1561 3365 confirmavit
1584 3331 1741 3365 successor
1767 3330 1940 3366 Zacharias
1965 3359 1971 3366 .
2003 3333 2047 3366 Et

1169 3376 1248 3411 hinc
1260 3379 1395 3420 praesens
1417 3380 1543 3423 septimi
1567 3380 1667 3414 nostri
1688 3381 1840 3426 Gregorii
1867 3383 2045 3417 Decretum

1169 3427 1287 3463 metito
1301 3427 1416 3472 probat
1428 3440 1464 3464 ac
1476 3430 1585 3466 laudat
1597 3430 1795 3467 Bettholdus
1816 3431 2046 3468 Constantian-

1615 3481 1643 3516 F
1943 3482 2002 3519 fis,
