2372 3756
642 121 870 166 QutNru
890 122 932 150 M·
955 105 1265 150 ROMANUM
1303 104 1682 149 CoNculuM.

1914 119 2004 165 143

246 198 337 237 Atqui
342 195 412 237 plus
420 192 617 239 septuaginta
629 197 719 225 annis
730 201 801 225 ante
813 191 863 223 boc
874 200 992 233 tempus
1008 191 1130 223 Polom‘a
1193 188 1282 222 enim
1294 198 1374 231 gens
1385 212 1394 227 ,
1410 185 1501 230 quod
1516 185 1673 220 Romano
1685 188 1826 232 Imperio
1839 199 1899 223 nec
1910 188 2044 222 subesset
2057 210 2068 227 ,

243 250 352 289 Regem
363 247 426 278 cum
439 245 598 288 habuisset,
628 245 662 276 (θ’
677 245 797 285 quidem
811 245 929 274 ottonis
942 240 1013 281 Rufi
1035 245 1129 282 Impe-

242 302 352 329 ratoris
365 296 504 338 beneficio
513 320 523 336 ,
544 303 602 336 per
613 293 664 326 boc
675 302 792 334 tempus
805 291 910 325 habere
925 290 1021 332 defiit.
1043 294 1076 336 J
1078 302 1128 322 am

243 347 316 378 verb
328 347 496 388 quindecim
516 342 673 386 Episcopus
688 355 749 375 non
763 344 849 375 modo
871 350 942 373 tunc
954 365 964 380 ‚
987 339 1044 382 sed
1066 352 1127 373 um-

241 407 334 438 quam
346 399 463 429 omnino
475 395 604 437 babuisse
615 418 625 432 ,
652 392 718 436 ipsa
730 398 772 426 rei
784 392 939 424 evidentia
943 388 1064 432 falsum
1076 391 1128 433 effe

240 452 429 479 convincitur
447 470 455 478 .
497 443 629 478 Alludit
655 445 695 477 ad
732 441 922 474 Boleslaum
959 441 1102 482 primum
1116 465 1127 480 ,

242 507 340 538 quem
360 494 401 529 ab
413 497 545 530 Oiztone
556 494 653 529 tertio
665 492 859 534 Imperatore
881 489 1040 523 donatum
1064 490 1126 523 Re-

240 547 296 590 gia
307 546 476 590 dignitate
488 545 636 580 adfirmat
647 543 682 575 in
696 540 839 575 secundo
854 540 940 573 libro
965 540 1005 574 de
1027 540 1125 573 Polo-

241 607 361 629 norum
375 596 563 638 Republica
585 603 682 634 atque
705 589 958 635 Magistratibus
969 615 979 631 ‚
1007 590 1042 623 ὅ(
1073 590 1126 623 ad-

191 652 193 654 “
238 645 373 689 jungit:
400 651 470 680 Nec
484 655 583 678 tamen
605 644 686 675 ultra
708 650 850 683 quartum
872 644 982 684 Regem
1009 649 1077 672 tunc
1098 645 1125 671 is

239 695 328 729 honos
339 696 443 737 mansit
459 695 545 737 apud
553 692 628 724 hanc
641 700 760 735 gentem
771 716 778 722 .
806 696 840 723 N
845 703 893 723 am
913 689 976 731 post
999 690 1128 722 alterum

239 747 413 779 Boleslaum
426 769 437 784 ,
464 750 577 785 prioris
590 744 667 775 illius
682 746 876 782 Pronepotem
885 764 896 780 ,
915 741 1051 773 ducentis
1063 750 1126 771 am-

235 798 318 837 plius
329 800 420 827 annis
435 795 612 826 Polonorum
629 795 784 833 Principes
796 794 884 834 Regio
904 795 1021 822 nomine
1040 788 1126 827 absti-

239 854 393 877 nuerunt.
420 843 588 878 Adfirmat
610 841 782 875 &secundo
805 839 957 874 Boleslao
981 839 1125 883 Regiam

239 895 438 938 dignitatern
453 906 523 927 non
536 893 628 927 fuisse
639 893 836 934 resumptam
850 915 859 930 ‚
888 889 938 923 sed
952 889 1125 923 dumtaxat

238 955 398 978 retentam
414 970 421 976 .
449 945 579 979 cessam
594 944 712 976 fatetur
727 941 767 974 ab
790 941 858 982 ejus
880 941 971 980 filio,
997 939 1030 973 ὅ(
1055 939 1123 981 post

238 993 399 1028 ducentos
409 989 650 1038 &quindecim
672 1003 777 1025 annos
796 990 813 1023 ὲ
832 991 1006 1024 Primislao
1031 989 1126 1024 Duce

238 1045 432 1088 resumptam
448 1070 457 1076 .

290 1095 496 1138 Respondeo
511 1105 621 1129 tamen
647 1092 877 1135 Presbyterum
898 1091 1103 1133 Wipponem
1114 1113 1127 1130 ,

240 1157 277 1179 ac
293 1146 468 1189 praesertivm
482 1145 696 1179 Lambertum
707 1140 1045 1183 schafnaburgensem
1065 1164 1076 1180 ‚
1091 1151 1127 1173 ac

198 1212 203 1214 >
237 1196 318 1230 item
331 1196 499 1230 Ottonem
515 1195 750 1238 Frisingeusem
762 1192 824 1225 esse
837 1189 1038 1235 gravissimos
1050 1190 1127 1223 Scri-

60 1251 98 1278 A.
115 1257 201 1285 1077.

62 1904 117 1932 Λη.
130 1907 199 1939 819.

66 2982 196 3015 Ati-517.

66 3144 119 3172 Au.
135 3143 198 3176 418.

238 1256 363 1289 Ptores.
393 1246 442 1279 Et
458 1246 531 1288 ipsis
543 1244 756 1287 adstipulatur
780 1242 924 1283 Scriptor
947 1243 1038 1283 aeque
1059 1251 1126 1284 gra-

239 1295 292 1329 vis
306 1294 509 1330 Berthtildus
524 1291 805 1329 Constantiensis.
834 1293 960 1334 Wippo
970 1301 1080 1323 tamen
1096 1291 1126 1322 ὃ(

239 1347 325 1379 Otto
339 1345 404 1378 labi
425 1347 572 1378 videntur
594 1345 627 1377 in
652 1342 794 1377 Boleslai
821 1341 980 1374 nomine.-
1007 1339 1129 1374 Viden·

243 1404 296 1428 tur
308 1396 412 1429 Casim
424 1396 460 1429 iri
475 1395 569 1438 primi
582 1394 664 1428 Asta
678 1394 710 1426 in
725 1392 831 1425 filium
846 1390 1030 1424 Boleslaum
1044 1400 1128 1423 tran-

241 1446 394 1488 scripfisie
424 1470 431 1477 .
469 1445 602 1478 Etenim
625 1444 760 1476 Sanstus
784 1441 950 1474 Henricus
972 1440 1128 1484 vigesimo

239 1506 376 1537 quarto,
402 1493 596 1528 conrardus
611 1492 734 1527 Salicus
747 1490 834 1525 obiit
845 1490 1011 1523 undecimi
1037 1490 1127 1523 saecu·

239 1544 263 1577 li
275 1554 363 1577 anno
374 1544 546 1589 tri-gesimo
560 1554 672 1582 nono,
700 1552 733 1575 at
745 1540 822 1575 vero
845 1541 1012 1574 Boleslaus
1034 1539 1128 1574 Prin-

238 1594 385 1637 cipatum
400 1594 479 1629 iniit
490 1593 634 1637 ejusdem
658 1592 762 1625 saeculi
784 1603 875 1624 anno
898 1590 1127 1634 quinquagesi-

242 1655 299 1678 mo
312 1645 435 1679 oftavo
453 1669 464 1685 ‚
491 1644 632 1685 ideoque
647 1653 715 1675 non
732 1642 833 1685 potest
847 1641 881 1673 in
894 1640 973 1673 istos
985 1640 1129 1673 rebellas-

237 1697 271 1730 se
283 1721 290 1727 .
317 1694 495 1741 Qid‹quid
508 1695 546 1727 sit
561 1719 569 1734 ,
579 1692 690 1727 omnis
701 1690 765 1725 haec
779 1690 909 1735 quaestio
923 1690 1080 1723 fundatur
1091 1691 1124 1723 in

236 1746 347 1790 gentis
358 1744 559 1787 subjeffione
570 1754 606 1777 ac
619 1742 768 1776 libertate
780 1755 790 1774 .-
818 1740 919 1785 Quod
934 1739 1053 1783 nempe
1075 1751 1125 1774 ne·

239 1808 297 1829 mo
311 1794 476 1837 subjectus
489 1794 628 1838 Imperio
643 1792 800 1835 Princeps
812 1791 905 1834 possit
917 1791 974 1824 sibi
989 1791 1045 1834 ipsi
1059 1790 1128 1824 dia·

236 1844 330 1879 dema
360 1846 405 1878 im
417 1856 537 1888 ponere
560 1869 571 1884 ,
598 1841 650 1876 sed
674 1842 715 1876 ab
738 1842 797 1876 illo
818 1841 936 1875 debeat
959 1842 1123 1884 accipere.

233 1895 329 1928 Hinc
343 1894 426 1928 iterii
439 1893 546 1928 scribit
558 1892 747 1938 Sigebertus
775 1891 1038 1925 Gemblacensis:
1067 1894 1126 1923 Lu-

233 1947 355 1979 dovicus
369 1944 404 1976 Pi
415 1957 452 1978 us
461 1948 623 1986 Imperator
635 1944 776 1975 Britones
787 1942 842 1983 fibi
851 1941 979 1986 subigit.
993 1945 1124 1974 Murma-

233 2008 289 2029 nus
307 1997 376 2030 verb
390 1998 468 2028 Dux
481 2005 576 2029 eorum
592 2018 602 2034 ,
624 2000 674 2036 qui
686 2004 788 2026 nomen
797 1992 852 2034 fibi
863 1995 951 2036 Regis
964 1990 1127 2034 usurpave-

232 2056 304 2086 rat,
330 2045 370 2077 ab
379 2049 639 2078 eisinterimitur.
669 2043 767 2086 Regii
784 2043 932 2076 nominis
945 2042 1125 2084 usurpatio-

234 2107 310 2129 nem
323 2120 334 2135 ‚
353 2095 473 2136 utpote
486 2105 594 2128 veram
608 2092 793 2126 rebellionis
807 2092 944 2134 speciem
958 2116 967 2131 ‚
989 2091 1080 2124 fuiffe
1090 2092 1122 2124 &

234 2146 323 2179 illius
351 2144 433 2177 belli
462 2145 496 2177 &
523 2142 788 2185 interemptionis
823 2142 952 2174 causam
981 2140 1123 2174 scribunt

234 2195 439 2237 Astrologius
460 2205 498 2227 ac
522 2193 670 2225 Annales
697 2194 898 2225 Francorum
926 2191 1121 2225 Fuldenses.

234 2243 515 2278 Britanniazenim
528 2243 668 2285 populus
692 2240 822 2274 nolebat
843 2252 918 2273 cum
944 2241 1122 2275 Murmano

233 2296 268 2329 in
283 2294 518 2336 Imperaitorem
531 2292 702 2325 rebellare.
733 2290 783 2323 Ex
794 2290 910 2324 eodem
926 2290 1122 2325 fundamen-

234 2356 270 2378 to
282 2345 399 2378 Sanan
409 2354 421 2376 s
433 2342 615 2376 Bernardus
629 2341 748 2384 scripsit
762 2339 912 2375 adversus
939 2341 1120 2385 Rogerium

232 2393 380 2428 Siculum
394 2403 457 2436 pro
467 2393 659 2435 imperatore
668 2389 843 2425 Lothario.
856 2391 1018 2425 Censebat
1031 2392 1119 2426 enim

234 2454 409 2486 utramque:
421 2442 566 2476 Siciliam
581 2442 718 2484 spestare
731 2441 771 2475 ad
787 2441 963 2483 Imperium
980 2466 987 2472 .

285 2493 395 2540 roi
405 2493 452 2526 rea
465 2492 555 2526 liberi
568 2504 605 2526 ac
618 2493 676 2526 soli
689 2491 766 2525 Deo
778 2493 808 2524 su
816 2492 907 2533 bjesti
924 2491 1037 2535 populi
1051 2494 1117 2535 pos·

237 2547 311 2578 sunt
324 2545 380 2578 libi
395 2543 473 2586 iipsis
487 2553 593 2575 creare
605 2553 644 2575 ex
658 2543 751 2575 Duce
772 2542 894 2586 Regem
909 2566 919 2581 ‚
947 2552 1004 2575 aut
1019 2543 1117 2576 etiam

235 2595 300 2638 ipse
315 2595 393 2627 Dux
418 2603 525 2627 creare
547 2591 700 2634 seipsum.
727 2591 802 2625 Hac
823 2592 913 2624 enim
935 2593 986 2625 via
1003 2604 1118 2626 omnes

234 2646 316 2678 olim
339 2644 451 2688 Reges
472 2667 482 2682 ,
510 2642 688 2684 omniaque
713 2642 830 2685 Regna
852 2641 1118 2683 paffimremerse-

236 2707 332 2728 runt.
363 2695 408 2728 Et:
421 2692 462 2727 de
473 2691 604 2735 majoris
615 2690 792 2724 Britannia:
803 2690 908 2724 Insula
922 2716 932 2731 ,
960 2702 1057 2734 quam
1072 2693 1117 2725 ni.

236 2746 309 2779 miis
322 2744 536 2778 Barbarorum
550 2741 724 2775 incursibus
737 2742 841 2775 vexati
864 2741 1011 2775 Romani
1033 2742 1117 2776 dese-

235 2807 363 2829 ruerant
378 2792 613 2836 tamquamfibi
637 2792 813 2831 inutilem,
839 2790 873 2824 &
896 2794 1038 2825 extradia
1061 2794 1115 2826 sua

235 2845 354 2880 militia
368 2843 510 2878 libertati
526 2843 666 2885 antiquae
680 2842 885 2875 restituerant
898 2867 907 2881 ,
930 2842 1020 2885 quod
1036 2853 1115 2876 tunc

235 2895 294 2929 sibi
309 2896 438 2939 Regem
450 2894 585 2939 elegerit
600 2917 609 2932 ‚
620 2892 780 2925 affirmant
795 2891 921 2932 antiqui
937 2893 1024 2925 illius
1035 2893 1115 2927 Scri-

232 2956 359 2986 ptores.
378 2945 420 2977 Et
434 2945 474 2978 de
485 2942 719 2986 Longobardis
733 2941 841 2974 scribit
854 2940 987 2985 Regino
1003 2942 1115 2977 Abbas

231 2994 428 3028 Prumiensis
441 3005 448 3025 :
478 2994 665 3037 Longobardi
680 3017 691 3033 ‚
712 3004 776 3024 cum
785 3000 841 3033 per
851 3003 945 3023 annos
956 2993 1051 3025 decem
1058 2992 1115 3036 sub

227 3045 371 3088 potestate
386 3046 499 3076 Ducum
511 3043 636 3086 fuissent
648 3067 658 3083 ‚
687 3046 795 3086 Regem
814 3040 903 3084 super
923 3039 956 3083 se
975 3042 1114 3082 statuunt

234 3101 388 3129 ortarium
404 3118 411 3124 .
442 3092 484 3126 Et
496 3094 536 3126 de
550 3093 683 3126 Francis
696 3092 882 3136 Sigebertus
901 3092 1113 3128 Gemblacen·

233 3148 271 3180 sis
286 3160 292 3178 :
315 3148 445 3177 simeone
454 3144 488 3175 (¹1
498 3145 672 3175 Marcomiro
682 3142 812 3175 Ducibus
826 3141 974 3183 defunc‘i'is
984 3168 994 3182 ,
1014 3147 1114 3177 Fran-

233 3204 258 3231 ci
271 3202 303 3229 ln
312 3204 461 3228 commune
471 3192 641 3226 deliberant
652 3214 662 3230 ‚
689 3201 721 3224 ut
734 3194 767 3225 (θ’
779 3191 848 3234 ipſs,
873 3189 942 3231 lt‘cut
966 3194 1034 3226 aliae
1041 3205 1113 3238 gen-

1195 250 1252 273 nec
1265 237 1429 272 subfuiffet
1440 247 1587 280 unquam
1601 260 1611 275 ,
1640 247 1765 279 poterat
1777 239 1833 272 fibi
1845 240 1901 283 ipsi
1914 240 2068 273 assumere

1191 288 1341 322 diadema
1361 312 1370 327 ,
1399 285 1648 332 ideoquelonge
1659 288 1779 329 potiori
1792 289 1888 329 jurea
1912 290 2067 324 Romana

1193 339 1332 373 Ecclesia
1346 338 1508 381 postulare
1521 362 1528 369 .

1240 390 1281 423 Et
1295 387 1399 422 hacin
1424 388 1590 422 laudatam
1615 386 1791 420 Ecclesiam
1816 387 1935 429 pietate
1958 389 2065 432 plures

1189 439 1268 474 olim
1292 438 1405 482 populi
1428 439 1560 471 fuerunt
1583 437 1625 470 usi
1647 461 1654 468 .
1684 436 1819 470 Etenim
1845 437 1976 479 Bulgari
2000 440 2067 473 avi-

1189 500 1277 530 tam,
1306 499 1404 532 quam
1430 487 1485 522 sibi
1508 487 1644 522 Basilius
1660 487 1693 522 δε
1716 486 1956 520 Constantinus
1977 489 2066 522 Con.

1188 539 1472 582 stantinopolitaui
1496 538 1710 580 Imperatores
1731 537 1816 570 male*
1839 538 2041 571 excusserant
2055 563 2067 579 ,

1189 591 1330 634 Regiam
1342 588 1539 636 dignitatem
1553 587 1673 621 restitui
1686 587 1903 630 supplicarunt
1916 598 1954 620 ac
1968 587 2067 630 impe-

1188 650 1314 674 trarunt
1325 639 1367 673 ab
1379 638 1579 672 innocentio
1590 640 1688 672 tertio
1706 663 1713 670 .
1741 637 1823 671 Late
1834 634 1903 670 haec
1913 635 2014 672 habes
2031 640 2067 671 in
2198 634 2204 663 l

1187 690 1310 724 laudati
1323 689 1497 724 Pontificis
1508 688 1575 721 vita
1587 712 1598 728 ‚
1621 687 1784 730 publicata
1796 699 1850 731 per
1861 686 2069 721 Franciscum

1190 741 1417 783 Bosquettutn.
1449 734 1572 773 Eadem
1595 737 1707 771 multis
1729 738 1825 772 refert
1846 762 1857 778 ‚
1895 737 2068 780 quomodo

1190 791 1275 824 idem
1289 790 1446 824 Pontifex
1459 789 1593 823 Petrum
1605 788 1781 831 Aragoniae
1798 787 1986 830 Principem
1997 799 2070 822 eve-

1189 841 1317 874 xerit&
1330 839 1536 874 coronaverit
1550 839 1583 872 in
1608 838 1736 882 Regem
1751 863 1758 870 .
1785 838 1829 872 Et
1851 837 1892 871 ad
1913 838 2069 872 Sancium

1190 890 1399 933 portugalliae
1432 890 1560 934 Regem
1583 889 1692 922 scribit
1717 888 1803 922 idem
1829 888 2066 922 Innocentius:

1192 940 1347 982 Apostolica
1358 941 1445 972 Sedes
1457 941 1569 978 inclytae
1578 940 1786 971 recordationis
1801 937 1978 982 Alpbonsum
1993 942 2068 972 Pro-

1183 996 1344 1034 genitorem
1355 990 1438 1021 tuum
1450 995 1565 1022 nomine
1576 992 1666 1032 Regio
1691 1001 1727 1021 ac
1747 989 1909 1032 Regalibus
1934 988 2066 1033 insigniis
2090 986 2148 1035 {ffi-
2178 997 2207 1017 2·

1189 1042 1360 1078 decoravit,
1388 1037 1573 1082 &ipficm&
1586 1040 1752 1081 Succeffim’s
1772 1038 1841 1082 suos
1863 1040 2014 1081 adoptans
2034 1046 2067 1072 in
2090 1034 2142 1067 hp.
2165 1036 2212 1065 59·

1193 1093 1280 1123 Beati
1293 1093 1376 1122 Petri
1383 1088 1461 1130 filios
1468 1088 1614 1132 speciales
1625 1113 1636 1128 ,
1662 1101 1707 1122 eos
1720 1091 1755 1122 (θ’
1764 1092 1899 1132 Regnum
1913 1090 2068 1134 Portugal-

1189 1139 1267 1184 lense
1275 1138 1452 1183 specialibus
1460 1140 1632 1182 privilegiis
1646 1163 1655 1178 ‚
1679 1137 1792 1180 suaque
1800 1139 1978 1180 protectione
1986 1150 2071 1173 cura-

1191 1196 1238 1224 vit
1251 1195 1443 1223 communiri.
1471 1188 1620 1231 Exponit
1632 1189 1815 1222 Rodericus
1839 1187 2068 1234 Archiepisco-

1194 1251 1248 1283 pus
1258 1240 1464 1273 Toletanus:
1493 1237 1766 1281 Aldepbonsusfuit
1784 1238 1922 1279 strenuus
1948 1242 1983 1274 Θ
1998 1249 2070 1282 per·

1191 1298 1277 1323 tinax
1290 1297 1322 1322 in
1334 1290 1459 1333 agendis
1476 1313 1482 1320 .
1510 1293 1566 1322 Hic
1573 1295 1692 1330 primus
1704 1301 1736 1321 tn
1755 1290 1940 1333 Portugallla
1948 1289 2003 1331 fibi
2013 1297 2071 1323 im-

1191 1339 1286 1383 poficit
1298 1351 1403 1373 nomen
1415 1343 1505 1383 Regis
1517 1364 1528 1380 ,
1558 1340 1721 1380 cumpater
1731 1340 1797 1379 ejus
1810 1343 1914 1372 Comes
1923 1363 1935 1380 ,
1962 1342 1997 1374 (9
2009 1338 2070 1383 ipsse

1193 1395 1265 1424 Dux
1280 1393 1373 1423 antea
1388 1391 1576 1422 dicerentur.
1607 1392 1653 1421 Et
1677 1389 1716 1422 ab
1736 1392 1872 1433 Eugento
1893 1395 1998 1430 tertio,
2026 1395 2071 1423 cut

1191 1444 1324 1484 Regnum
1331 1439 1419 1483 suum
1439 1438 1587 1478 constituit
1605 1438 1743 1482 censuale
1754 1463 1764 1478 ,
1790 1441 1887 1475 multa
1901 1442 2070 1484 privilegia

1193 1492 1437 1534 &indulgentias
1451 1495 1631 1530 impetravit
1644 1514 1651 1520 .
1679 1488 1829 1523 Hienim
1840 1500 1955 1524 omnes
1981 1500 2071 1524 erant

1192 1540 1281 1574 liberi
1296 1540 1458 1583 populiac
1470 1540 1610 1583 supremi
1631 1538 1822 1583 Principes,
1849 1539 1990 1584 ideoque
2012 1540 2072 1580 sibi

1192 1591 1264 1634 ipsis
1275 1600 1424 1632 poterant
1450 1587 1600 1623 diadema
1620 1590 1812 1632 imponere,
1838 1589 1940 1635 longe
1966 1592 2072 1635 magis

1190 1640 1230 1674 ab
1244 1640 1389 1674 Ecclesia
1412 1639 1566 1673 Romana
1589 1639 1776 1682 impetrare.
1805 1640 1948 1674 Duobus
1971 1641 2073 1685 igitur

1191 1690 1321 1734 populis
1332 1689 1476 1733 Regiam
1497 1699 1553 1722 aut
1574 1691 1726 1732 quamvis
1748 1690 1848 1723 aliam
1871 1691 2075 1734 dignitatem

1190 1742 1313 1774 donare
1324 1738 1428 1783 potest
1444 1739 1573 1773 laudata
1591 1739 1756 1773 Ecclesia:
1785 1738 1954 1777 Videlicet
1978 1741 2013 1775 &
2036 1742 2076 1775 li-

1190 1791 1273 1825 beris
1289 1814 1299 1830 ,
1323 1790 1355 1823 δε
1368 1789 1424 1823 sibi
1436 1789 1658 1832 temporaliter
1672 1789 1834 1832 subjestis.
1863 1789 1906 1823 Et
1929 1791 1970 1824 sic
1981 1791 2074 1826 dedit

1189 1841 1322 1875 Siculis.
1352 1837 1485 1875 Ethinc
1498 1841 1629 1875 Sanetus
1650 1839 1832 1875 Bernardus
1857 1840 2012 1876 titubavit
2035 1842 2073 1876 in

1188 1890 1410 1925 fundamento
1423 1916 1431 1923 .

1239 1941 1348 1975 Annae
1358 1941 1585 1976 Comnenaein
1611 1941 1757 1977 nostrum
1779 1943 1981 1988 Gregorium
2004 1944 2071 1987 pal·

1189 1993 1283 2026 maris
1297 1993 1461 2027 calumnia
1474 1993 1518 2026 est
1534 1994 1658 2026 Hauon
1676 1994 1776 2038 Regis
1788 1993 1936 2028 Ammon
1954 1994 1988 2027 in
2004 1995 2071 2029 Re-

1187 2044 1236 2086 gis
1247 2041 1359 2076 David
1373 2043 1515 2088 Legatos
1527 2044 1654 2077 facinus
1666 2068 1676 2083 ,
1702 2042 1742 2078 de
1753 2055 1821 2086 quo
1835 2044 1929 2078 Sacer
1940 2053 2069 2079 textus:

1187 2091 1269 2134 Rafit
1285 2093 1444 2124 dimidiam
1452 2101 1573 2134 partem
1583 2092 1684 2126 barbae
1698 2105 1796 2127 eorum
1810 2119 1821 2126 .
1847 2094 1924 2128 Erat
1946 2094 2069 2130 duriffi-

1187 2154 1238 2175 ma
1252 2142 1455 2175 contumelia
1467 2165 1475 2172 .
1506 2143 1548 2175 Et
1563 2141 1641 2176 hinc
1653 2142 1692 2176 ad
1706 2142 1772 2177 haec
1784 2143 1872 2177 Sacri
1893 2153 2003 2178 textus
2025 2146 2068 2180 de.

1185 2190 1406 2225 Sennacherib
1421 2192 1626 2235 Assyriorum
1652 2190 1745 2237 Rege
1768 2192 1887 2232 verba,
1914 2194 2067 2238 Reversus

1185 2242 1222 2281 est
1233 2252 1298 2274 cum
1312 2246 1516 2285 ignominiam
1537 2250 1648 2274 terram
1668 2241 1754 2285 suam
1766 2268 1777 2283 ,
1805 2242 1915 2277 scribit
1937 2244 1973 2278 in
1996 2245 2066 2280 He·

1185 2292 1302 2326 braicis
1330 2294 1421 2335 super
1441 2291 1620 2326 secundum
1644 2291 1921 2336 Paralipomenon
1945 2294 2067 2331 librum

1184 2341 1416 2376 traditionibus
1434 2343 1568 2376 Sanetus
1580 2342 1810 2386 Hieronymus
1824 2356 1831 2375 ε
1861 2346 1997 2378 Tradunt
2008 2355 2068 2385 He.

1183 2393 1258 2425 braei
1269 2401 1358 2434 caput
1370 2395 1404 2426 Θ
1412 2392 1537 2425 barbam
1549 2393 1592 2425 illi
1603 2390 1704 2435 rasam
1716 2393 1758 2426 ab
1772 2396 1879 2438 Angelo
1892 2401 1924 2428 in
1944 2402 2065 2441 ignomi-

1183 2448 1282 2475 m'am.
1313 2443 1463 2476 Barbae&
1474 2442 1590 2486 capitis
1602 2443 1741 2477 rasuram
1754 2446 1894 2488 exponit
1907 2447 1940 2481 in
1953 2449 2062 2484 Sansti

2085 2326 2217 2368 Cap-32·

1169 2485 1328 2536 ‘Jeremiae
1349 2493 1596 2527 commentariis
1616 2495 1714 2528 etiam
1736 2492 1971 2532 Theodoretus
1990 2525 2000 2539 ‚
2026 2501 2062 2535 &

1182 2544 1353 2587 adjungit:
1381 2547 1413 2576 Is
1425 2553 1490 2576 erat
1498 2550 1685 2587 captivorum
1696 2543 1830 2578 habitus.
1859 2547 1903 2582 Et
1915 2549 2061 2592 Majores

1184 2593 1354 2627 nostrosin
1368 2593 1560 2627 Christianae
1584 2592 1658 2628 fidei
1681 2595 1903 2640 ignominiam
1927 2598 2021 2635 fuisse
2040 2603 2060 2637 ὲ
2079 2597 2152 2637 Cap·
2169 2604 2216 2635 48.

1182 2642 1322 2687 Paganis
1335 2644 1484 2686 tyrannis
1504 2643 1690 2686 frequenter
1713 2646 1943 2689 semi-tonsos,
1971 2650 2060 2686 lucet

1180 2705 1221 2727 ex
1235 2694 1341 2727 Sancti
1355 2693 1515 2736 Cypriani
1539 2694 1696 2736 Epistolis
1717 2721 1723 2727 .
1746 2696 1894 2732 Eandem
1915 2699 2059 2744 ignomi-

1181 2745 1270 2777 niam
1284 2744 1388 2786 passus
1402 2744 1545 2777 asseritur
1558 2746 1693 2779 Sanctus
1718 2745 1833 2780 Petrus
1857 2748 2057 2794 Apostolus,

1179 2795 1211 2827 ὃς
1224 2793 1290 2827 haec
1304 2795 1367 2827 effe
1381 2793 1478 2838 origo
1501 2794 1672 2829 Clericalis
1690 2807 1821 2832 coronae
1841 2798 1875 2832 ὃς
1895 2803 2035 2836 tonsurae
2047 2827 2054 2834 .

1181 2844 1235 2877 Est
1248 2844 1375 2877 facinus
1388 2844 1478 2887 lapsis
1491 2845 1524 2878 in
1538 2843 1650 2879 Photii
1664 2845 1799 2883 schisma
1823 2849 1943 2885 Graecis
1964 2853 2057 2886 fami-

1177 2895 1256 2928 liare
1275 2919 1281 2925 .
1310 2895 1442 2928 Etenim
1456 2894 1652 2929 Alacaseum
1673 2897 1831 2939 militem,
1863 2901 1920 2943 qui
1944 2903 2055 2935 fidium

1177 2956 1214 2977 ac
1227 2945 1433 2987 personatum
1446 2946 1612 2991 Diogenis
1624 2947 1707 2980 olim
1718 2947 1928 2992 Imperatoris
1946 2952 2053 2986 filium

1177 2995 1360 3038 proditurus
1382 2995 1573 3038 Imperatori
1597 2997 1720 3031 Alexio
1742 2999 1938 3040 Comneno,
1965 3001 2055 3035 vole-

1178 3045 1231 3078 bat
1257 3044 1311 3078 fibi
1337 3046 1390 3088 ipsi
1417 3056 1547 3079 comam
1568 3047 1601 3079 &
1625 3046 1759 3081 barbam
1783 3049 1915 3090 radere,
1942 3050 2054 3086 laudat

1176 3096 1276 3128 Anna
1290 3095 1463 3129 comnena
1475 3120 1482 3127 .
1509 3096 1553 3130 Et
1565 3095 1606 3130 de
1619 3098 1707 3131 fastae
1720 3099 1754 3131 in
1767 3099 1907 3133 eundem
1928 3111 2052 3143 patrem
2071 3101 2133 3136 Lib.
2158 3115 2200 3139 10.

1178 3146 1270 3178 suum
1293 3145 1535 3188 conjurationis
1561 3149 1690 3181 auctore
1713 3147 1879 3182 Michaele
1908 3151 2053 3186 Anema·

1173 3196 1213 3228 de
1241 3195 1350 3228 scribit
1377 3196 1488 3230 eadem
1514 3198 1611 3230 Anna
1635 3209 1642 3228 :
1681 3197 1831 3237 Michael,
1857 3198 1953 3233 barba

1971 3205 2051 3243 pua*
2071 3225 2143 3262 Cap.
2163 3231 2174 3250 1
2182 3231 2208 3251 z.

232 3255 278 3280 tes
292 3271 302 3287 ‚
330 3249 462 3288 Regnum
474 3242 604 3274 habeant
617 3266 624 3272 .
654 3245 699 3273 Et
709 3241 802 3282 filium
830 3245 999 3274 Marcomiri
1023 3246 1111 3277 Ducis
1174 3251 1227 3278 tim
1239 3244 1346 3288 evulsa
1357 3270 1367 3285 ,
1393 3252 1491 3287 capite
1507 3249 1575 3279 verb
1588 3248 1632 3278 ad
1641 3256 1735 3279 cutem
1744 3246 1808 3291 raso
1815 3249 1985 3291 per-forum
2006 3256 2050 3287 ad

233 3295 481 3330 Pharamondum
489 3290 546 3334 fibi
558 3295 668 3335 Regem
691 3294 849 3324 ordinant.
878 3291 921 3324 Et
946 3292 1024 3326 hinc
1047 3293 1113 3327 dia.

233 3346 327 3380 dema
341 3346 358 3379 a
373 3342 538 3378 Pomifice
551 3341 772 3385 postulantem
796 3342 990 3375 Busclavum
1013 3342 1109 3386 impe-

233 3396 300 3431 dire
320 3395 404 3431 male
426 3393 530 3428 voluit
552 3390 682 3436 Auceps
707 3391 869 3426 Henricus
888 3417 894 3425 .
920 3392 1107 3429 Sclavorum

1170 3297 1330 3328 ludibrium
1352 3296 1566 3329 traducebatur
1589 3322 1596 3329 .

1637 3297 1682 3330 Et
1705 3297 1746 3330 de
1770 3299 1882 3333 similis
1902 3301 2048 3336 criminis

1173 3356 1227 3379 reo
1249 3347 1414 3388 Gregorio
1437 3347 1655 3388 Trapezuntis
1667 3346 1779 3381 Duce:
1807 3353 1981 3394 Gregorium
1995 3357 2050 3386 Au-

1166 3396 1266 3439 gustus
1286 3397 1368 3434 jubet
1385 3405 1440 3439 per
1462 3398 1591 3431 medium
1615 3398 1730 3430 traduci
1749 3397 1854 3441 forum
1868 3425 1878 3441 ,
1904 3408 2000 3442 capite
2013 3405 2048 3437 &¹

1907 3450 2000 3485 barba
