2372 3756
93 594 158 626 Δέὶ.
185 603 211 631 3·

662 215 945 260 QmNTUM
981 200 1293 244 ROMANUM
1331 201 1709 246 CoNcuiuM.

316 287 374 322 An
388 287 574 321 Graecorum
588 286 726 329 populus
737 283 934 327 quandoque
950 285 1085 317 farinam
1097 282 1158 316 ob-

266 339 377 374 tulerit
392 362 402 378 ,
417 340 536 382 ignoro
549 360 556 368 .
585 336 729 370 Nullum
744 335 834 368 istius
846 335 890 367 rei
904 333 1007 367 habeo
1018 334 1156 368 authen-

266 392 370 424 ticum
394 387 622 421 testimonium
642 411 649 418 .
678 385 815 428 Aliquid
834 393 941 416 tamen
968 383 1083 428 colligi
1111 383 1157 416 vi·

269 441 364 474 detur
373 450 413 473 ex
427 438 629 471 accusatorio
645 434 757 469 libello
768 459 779 475 ,
791 444 887 476 quem
899 431 1152 467 Chalcedonen-

266 494 289 528 si
305 488 441 533 synodo
453 487 606 523 adversus
619 487 815 520 Dioscorum
827 483 919 516 suum
932 482 1153 518 Patriarcham

266 540 417 578 exhibuit
452 537 628 581 ischyrion
667 535 841 569 Diaconus
887 531 1150 568 Alexandrinust

268 591 423 635 Dioscorus
448 598 547 623 contra
567 596 666 619 omnes
692 592 782 617 tanta
804 591 982 624 perpetrare
992 582 1079 626 ausus
1090 584 1127 623 est
1141 610 1151 625 ‚

267 649 402 677 ucetiam
424 642 458 675 Θ·
467 639 654 681 frumentum
669 658 679 673 ‚
706 635 784 676 quod
795 635 815 664 ἃ
825 633 956 674 piiffimis
980 633 1081 673 nostris
1095 639 1151 666 Im-

263 690 458 736 peratoribus
481 684 611 726 Ecclefiis
637 683 759 723 Lybiae,
783 691 906 725 propter
928 684 1104 716 ariditatem
1118 687 1149 717 il-

267 746 326 778 lius
352 737 516 775 Provincc'ae
538 761 548 775 ,
577 737 610 768 (θ’
635 740 707 776 quia
732 735 849 766 omnino
871 738 1004 766 triticum
1029 733 1070 765 ibi
1093 743 1150 766 non

267 793 399 836 nascitur
411 813 421 828 ‚
441 784 608 830 praestiium
629 784 667 823 est
680 809 690 823 ,
708 792 750 821 ,ιιι
760 790 914 816 incruenta
937 794 975 815 ex
986 781 1048 825 ipso
1058 783 1148 822 hostia

265 842 404 884 offeratur
419 863 429 879 ,
455 849 512 869 non
519 841 706 878 permitteret
718 832 865 875 suscipere
873 830 1060 875 sandisfimos
1072 837 1146 876 Epi·

261 891 359 936 ftopos
380 891 461 923 illius
475 890 661 920 Provinciae.
690 884 814 916 Eadem
830 883 949 925 pietate
970 883 1088 925 poffint
1112 885 1146 918 ὃς

263 942 319 975 alii
340 940 456 974 divites
467 947 642 981 pauperum
665 933 830 968 oblationi
854 932 992 968 farinam
1016 944 1072 968 aut
1084 935 1146 968 fru-

263 1002 412 1026 mentum
434 987 583 1023 donaffe.
615 986 656 1019 Et
671 986 754 1019 inter
774 983 948 1023 articulos,
975 982 1145 1027 dequibus

263 1040 353 1075 ibam
376 1040 576 1082 Episcopum
591 1037 681 1069 suum
707 1034 867 1068 accusavit
880 1033 994 1067 Clerus
1017 1033 1145 1068 Edeffe·

263 1103 346 1131 nus,
374 1089 436 1123 fuit
458 1089 492 1122 &
514 1087 592 1120 hic.-
621 1089 700 1118 Dum
721 1089 858 1117 memoria
874 1082 959 1124 fieret
972 1081 1144 1125 sanllorum

262 1146 447 1179 Martyrum,
477 1149 534 1170 non
548 1136 585 1175 est
599 1138 703 1168 datum
725 1140 832 1167 vinum
855 1131 1079 1175 adsacrificium
1091 1135 1137 1166 Al-

261 1197 340 1225 taris
353 1215 363 1230 ,
390 1191 433 1222 ad
438 1186 707 1232 sanc‘lificationcm
734 1183 875 1225 &populi
887 1182 1117 1222 distributionem
1129 1208 1139 1223 ,

260 1240 319 1282 nist*
334 1241 494 1273 admodum
516 1243 654 1281 exiguum
676 1237 710 1268 <5
735 1233 876 1275 vitiosum
896 1256 907 1272 ,
935 1243 970 1264 ac
994 1232 1117 1276 lutosum
1130 1259 1140 1274 ,

259 1289 387 1334 &quast
393 1301 424 1323 eo
435 1296 560 1329 tempore
571 1287 815 1323 vindemiatum,
841 1292 874 1314 ut
884 1294 923 1315 ex
949 1281 1000 1314 hoc
1011 1294 1140 1326 cogeren-

257 1350 308 1374 tur
330 1341 522 1383 quideputati
537 1336 663 1377 fuerant
676 1333 842 1374 ministrare
855 1354 865 1370 ,
891 1333 928 1364 de
940 1332 1072 1364 tabernis
1085 1345 1137 1365 om-

258 1393 330 1424 nino
344 1386 451 1430 vitiosis
463 1395 633 1428 comparare
642 1381 787 1426 sextarios
799 1405 809 1420 ‚
835 1386 887 1424 qui
900 1393 951 1414 nec
957 1381 1121 1423 sufficerent
1130 1409 1137 1416 .

259 1439 454 1473 Edessenam
484 1435 659 1470 Ecclesiam
693 1434 726 1466 δε
752 1433 786 1465 in
815 1430 1023 1465 facultatibus
1047 1432 1080 1465 &
1105 1433 1138 1465 in

258 1489 403 1532 pecuniis
422 1486 514 1521 fuisse
539 1484 708 1527 insigniter
733 1480 924 1523 opulentam
948 1503 958 1519 ‚
987 1481 1074 1514 lucet
1098 1494 1139 1515 ex

259 1538 377 1581 Juliani
389 1534 597 1579 Imperatoris
610 1531 756 1575 Epistola
780 1528 819 1563 ad
835 1529 993 1563 Ecbolam
1008 1544 1018 1563 .-
1046 1531 1139 1565 Hinc

256 1589 325 1631 ejus
350 1587 529 1630 Episcopus
551 1583 704 1617 oblaturo
725 1581 1055 1614 &communicaturo
1083 1593 1139 1625 po-

256 1639 335 1682 pulo
345 1636 459 1671 debuit
481 1635 598 1668 vinum
623 1631 825 1674 suppeditare
839 1653 847 1662 .
878 1629 1080 1676 Qinimmo
1093 1633 1138 1666 vi-

255 1691 351 1722 detur
362 1687 430 1729 ejus
442 1683 580 1729 populus
593 1693 659 1716 non
674 1679 828 1714 obtulisse
840 1679 972 1712 vinum:
1002 1680 1036 1713 Si
1047 1683 1137 1715 enim

256 1737 422 1772 obtulisset
449 1760 460 1776 ‚
494 1732 777 1769 communicaturo
805 1740 871 1763 non
900 1739 1025 1773 poterat
1051 1730 1137 1766 defe-

256 1789 333 1823 cisse
349 1813 356 1820 .
388 1785 513 1820 Verum
536 1782 585 1817 hae
607 1782 738 1816 fuerunt
762 1778 938 1824 fingulares
962 1791 1135 1822 paucarum

255 1837 474 1872 Ecclesiarum
496 1830 749 1868 consuetudines
771 1854 779 1861 .
810 1830 949 1863 Latinus
975 1831 1074 1873 usque
1094 1832 1134 1866 ad

254 1888 421 1932 Magnum
462 1883 663 1928 Gregorium
702 1880 841 1924 populus
878 1878 973 1913 istum
1002 1881 1107 1924 ipsum
1122 1906 1132 1923 ,

253 1947 351 1982 quem
373 1934 560 1975 obtulerat,
585 1934 808 1967 consecratum
830 1939 947 1973 panem
959 1931 1134 1975 recipiebat

254 1988 296 2023 ab
323 1987 488 2031 Episcopo
516 2009 527 2026 ,
553 1983 691 2025 ideoque
719 1981 818 2025 usque
837 1988 920 2014 tunc
947 1984 1134 2024 non'poffit

253 2038 394 2072 farinam
414 2034 586 2071 obtulisse.
612 2033 669 2067 Ob
694 2032 784 2073 supra
797 2039 1012 2064 memoratum
1026 2031 1136 2066 infide-

254 2089 295 2121 lis
305 2086 446 2120 foeminae
467 2084 594 2118 facinus
615 2081 710 2126 poffit
724 2091 847 2114 morem
870 2081 1005 2114 mutasse
1030 2081 1135 2116 lauda-

255 2147 307 2171 tus
319 2134 477 2170 Pontifex
489 2156 500 2173 ‚
524 2133 558 2166 &
574 2133 715 2166 farinam
727 2154 738 2168 ‚
762 2140 832 2172 quae
855 2140 909 2171 per
921 2129 1068 2164 Clericos
1080 2142 1134 2165 aut

254 2188 358 2222 sacras
367 2182 519 2220 mulieres
529 2190 719 2226 coqueretur
733 2204 743 2219 ,
772 2180 805 2212 in
818 2178 957 2213 Oblatas
969 2181 1112 2225 exegisse
1127 2207 1133 2214 .

253 2237 322 2271 Res
335 2247 402 2269 non
422 2243 509 2268 caret
520 2233 738 2266 fundamento
751 2253 758 2260 .

304 2286 389 2320 Atto
406 2280 621 2318 Vercellenfis
634 2280 814 2323 Episcopus
826 2279 883 2313 suo
894 2279 1075 2322 Capitulari
1088 2293 1134 2315 re-

253 2335 301 2371 ἃὲ
311 2334 446 2370 inseruit
465 2330 530 2366 hoc
545 2331 758 2374 Capitulum:
786 2333 905 2372 Corpus
922 2333 1042 2363 Domini
1056 2333 1134 2364 nullo

253 2387 338 2420 modo
349 2382 555 2428 conservetur,
581 2381 638 2422 nisi
655 2393 693 2414 ex
705 2385 823 2423 intfflra
839 2379 1000 2412 oblatione.
1025 2383 1134 2423 Neque

253 2442 333 2470 enim
343 2438 490 2468 Dominus
500 2430 547 2475 sui
558 2437 685 2474 corporis
695 2430 828 2472 aliquam
853 2431 1076 2463 diminutionem
1087 2430 1131 2474 su-

81 2493 154 2530 Cap.
176 2502 218 2523 ιο.
247 2487 376 2528 stinuit,
395 2483 467 2527 ficut
484 2481 628 2526 firiptum
653 2481 712 2521 est:
738 2480 838 2513 NEC
864 2480 1002 2513 DABlS
1028 2481 1133 2515 SAN-

86 3060 194 3097 &1233-

85 3108 149 3138 cap.
173 3110 199 3136 ς.

255 2534 410 2571 CTUM
429 2532 592 2568 TUUM
619 2529 804 2565 VIDERE
824 2529 1130 2565 CORRUPTIO·

254 2585 365 2621 NEM
388 2609 396 2616 .
423 2586 468 2616 Et
493 2582 567 2615 alibi
592 2592 600 2612 ε
626 2581 682 2615 OS
708 2579 815 2614 NON
842 2579 1131 2615 COMMlNUE-

253 2636 330 2670 TIS
357 2634 421 2667 EX
448 2632 529 2666 EO.
556 2630 658 2677 Qod
683 2629 786 2672 ipsum
811 2629 843 2661 in
857 2630 1006 2674 Dialogo
1026 2631 1131 2665 adver-

254 2686 307 2722 sus
318 2682 519 2719 Michaelem
531 2679 733 2715 Gerularium
744 2677 961 2712 patriarcham
972 2679 1093 2714 Consta
1099 2693 1131 2714 n·

253 2734 510 2779 tinopolitanum
523 2738 616 2777 urget
628 2727 811 2764 Cardinalis
821 2728 1023 2763 Humbertus
1035 2755 1042 2762 .
1069 2730 1130 2765 Ve-

253 2787 326 2821 rum
338 2782 427 2829 quod
439 2776 558 2817 Latina
580 2779 662 2815 olim
675 2778 815 2813 Ecclesia
829 2778 962 2813 unicum
982 2791 1023 2813 ex
1035 2780 1132 2815 colle-

253 2839 302 2870 &a
315 2833 428 2879 populi
448 2832 550 2867 farina
562 2841 720 2875 magnum
744 2838 860 2872 panem
877 2830 1110 2865 consecraverit
1121 2857 1131 2872 ,

253 2897 291 2920 ac
310 2885 345 2919 in
358 2884 523 2929 praesentes
551 2880 692 2915 diviserit
708 2903 719 2919 ‚
744 2876 934 2912 authentice
954 2891 1022 2914 non
1034 2882 1129 2924 poffit

253 2933 466 2969 demonstrari
493 2958 500 2965 .
526 2931 676 2979 Qisque
709 2928 798 2962 enim
834 2929 1008 2972 recipiebat
1041 2932 1128 2965 suam

253 2984 408 3019 Oblatam
422 3007 429 3014 .
448 2982 492 3016 Et
502 2982 542 3016 de
554 2982 619 3024 ipsa
633 2981 667 3014 in
683 2978 884 3013 sermonibus
895 2979 935 3012 de
947 2978 1049 3014 verbis
1060 2983 1129 3015 Do-

254 3033 338 3068 mini
359 3031 469 3067 scribit
480 3032 613 3065 Sanetus
637 3028 863 3074 Augustinus:
892 3029 1033 3063 Modicum
1056 3033 1133 3074 quid

252 3089 413 3125 accipimus
426 3105 437 3122 ‚
463 3082 497 3115 Θ
507 3086 538 3114 in
550 3081 634 3116 corde
641 3077 815 3124 saginamur
826 3105 833 3111 .
863 3078 906 3111 Et
916 3077 955 3112 de
966 3079 1049 3115 avita
1064 3081 1132 3116 Ro.

253 3143 358 3168 manae
379 3143 417 3166 ae
443 3130 545 3165 totius
573 3130 699 3165 Latinae
725 3129 872 3162 Ecclefiae
897 3130 1131 3167 consuetudine

252 3182 362 3217 scribit
378 3179 527 3215 laudatus
549 3179 768 3214 Humbertus:
797 3181 908 3212 Tenues
921 3178 1045 3212 Oblatas
1058 3203 1069 3220 ,
1086 3193 1128 3216 ex

246 3232 343 3276 fimila
364 3238 580 3275 praeparatas,
610 3234 743 3273 integrae
765 3229 800 3261 6·
815 3227 914 3271 sanas
937 3253 948 3269 ‚
968 3227 1060 3271 sacris
1083 3234 1129 3266 At.

251 3283 367 3317 ,aerfbus
378 3280 601 3326 superponimus
612 3302 624 3318 ,
643 3280 678 3312 <tr
688 3290 725 3311 ex
739 3277 807 3320 ipsis
814 3278 877 3320 post
889 3277 1128 3321 consecrationem

245 3333 359 3377 fragis
370 3343 434 3366 cum
442 3329 549 3372 populo
561 3332 801 3361 communicamus
817 3352 824 3360 .
852 3328 894 3362 Et
907 3330 940 3362 in
961 3328 1074 3365 litteris
1085 3333 1136 3366 ad¹

1940 218 2034 264 107

1221 295 1296 318 nem
1310 281 1549 326 Bromptonurn
1561 285 1712 322 Gentiles
1735 287 1919 335 Anglorum
1931 293 2038 337 Reges
2050 293 2095 326 in-

1220 345 1385 379 terrogant
1409 335 1558 368 Sanctum
1570 335 1742 371 Mellitum
1766 339 2005 376 Londinensem
2020 343 2097 385 Epi-

1220 388 1353 428 scopum
1367 397 1373 416 :
1402 387 1508 428 ‚Quare
1522 395 1580 417 non
1593 386 1674 419 nobis
1682 396 1794 429 panem
1806 393 1932 422 nitidum
1944 399 2069 436 porrigis
2079 417 2090 432 ‚
2114 406 2210 441 An·73
2217 404 2255 434 gg

1217 446 1301 479 quem
1319 441 1406 477 patri
1430 435 1524 475 nostro
1544 436 1642 468 dabas
1654 461 1664 478 ,
1692 438 1840 479 &populo
1860 440 1955 473 adhuc
1966 444 2060 475 donas
2075 443 2093 474 ,ἶ

1218 486 1349 529 Utique
1372 495 1489 528 panem
1511 497 1662 528 azymum
1678 512 1688 527 ,
1715 489 1896 532 signatum,
1926 490 1960 523 &
1980 503 2093 526 rotun-

1213 537 1294 571 dum
1307 561 1317 575 ‚
1344 535 1384 568 de
1396 546 1462 578 quo
1483 537 1607 569 rursum
1621 538 1795 571 Honorius
1814 538 2091 582 Augustodunen-

1213 588 1273 621 fis:
1301 589 1396 618 Panis
1422 586 1486 618 ideo
1506 590 1538 618 in
1549 587 1664 619 modum
1687 589 1805 620 denarii
1819 587 1995 630 formatur,
2018 597 2090 632 quia

1199 642 1301 679 -panis
1314 642 1391 669 vitae
1403 635 1536 675 christus
1546 643 1602 676 pro
1618 639 1805 671 denariorum
1819 649 1937 671 numero
1951 640 2090 672 tradeba-

1211 697 1260 721 tur
1270 712 1280 727 ,
1310 691 1359 729 qui
1371 693 1462 719 verus
1478 687 1619 719 denarius
1640 693 1673 719 in
1684 694 1773 720 vinea
1786 688 1991 722 laborantibus
2005 689 2090 722 dabi-

1209 746 1261 770 tur
1270 742 1303 769 in
1311 740 1434 778 proemio
1447 759 1454 766 .
1482 737 1553 768 Ideo
1564 742 1658 781 imago
1671 740 1791 770 Domini
1801 749 1866 771 cum
1876 740 1985 771 litteris
1994 744 2026 771 in
2037 738 2089 772 boc

1206 796 1287 828 pane
1307 791 1487 828 exprimitur
1499 809 1509 825 ,
1534 791 1605 828 quia
1629 789 1663 821 Θ
1681 792 1714 820 in
1736 788 1857 820 denario
1876 794 1970 832 imago
1993 791 2088 823 &no-

1209 849 1276 870 men
1290 841 1483 879 Imperatoris
1491 834 1632 878 scribitur
1640 862 1650 878 ,
1676 839 1710 871 ό·
1718 845 1773 879 per
1785 837 1861 871 bunc
1870 845 1981 879 panem
1991 844 2088 883 imago

1211 890 1266 919 Dei
1289 891 1321 919 in
1344 887 1426 919 nobis
1447 894 1623 928 reparatur,
1651 888 1685 921 (τ
1699 899 1804 922 nomen
1825 887 1948 927 nostrum
1967 894 1999 921 in
2010 889 2086 922 libro

1208 943 1284 970 vitae
1295 944 1431 969 notatur.
1459 937 1569 983 Quem
1580 936 1675 971 ritum
1691 939 1753 972 effe
1764 938 2008 972 vetustiffimum
2028 938 2088 972 do-

1206 997 1281 1020 cent
1296 985 1453 1020 Amalarii
1467 987 1638 1021 Fortunati
1653 986 1690 1020 ad
1705 988 1909 1023 Hieremiam
1920 989 2087 1023 Senonen-

1206 1038 1270 1070 sem
1294 1037 1328 1070 δε
1341 1036 1458 1079 Jonam
1473 1037 1741 1071 Aurelianensem
1755 1037 1954 1082 Episcopum
1967 1039 2007 1072 de
2017 1049 2087 1071 mo-

1204 1087 1249 1120 do
1262 1111 1272 1126 ‚
1288 1097 1354 1129 quo
1366 1084 1569 1120 benedictum
1585 1098 1706 1120 nomen
1720 1088 1831 1130 JESU
1848 1088 1940 1123 scribi
1954 1087 2083 1128 debeat,

1205 1137 1331 1170 litterae:
1358 1135 1511 1169 Omnino
1524 1137 1613 1169 enim
1637 1137 1785 1170 videntur
1805 1136 1920 1171 docere
1943 1138 2082 1172 modum

1209 1186 1302 1230 ipsius
1324 1184 1481 1220 scribendi
1503 1185 1536 1218 in
1550 1185 1699 1219 Oblatis.
1728 1187 1800 1221 Nec
1823 1188 1944 1222 obsunt
1962 1189 2084 1222 sansto-

1206 1247 1274 1271 rum
1286 1236 1418 1270 Patrum
1431 1260 1441 1276 ‚
1468 1234 1523 1279 qui
1535 1236 1755 1270 consecratam
1773 1235 1976 1272 oblationem
1991 1250 2084 1272 man·

1203 1289 1280 1320 dant
1294 1288 1351 1320 suo
1361 1296 1506 1328 tempore
1519 1285 1670 1320 dividiae
1693 1287 1724 1318 in
1740 1288 1897 1330 populum
1909 1287 2082 1327 distribui,

1204 1337 1331 1370 rituales
1357 1335 1429 1369 libri
1457 1359 1467 1375 ,
1509 1346 1547 1368 ac
1573 1335 1635 1368 alia
1662 1335 1842 1371 denfiffirna
1871 1337 2059 1372 testimonia
2073 1364 2080 1370 .

1205 1386 1354 1420 Laudant
1376 1385 1463 1419 enirn
1488 1385 1587 1419 solius
1612 1386 1800 1429 principalis
1821 1386 1949 1421 Oblatae
1970 1389 2082 1421 frac'iu-

1204 1448 1268 1470 ram
1282 1459 1292 1474 ‚
1308 1435 1348 1469 de
1361 1435 1468 1478 quain
1481 1435 1659 1469 Orientalis
1673 1436 1818 1470 Ecclesiae
1833 1436 1980 1471 Historia
1992 1438 2082 1481 jaco-

1203 1486 1261 1520 bus
1287 1485 1473 1519 Cardinalis
1499 1485 1539 1518 de
1565 1484 1714 1519 Vitriaco
1737 1499 1743 1518 :
1770 1487 1965 1520 Mozarabum
1987 1488 2083 1530 aliqui
2102 1500 2174 1537 Cap·
2194 1510 2238 1530 Π,

1196 1534 1335 1578 sanc‘lam
1348 1534 1542 1574 Eucharistiae
1553 1534 1687 1575 formam
1698 1541 1730 1567 in
1737 1533 1853 1578 sil-ptem
1870 1545 1977 1577 partes
2000 1539 2083 1570 divi·-

1201 1587 1277 1618 dunt
1288 1610 1298 1625 ‚
1325 1586 1376 1618 alii
1387 1591 1419 1616 in
1429 1595 1533 1617 novem
1549 1608 1558 1623 ‚
1584 1586 1649 1617 cum
1672 1594 1772 1618 tamen
1784 1589 1920 1619 Romana
1935 1587 2084 1629 Ecclesia,

1200 1637 1234 1670 <vr
1244 1637 1297 1668 alii
1309 1637 1404 1669 eidem
1423 1633 1548 1676 subjecit
1568 1632 1667 1676 ipsam
1676 1639 1708 1666 in·
1721 1644 1782 1667 tres
1807 1638 1926 1669 tantum
1934 1643 2083 1678 portiones

1196 1691 1374 1726 partiantur
1391 1709 1397 1716 .
1425 1684 1536 1718 Etiam
1550 1695 1661 1727 parvas
1670 1683 1810 1718 Oblatas
1825 1687 1910 1728 apud
1922 1688 2083 1729 quosdam

1201 1735 1292 1769 fuiffe
1302 1733 1417 1768 divisas
1437 1732 1503 1779 jam
1514 1733 1599 1767 dixit
1611 1732 1798 1769 Cardinalis
1808 1735 2014 1770 Humbertus
2025 1762 2033 1770 .

1248 1785 1330 1832 Qo
1354 1795 1461 1819 autem
1484 1794 1631 1826 ternpore
1655 1784 1792 1828 populus
1814 1786 1940 1820 desierit
1965 1798 2084 1830 panem

1199 1837 1232 1870 ὅ(
1246 1837 1358 1869 vinum
1375 1860 1386 1876 ‚
1407 1835 1442 1868 &
1456 1834 1611 1877 inceperit
1623 1834 1775 1869 denarios
1792 1836 1907 1870 offerre
1917 1861 1928 1877 ,
1956 1837 2084 1882 ignora·

1199 1898 1271 1920 tur.
1299 1884 1354 1918 Ad
1380 1884 1501 1918 decimi
1525 1884 1629 1918 saeculi
1652 1883 1797 1919 medium
1812 1886 1931 1931 scripsit
1947 1888 2083 1923 inlibro

1199 1936 1238 1971 de
1251 1937 1462 1971 sacramento
1476 1934 1601 1969 Altaris
1615 1933 1798 1979 Stephanus
1810 1936 1993 1982 Episcopus
2016 1938 2084 1973 Au-

1198 1986 1446 2032 gustodunenfis
1470 1999 1481 2019 .·
1507 1988 1588 2019 Tunc
1611 1986 1750 2019 Sacerdos
1770 1986 1856 2028 offert
1886 1989 1967 2022 dona
1986 2014 1996 2031 ‚
2017 1989 2083 2032 five
2103 2002 2176 2041 Cap,
2195 2010 2243 2033 η,

1198 2036 1341 2070 libamina
1366 2038 1430 2070 cum
1458 2034 1572 2078 incenso
1598 2060 1608 2076 ,
1639 2035 1750 2079 scilicet
1772 2046 1886 2079 panem
1914 2040 1949 2073 &⁵
1974 2045 2087 2073 vinum

1195 2086 1412 2130 sam‘iificanda
1431 2111 1441 2127 ‚
1466 2087 1592 2127 populus
1612 2084 1667 2128 sua
1690 2098 1815 2120 munera
1836 2112 1843 2119 .
1870 2089 2085 2125 Sacerdotem

1198 2137 1336 2170 affirmat
1347 2146 1461 2169 contra
1474 2136 1645 2176 antiquum
1659 2146 1784 2169 morem
1810 2137 1924 2171 offerre
1933 2149 2010 2173 ante
2022 2152 2085 2183 po·

1198 2186 1332 2230 pulum.
1359 2183 1463 2232 Qod
1485 2184 1588 2228 ipsum
1612 2185 1644 2216 in
1658 2185 1750 2218 versu
1774 2184 1816 2219 de
1829 2184 1955 2220 Altaris
1965 2189 2082 2222 sacrifi-

1197 2236 1251 2271 cio
1275 2237 1411 2270 Sanctus
1425 2233 1637 2267 Hildebertus
1662 2234 1920 2270 Cenomanensis
1944 2238 2080 2282 Episco-

1197 2298 1256 2330 pus
1266 2308 1278 2325 ,
1299 2286 1334 2319 &
1347 2285 1379 2318 in
1395 2282 1622 2318 Ecclefiasticae
1634 2283 1827 2319 eruditionis
1838 2286 1970 2329 speculo
1983 2288 2079 2325 adfir-

1197 2346 1265 2371 mat
1287 2335 1393 2381 Hugo
1416 2333 1626 2370 Vistorinus-
1654 2333 1760 2381 Qod
1782 2335 1900 2379 nempe
1922 2347 2002 2373 tunc
2023 2351 2083 2386 po·
2097 2352 2172 2394 Cap.
2190 2362 2220 2391 7:

1197 2387 1291 2430 pulus
1313 2397 1382 2420 non
1405 2382 1544 2428 amplius
1562 2384 1692 2417 offerret
1713 2385 1942 2424 sanctificanda
1958 2401 2078 2434 panem

1195 2438 1228 2473 &
1243 2437 1356 2471 vinum
1371 2461 1381 2476 ,
1406 2435 1460 2469 sed
1481 2434 1546 2469 alia
1559 2445 1710 2474 munera,
1725 2434 1895 2479 dequibus
1906 2438 1947 2474 ad
1961 2440 2077 2477 Alber.

1194 2498 1266 2521 tum
1289 2487 1484 2531 Episcopum
1507 2484 1642 2518 Sanetus
1663 2483 1778 2519 Petrus
1798 2486 1958 2524 Damiani
1971 2505 1981 2525 .·
2008 2495 2079 2527 Volo
2094 2510 2153 2542 Lib

1193 2547 1225 2570 ut
1237 2543 1269 2570 in
1284 2534 1464 2579 Dioecesanis
1475 2533 1607 2574 Ecclesi‘is
1619 2558 1630 2574 ,
1656 2539 1688 2568 in
1699 2535 1805 2578 quibus
1828 2537 1919 2573 oblati
1935 2539 2076 2586 suntper
2093 2552 2169 2590 Epist
2180 2526 2213 2587 t

1194 2588 1350 2621 celebriora
1368 2586 1512 2629 solemnia
1533 2609 1544 2625 ‚
1569 2592 1664 2626 panes
1685 2609 1697 2626 ,
1721 2587 1757 2619 &
1773 2583 1800 2627 fi
1818 2600 1879 2631 qua
1895 2589 1968 2634 sum
1988 2594 2072 2636 alio,

1195 2648 1261 2680 quae
1282 2638 1325 2670 ad
1332 2637 1428 2669 cibum
1455 2636 1600 2668 videntur
1607 2640 1760 2676 pertinere
1776 2640 1829 2672 vel
1841 2647 1950 2682 potum
1962 2666 1974 2683 ,
1995 2651 2071 2685 pau-

1190 2686 1313 2730 peribus
1325 2693 1476 2730 erogentur
1486 2709 1493 2716 .
1519 2685 1667 2719 Honotii
1680 2684 1780 2731 igitur
1793 2688 2074 2735 Augustoduuen.

1193 2739 1232 2771 sis
1258 2747 1404 2780 tempore
1429 2734 1562 2777 quidam
1586 2733 1694 2769 adhuc
1720 2747 1837 2781 panem
1868 2741 1903 2775 ἀ
1930 2743 2073 2785 vinum,

1193 2786 1325 2831 quidam
1338 2785 1488 2821 denarios
1501 2809 1511 2824 ,
1537 2784 1673 2828 quidam
1683 2787 1845 2823 esculenta
1867 2790 1903 2825 ἀ
1913 2794 2071 2836 poculen-

1192 2849 1223 2872 ta
1235 2837 1443 2871 obtulerunt.
1473 2834 1579 2885 Qdd
1601 2835 1718 2870 eodem
1742 2847 1888 2883 tempore
1912 2842 1948 2876 in
1959 2845 2067 2878 Sansti
2089 2857 2147 2888 ςοι,
2178 2864 2247 2897 448·

1191 2887 1362 2922 Trudonis
1373 2885 1580 2920 Monasterio
1598 2885 1639 2920 ad
1651 2886 1878 2924 defunctorum
1891 2891 2005 2928 Missas
2014 2895 2067 2928 de·

1193 2939 1275 2972 narii
1296 2938 1504 2974 offerrentur,
1530 2935 1565 2969 in
1586 2934 1726 2977 ejusdem
1752 2938 1946 2976 Monasterii
1962 2942 2066 2978 Chro-

1190 2990 1268 3022 nico
1289 2986 1404 3020 diserte
1425 2985 1534 3020 scribit
1558 2984 1670 3022 Abbas
1692 2986 1889 3033 Rudolphus
1902 3016 1909 3024 .
1937 2993 1980 3026 Et
1990 2995 2067 3028 San-

1191 3041 1277 3072 &um
1300 3038 1463 3071 ottonem
1486 3035 1757 3084 Bambergensem
1771 3038 1973 3084 Episcopum
1995 3042 2065 3078 An-

1189 3088 1280 3122 dreas
1300 3088 1407 3122 sancti
1420 3085 1598 3120 Michaelis
1618 3086 1729 3121 Abbas
1750 3088 1878 3130 laudat,
1907 3092 1996 3133 quod
2022 3095 2065 3127 fe-

1189 3140 1268 3174 cerit
1279 3139 1354 3170 duas
1365 3146 1518 3182 argenteas
1525 3135 1669 3179 scutellas
1679 3139 1722 3170 ad
1727 3136 1930 3180 suftipiendas
1941 3141 2061 3176 oblatio-

1189 3200 1258 3223 πω.
1279 3187 1412 3230 Utique
1424 3187 1609 3221 oblationes
1618 3187 1817 3230 pecuniarias
1829 3214 1836 3220 .
1862 3188 1964 3225 Panis
1973 3193 2061 3228 enim

1187 3238 1313 3273 oblatio
1328 3248 1393 3270 non
1406 3236 1440 3270 in
1454 3236 1595 3270 scutellis
1606 3260 1616 3276 ‚
1632 3236 1683 3270 fed
1697 3237 1729 3269 in
1742 3237 1917 3274 fanonibus
1926 3243 2062 3287 accipie*-

1187 3290 1293 3323 batur.
1309 3287 1349 3319 Et
1363 3285 1394 3319 in
1409 3286 1498 3320 libris
1508 3285 1549 3320 de
1563 3286 1667 3319 Miffae
1678 3287 1834 3322 sacrificio
1845 3290 1952 3326 scribit
1963 3293 2060 3327 lnno.

1185 3339 1310 3373 centius
1322 3336 1596 3370 tertiussRomanus
1609 3336 1751 3377 Pontifex
1758 3345 1871 3379 prater
1882 3341 2057 3376 oblationem
2076 3356 2139 3387 Lib,
2167 3369 2193 3387 2,

2081 3166 2156 3206 Cap,
2170 3177 2218 3203 ²7·

251 3384 382 3418 fratrem
403 3380 616 3416 Lambe‘tum
637 3376 822 3420 ΕῙἯΠῙΡῘΠ13
841 3378 1022 3422 Episcopus
1044 3380 1135 3416 R0f·¹
1182 3395 1270 3431 panii
1285 3388 1395 3420 nullam
1418 3387 1510 3418 aliam
1520 3386 1691 3418 oblationem
1713 3388 1849 3422 manibus
1862 3398 1981 3435 tangit,
2006 3393 2063 3434 nisi
2076 3406 2138 3432 cap.
2160 3406 2207 3432 37.

253 3432 364 3468 fenfis:
394 3429 518 3474 Apostoli
538 3437 634 3471 panes
645 3428 828 3471 quotidianos
842 3428 1025 3462 comederunt
1037 3454 1047 3469 ,
1073 3443 1123 3465 nos

251 3487 284 3515 in
287 3482 398 3525 formae
410 3485 520 3515 nummi
541 3487 655 3523 panem
678 3481 833 3521 accipimus
845 3502 852 3509 .
879 3478 921 3513 Et
933 3478 1015 3524 apud
1027 3480 1120 3525 1020.

1185 3450 1251 3481 quae
1261 3447 1315 3480 pro
1326 3436 1472 3477 defundis
1484 3435 1609 3476 offertur
1631 3439 1766 3469 Caeteras
1778 3440 1822 3470 ad
1825 3441 1917 3480 pedes
1930 3448 2032 3482 accipit
2046 3468 2054 3475 .
2074 3437 2149 3476 CaP·
2168 3446 2180 3472 5
2186 3445 2214 3472 3.

1186 3490 1229 3524 Et
1241 3488 1445 3524 iterum-*Dum
1456 3495 1595 3522 cantatur
1604 3486 1940 3530 offlrtorium,5acerdos
1950 3496 2056 3533 accipit

1930 3540 2006 3574 olala-
