2372 3756
131 501 168 531 Α.
180 508 262 537 ¹045·

374 76 487 129 234³

306 215 406 245 unus,
435 215 477 238 an
499 200 579 236 vero
598 210 732 245 quartus
748 200 814 236 illis
836 200 1078 245 superpofitus?
1104 199 1187 232 Her-

630 51 637 59 *
684 65 726 111 S.
767 52 1087 111 Caecoa'n
1122 76 1357 110 serum
1394 62 1753 110 PONTIFICIS

307 153 444 189 istorum
469 151 568 187 trium
607 148 833 185 Erroneorum
869 157 949 184 tunc
983 146 1188 184 Pontificum
1243 152 1292 192 gt.
1315 144 1520 181 Anthentica
1531 147 1577 182 est
1593 147 1650 182 ista
1663 147 1832 192 Epistola.
1861 149 1977 186 Exstat
1988 150 2128 187 enimin
2144 160 2210 192 cap·
2235 160 2280 187 16.

1248 198 1384 240 antiqua
1395 196 1655 232 sanc‘nHenrici
1678 199 1884 242 Imperatoris
1905 203 1996 244 vita,
2024 203 2129 246 publi-

303 265 446 289 mannus
458 252 652 291 Contractus
664 249 789 286 videtur
799 250 864 286 hoc
874 251 1026 286 adserere.
1053 250 1186 284 Etenim
1246 257 1318 281 cata
1342 257 1397 290 per
1419 245 1579 289 Jacobum
1602 248 1811 282 Gretzerum.
1839 250 1966 286 Diserte
1987 254 2129 288 affirmat

303 305 385 338 istos
407 314 471 338 tres
481 302 586 339 asserit
596 301 690 337 fuisse
701 301 914 336 Benedistum
926 326 938 343 ,
965 299 1162 343 Sylvestrum
1176 321 1186 337 ‚

303 355 338 390 &
359 353 534 398 quemdam
556 353 679 394 alium,
704 362 802 396 atque
815 351 984 395 subjungit
996 351 1037 383 de
1059 349 1186 382 Gratia-

300 415 366 438 no:
396 407 497 449 ,Quem
517 402 644 446 expulst's
667 403 817 445 prioribus
837 405 966 433 Romani
991 402 1110 441 Papam
1124 397 1186 438 sta-

299 462 422 488 tuerant
437 479 444 488 .
482 455 528 489 Et
549 452 703 489 historica
726 452 892 495 incogniti
919 448 1070 483 authoris
1094 459 1185 482 com-

298 505 416 549 pilatio
443 505 554 540 scribit
577 517 584 537 z
623 508 787 543 Imperator
815 505 961 534 Henricus
983 499 1184 542 vaigderum

298 553 547 600 Bambergensem
571 552 774 595 Episcopum,
800 551 897 584 tribus
907 548 1095 592 invastaribus
1108 553 1182 590 Apo-

289 604 400 646 stolicae
418 607 502 639 sedis
527 605 560 638 (9·
584 604 674 647 digno
696 600 810 642 &juste
823 599 949 642 expulsis
962 624 972 640 ,
999 610 1120 642 quorum
1132 609 1181 631 no·

289 662 380 691 mlna
401 662 576 699 ignorantur
589 676 601 693 ‚
631 655 752 695 Papam
772 651 947 692 constituens
960 673 971 689 ‚
999 651 1181 684 clementem

288 703 450 751 secundum
470 705 639 746 appellavit
653 727 661 735 .
689 701 737 736 At
761 702 837 735 vero
860 701 942 735 sexti
955 700 1108 744 Gregorii
1121 710 1181 733 no-

290 766 368 791 men
381 755 427 789 est
445 753 600 789 omnibus
625 751 848 787 notiffimum.
877 749 1027 784 Eandem
1056 750 1180 784 senten-

287 807 371 840 tiam
389 805 537 850 sequitur
558 803 729 838 Dominus
754 800 940 836 Cardinalis
963 799 1068 835 Caesar
1080 800 1180 835 Baro-

286 856 365 891 nius
381 881 391 897 ,
431 856 596 891 affirmans
618 863 682 887 tres
706 852 784 886 istos
808 851 973 885 Erraticos
997 850 1179 886 Pontifices

286 907 382 941 fuiffe
393 903 608 942 Benedistum
621 913 750 937 nonum
765 926 777 943 ‚
804 900 1005 945 Sylvestrum
1026 902 1178 943 tertium,

285 957 323 991 δε
346 957 455 991 nescio
473 966 574 1000 quem
599 954 785 997 Joannem3
814 963 932 986 omnes
944 962 1004 990 tres
1015 951 1178 987 existimat

283 1005 426 1049 ejectos,
451 1015 508 1040 aut
528 1003 642 1049 potius
664 1001 806 1043 ceffisse,
833 1002 867 1037 δε
889 1002 960 1046 ipfis
984 1013 1040 1047 per
1064 1002 1177 1038 Cano-

283 1057 395 1091 nicam
416 1056 614 1091 electionem
632 1053 807 1088 succeffiffe
820 1053 1021 1098 Gregorium
1036 1077 1043 1084 .
1070 1053 1114 1087 Et
1127 1054 1177 1088 fir-

281 1117 353 1141 mat
375 1106 576 1142 authoritate
601 1102 749 1139 Othonis
768 1103 980 1148 Frifingenfis
993 1103 1150 1147 Episcopi
1167 1116 1175 1138 ι

282 1160 369 1190 Hunc
388 1155 586 1200 miserrimum
611 1153 744 1196 Ecclefiae
748 1153 861 1194 statum
874 1153 1038 1200 Religiosus
1050 1155 1176 1196 quidam

282 1208 440 1247 Presbyter
453 1233 463 1249 ,
490 1212 661 1242 Gratianus
688 1210 803 1239 nomine
826 1205 959 1244 videns,
989 1204 1176 1247 zeloquepie-

280 1263 359 1294 tatis
384 1263 478 1292 matri
494 1255 560 1301 [ιιι
581 1256 803 1298 compatiendo,
829 1256 1083 1289 animadvertens
1093 1264 1173 1298 prae-

271 1308 362 1355 fatos
386 1315 468 1342 viros
493 1309 593 1349 adiit,
617 1304 720 1350 eosque
738 1308 759 1340 ἃ
783 1306 855 1339 Sede
871 1303 982 1348 sanila
1005 1306 1103 1339 cedere
1120 1313 1173 1347 pe·

278 1364 368 1393 cunia
386 1356 552 1402 persuafit,
581 1355 749 1391 Benedic‘lo
770 1355 918 1389 reditibus
931 1356 1048 1401 Angliae
1062 1379 1074 1394 ,
1100 1360 1174 1397 quia

277 1412 405 1452 majoris
430 1408 618 1443 videbantur
641 1406 691 1450 effi·
714 1405 911 1439 authoritatis
924 1428 937 1446 ,
963 1404 1098 1438 reliffis.
1125 1405 1171 1438 ob

276 1471 314 1494 ea
334 1465 416 1494 cives
436 1457 606 1500 praefatum
618 1455 825 1494 Presbyterum
839 1477 851 1494 ,
878 1462 1025 1497 tanquam
1036 1454 1172 1497 Ecclefiae

276 1510 335 1543 Dei
360 1509 568 1547 liberatorem,
595 1510 627 1539 in
644 1504 798 1549 summum
813 1505 986 1547 Pontificem
998 1505 1148 1551 elegerunt
1161 1530 1172 1546 ,

274 1570 399 1602 eumque
418 1567 535 1591 mutato
562 1561 678 1590 nomine
703 1553 1022 1601 GregoriumRJi-xtum
1046 1567 1171 1590 vocave-

274 1619 347 1644 runt
361 1633 368 1642 .
396 1607 501 1656 Qod
529 1608 665 1645 Sanctus
676 1604 938 1642 Bartholomaeus
949 1605 1084 1650 Cryptae
1097 1608 1172 1641 Fer·

272 1668 350 1694 ratae
373 1659 488 1693 Abbas
509 1657 728 1692 Benedistum
755 1656 797 1690 de
831 1657 1028 1701 poenitentia
1057 1655 1170 1691 admo-

274 1710 406 1750 nuerit,
432 1710 466 1743 &
489 1707 575 1743 male
596 1708 756 1751 acquifito
779 1705 905 1750 Papam
926 1707 1017 1740 exire
1043 1707 1169 1751 persua-

273 1761 350 1798 serit
372 1784 383 1801 ,
422 1759 563 1793 affirmat
590 1757 682 1792 istius
707 1755 898 1791 authentica
927 1756 994 1790 vita
1022 1782 1028 1789 .
1070 1756 1169 1794 Alios

274 1810 361 1846 duos
382 1820 535 1844 erroneos
560 1807 666 1851 Papas
685 1807 800 1841 eadem
821 1806 874 1841 via
898 1807 992 1841 fuifle
1012 1806 1029 1840 ὲ
1043 1806 1168 1841 Gratia·

273 1873 322 1896 no
343 1860 385 1896 ad
406 1858 590 1895 cedendum
604 1858 777 1898 inductos,
803 1857 912 1891 censet
926 1856 1077 1891 laudatus
1092 1857 1170 1892 Car·

273 1910 411 1946 dinalis.
445 1909 571 1945 Eadem
594 1908 755 1943 sententia
776 1906 961 1951 aliquando
986 1905 1071 1941 mihi
1097 1919 1166 1942 non

274 1961 446 2005 displicuit
459 1986 466 1994 .

327 2010 529 2055 Respondeo
553 2019 663 2045 tamen
687 2007 888 2053 Gregorium
909 2005 1052 2042 omnino
1075 2007 1170 2042 fuisse

275 2074 320 2097 ox
346 2063 414 2096 istis
436 2060 560 2101 tribus,
587 2060 736 2102 solosque
761 2058 977 2093 Benedinum
1000 2057 1033 2091 &
1058 2057 1169 2100 Sylve-

275 2113 380 2147 strum
406 2112 448 2148 ab
467 2111 527 2146 illo
550 2108 591 2144 ad
607 2108 792 2144 cedendum
815 2108 985 2142 inductos.
1012 2107 1170 2156 Qsille

277 2162 441 2199 secundus
467 2161 610 2204 Ioannes
625 2155 642 2195 ?
669 2157 767 2193 Certe
780 2168 848 2191 non
862 2158 945 2191 alius
957 2181 968 2197 ,
992 2160 1092 2200 quarn
1106 2159 1169 2192 sex-

278 2224 332 2247 tus
353 2211 552 2257 Gregorius,
578 2220 678 2254 quern
701 2208 889 2243 cardinalis
907 2207 1027 2242 Benno
1039 2206 1171 2242 testatur

278 2263 374 2300 fuisse
386 2262 594 2297 nominatum
605 2260 768 2303 loannem
782 2258 999 2292 Gratianum.
1027 2257 1072 2291 Et
1095 2257 1171 2292 sane

279 2313 446 2349 Defiderii
466 2309 608 2345 Abbatis
630 2307 813 2344 authoritas
835 2333 847 2350 ,
886 2308 936 2343 uti
962 2307 1009 2342 est
1037 2307 1146 2343 lucida
1160 2332 1171 2348 ,

279 2366 327 2399 ita
349 2365 395 2398 est
412 2359 659 2406 irrefragabilis.
694 2360 823 2394 Harum
835 2359 926 2392 enim
937 2358 1169 2402 tragoediarum

280 2414 338 2449 ille
359 2414 425 2448 fuit
436 2412 587 2446 oculatus
600 2411 756 2453 spectator
767 2434 774 2441 .
802 2409 876 2443 Nec
889 2409 1075 2443 adversatur
1087 2409 1170 2442 Her-

280 2475 425 2500 mannus
446 2462 665 2496 Contraerus.
693 2461 789 2495 Licet
803 2459 893 2493 enim
908 2459 1015 2501 priora
1026 2458 1095 2502 ejus
1106 2469 1171 2492 ver-

282 2514 325 2549 ba
346 2513 489 2548 habeant
511 2509 637 2555 aliquid
662 2510 832 2555 ambigui,
859 2508 1038 2553 posteriora
1060 2519 1169 2543 tamen

285 2566 362 2602 fimt
380 2562 578 2599 lucidissima
596 2585 603 2593 .
634 2561 763 2595 Diserte
790 2559 926 2593 edicunt
948 2570 1053 2594 unum
1076 2559 1095 2593 ὲ
1119 2559 1172 2592 tri·

285 2615 348 2651 bus
369 2626 424 2659 per
440 2611 629 2647 Henricum
642 2610 751 2654 ejectis
760 2609 980 2644 Pontificibus
992 2609 1082 2642 fuisse
1094 2608 1173 2642 Gra.

287 2667 440 2706 tianum,
468 2664 522 2698 seu
543 2661 764 2706 Gregoriurn.
794 2660 838 2694 Et
860 2660 1068 2704 Frifingenfis
1079 2657 1174 2693 Otho

289 2727 361 2750 non
386 2726 472 2754 tres,
500 2712 554 2748 sed
577 2712 664 2746 solos
683 2711 768 2745 duos
789 2711 928 2745 affirmat
942 2709 983 2744 ab
1000 2709 1173 2753 ipsoindu·

291 2768 361 2800 &os
385 2765 425 2798 ad
449 2762 652 2798 cedendum.
681 2762 724 2795 Et
738 2761 777 2795 ad
791 2762 921 2795 noviter
931 2762 1068 2795 erectam
1081 2761 1174 2794 Bam·

292 2814 480 2859 bergensem
504 2812 685 2847 Ecclesiam
713 2813 748 2845 in
779 2811 893 2845 litteris
913 2834 923 2850 ‚
963 2810 1083 2854 quibus
1108 2810 1175 2853 ejus

293 2862 504 2900 confirmavit
528 2862 719 2906 privilegia,
745 2862 867 2905 scripfit
894 2861 1050 2896 Clemens
1068 2862 1175 2895 secun-

294 2916 379 2951 dus.-
407 2917 484 2947 Ecce
509 2914 575 2947 cum
596 2912 673 2945 illud
703 2920 793 2954 caput
813 2913 917 2945 mundi
937 2936 946 2951 ‚
974 2912 1028 2945 illa
1039 2916 1177 2944 Romana

296 2967 389 3001 Sedes
406 2989 417 3005 ,
442 2962 578 2997 baeretico
601 2961 699 2994 morbo
717 2962 892 3002 laboraret,
917 2963 950 2995 (θ’
971 2961 1124 3002 cbariffimi
1142 2960 1178 3002 fi-

296 3019 331 3051 lii
357 3015 445 3056 nostri
467 3016 588 3046 Domini
610 3014 728 3044 Henrici
751 3016 940 3053 lmperatoris
963 3012 1078 3057 Augusti
1099 3020 1176 3055 prae·

294 3065 396 3110 sentia
418 3065 464 3098 ad
485 3063 536 3096 boc
558 3062 757 3106 invigilaret,
783 3064 828 3094 ad
849 3061 898 3096 boc
917 3062 1057 3104 instaret,
1084 3070 1118 3096 ut
1129 3061 1179 3094 hu·

294 3115 426 3159 jusmodi
447 3113 654 3158 «egritudinem
670 3110 859 3154 propulsaret
882 3137 893 3152 ,
929 3113 1051 3155 explosis
1084 3111 1180 3146 tribus

301 3167 360 3200 illis
376 3189 387 3206 ,
412 3165 518 3208 quibus
542 3163 622 3197 idem
645 3173 751 3196 nomen
762 3164 899 3204 Papatus
912 3168 1022 3205 rapina
1033 3164 1159 3196 dederat
1171 3186 1182 3202 ,

302 3221 433 3250 intortos
444 3213 752 3259 agminasantlorum
764 3236 776 3253 ‚
807 3219 858 3255 qui
868 3214 1018 3255 aderant,
1043 3216 1183 3253 Parrum,

303 3267 439 3309 dignatio
467 3264 582 3306 coelestis
596 3269 710 3309 gratiae
730 3262 858 3304 nostram
879 3265 1104 3308 indignissimam
1124 3267 1185 3296 Me-

306 3316 487 3349 diocritatem
509 3337 520 3353 ,
556 3314 669 3351 cuncffi‘s
691 3313 799 3356 mjfibus
822 3313 1024 3359 refragantem
1043 3340 1054 3357 ,
1093 3315 1184 3348 voluit

303 3367 393 3410 eligi,
417 3364 452 3400 (r
474 3362 602 3403 alttjffimt
628 3365 820 3408 apotolorum
847 3368 1002 3410 Principis
1028 3370 1094 3401 vice
1110 3363 1184 3408 fun-

482 3418 503 3473 l

1247 297 1333 332 solos
1344 306 1407 331 tres
1419 297 1514 331 fuisse
1525 295 1568 330 ab
1579 297 1729 332 Henrico
1740 298 1882 341 ejectos,
1907 300 2054 347 adeoque
2079 305 2129 338 in-

1246 357 1292 380 ter
1312 347 1398 391 ipsos
1420 347 1513 382 fuisse
1527 348 1562 382 &
1592 348 1790 393 Gregorium
1803 375 1811 382 .
1839 350 1883 384 Et
1899 349 2010 386 nullus
2031 355 2127 396 possit

1244 399 1306 432 effe
1318 396 1422 440 major
1434 398 1545 439 testis,
1572 398 1741 443 quamiste
1763 399 1942 440 Clemens,
1972 401 2127 446 Gregorii

1245 448 1402 482 successor
1414 473 1422 480 .
1449 447 1560 483 Etiam
1583 448 1776 484 Lambertus
1795 449 2103 498 schafnaburgensis
2115 478 2129 495 ,

1243 509 1280 532 ac
1302 498 1487 544 sigebertus
1518 498 1763 536 Gemblacenfis
1789 501 1896 544 palam
1919 504 2126 537 consonant.

1243 549 1326 582 Item
1354 550 1389 582 in
1417 549 1591 584 Citizenfis
1618 550 1767 586 Ecclefiae
1804 550 1977 587 Chronico
2004 551 2127 588 Paulus

1243 599 1390 644 Langius
1406 613 1417 633 .·
1445 604 1591 635 Henricus
1611 608 1718 636 tertius
1739 613 1818 635 anno
1840 606 1937 647 Regni
1953 602 2001 646 sui
2015 601 2126 646 sexto,

1241 648 1349 682 habita
1372 650 1483 689 synodo
1501 651 1536 684 ob
1544 652 1694 693 peffimum
1700 651 1832 696 schisma
1843 677 1853 693 ,
1879 654 1959 696 quod
1968 662 2036 687 tunc
2045 653 2127 698 scin-

1241 699 1331 734 debat
1344 699 1518 741 Eccleſsam,
1546 702 1742 736 Benedicqum
1754 727 1766 743 ‚
1791 703 1966 745 sylvestrum
1977 711 2003 744 ,'
2017 707 2127 747 Grego-

1240 755 1316 782 rium
1329 775 1339 791 ,
1366 759 1524 793 tamquam
1545 758 1608 784 tria
1630 758 1784 787 teterrima
1805 753 1932 793 monstra
1952 776 1962 792 ,
1988 749 2127 787 abdicare

1237 798 1267 842 se
1291 802 1411 843 Papatu
1422 807 1512 845 coegit
1526 826 1536 842 ,
1563 804 1752 847 SyndIgcrum
1773 813 1874 837 autem
1885 805 1943 836 loco
1953 815 2052 838 eorum
2071 808 2127 837 Ro-

1240 861 1360 884 manum
1397 852 1568 894 Pontificem
1594 859 1710 887 creavit
1724 876 1734 893 ,
1764 855 1948 887 Clementem
1962 853 2127 897 secundum

1239 901 1422 942 appellatum
1434 926 1446 942 ,
1472 904 1492 934 a
1509 914 1565 945 quo
1583 904 1618 936 (ν
1639 907 1762 946 Imperii
1785 906 1884 937 eodem
1910 916 1990 937 anno
2014 910 2125 946 accepit

1238 962 1373 984 coronam
1396 975 1404 984 .
1431 952 1477 986 Et
1502 952 1676 996 antiquum
1702 955 1809 988 Sansti
1839 954 1981 998 Benigni
2008 955 2126 988 Divio<

1242 1001 1343 1037 nensis
1366 1000 1563 1036 Chronicon
1586 1013 1593 1033 :
1620 1006 1787 1044 Imperator
1814 1009 1962 1038 Henricus
1984 1010 2124 1046 perrexit
2143 1015 2274 1050 A,1045,

1238 1054 1365 1085 Romam
1386 1075 1398 1090 ,
1434 1050 1535 1093 ibique
1562 1060 1632 1085 runc
1651 1050 1781 1096 susoepit
1811 1066 1947 1088 coronam
1975 1059 2123 1097 Imperii,

1237 1103 1285 1135 die
1309 1102 1437 1134 Natalis
1458 1104 1581 1134 Domini
1601 1126 1612 1142 ‚
1646 1110 1704 1144 per
1729 1114 1837 1136 manus
1864 1107 2028 1138 Clementis
2056 1107 2124 1138 Pa-

1229 1160 1298 1193 φῶ.
1332 1153 1433 1195 ,Quem
1453 1150 1518 1196 ipse
1540 1156 1707 1194 Imperator
1729 1155 1864 1186 ordinari
1885 1154 1966 1196 juffit
1980 1179 1991 1194 ‚
2017 1157 2051 1189 ὀ·
2071 1155 2124 1196 fe·

1235 1208 1274 1235 cir
1299 1202 1408 1244 deponi
1425 1205 1606 1247 Joannem,
1633 1208 1685 1246 qui
1709 1211 1778 1237 tunc
1799 1204 1965 1238 Cathedrae
1982 1204 2125 1246 praefide-

1237 1252 1310 1291 bat,
1337 1253 1371 1286 (α
1393 1252 1592 1286 Βεηεάιέῖανη
1622 1278 1633 1294 ,
1658 1263 1749 1295 atque
1767 1254 1939 1294 sylvestrum
1962 1265 1974 1294 3
2011 1260 2064 1297 qui
2087 1261 2123 1288 in

1237 1304 1365 1336 Concilio
1385 1309 1454 1335 tunc
1474 1301 1576 1335 habito
1588 1326 1598 1341 ‚
1624 1310 1798 1337 examinata
1818 1316 1916 1338 eorum
1938 1305 2023 1346 culpa
2036 1329 2048 1346 ‚
2074 1310 2123 1338 in·

1236 1357 1322 1386 venti
1338 1352 1413 1397 sunt
1435 1362 1493 1385 non
1509 1350 1606 1394 solum
1624 1355 1804 1395 simoniaci,
1824 1354 1986 1397 sedetiam
1995 1363 2123 1396 perver-

1231 1401 1312 1446 sores
1335 1400 1471 1443 Ecclesiae
1497 1401 1625 1444 Christi.
1653 1402 1797 1445 Joannes
1819 1428 1830 1444 ‚
1855 1405 1912 1447 qui
1942 1413 2021 1438 tunc
2050 1415 2124 1447 prae-

1234 1451 1352 1487 fidebat
1370 1453 1518 1487 Ecclefiae
1533 1476 1543 1492 ,
1569 1452 1616 1486 est
1639 1454 1782 1488 omnino
1801 1455 1908 1488 sextus
1920 1454 2122 1499 Gregorius,

1234 1503 1365 1546 proprio
1403 1503 1542 1538 nomine
1578 1503 1722 1546 Joannes
1764 1504 1942 1539 Gratianus
1965 1529 1972 1536 .
2012 1505 2122 1539 Etiam

1235 1551 1387 1587 Matthaei
1409 1552 1566 1587 Palmerii
1590 1551 1787 1589 Chronicon
1800 1555 1846 1588 ait
1858 1554 2123 1598 Benedlisto'Syl-

1235 1603 1376 1638 vestrum
1401 1627 1412 1643 ‚
1449 1602 1614 1645 sylvestro
1637 1605 1813 1639 succeffiffe
1834 1604 2059 1650 Gregorium,
2084 1605 2121 1640 δε

1233 1653 1383 1698 adjungit
1397 1667 1408 1686 :
1436 1651 1569 1696 Schisma
1589 1654 1623 1687 Θ·
1644 1661 1840 1689 contentiones
1852 1661 1995 1690 maximae
2016 1661 2049 1688 in
2061 1658 2121 1688 Ec-

1231 1702 1312 1746 clefia
1334 1707 1392 1736 Dei
1407 1702 1561 1744 fuerunt,
1587 1704 1685 1737 tribus
1709 1706 1902 1747 Pontificibus
1925 1717 1983 1739 uno
2009 1714 2122 1747 tempo-

1231 1765 1261 1787 re
1283 1752 1521 1796 discordantibus
1543 1757 1669 1793 Romae,
1689 1764 1815 1797 propter
1833 1758 1913 1797 quod
1934 1752 2121 1798 universalis

1234 1803 1361 1845 Ecclesia
1385 1804 1539 1837 diminuta
1559 1808 1736 1846 invenitur,
1763 1807 1798 1839 (τ
1819 1805 1976 1847 Pontifices
1998 1805 2037 1838 ab
2060 1809 2123 1838 Im-

1228 1862 1364 1896 peratore
1378 1853 1466 1895 fuiffi¹
1485 1853 1566 1887 elerii
1588 1878 1600 1894 ,
1625 1861 1658 1887 in
1682 1866 1742 1896 qua
1765 1855 1915 1897 discordia
1940 1854 2119 1897 Tbeopbyla-

1232 1903 1294 1936 c‘lus
1315 1906 1397 1937 alius
1419 1903 1563 1944 Pontifex
1577 1905 1611 1947 J
1613 1910 1704 1937 oanni
1725 1907 1880 1938 Sacerdoti
1905 1906 2119 1948 Pontificatum

1231 1955 1376 1987 vendidit
1388 1978 1395 1985 .
1424 1952 1567 1986 Pluribus
1590 1955 1627 1987 de
1648 1954 1829 1997 Pontificatu
1850 1956 2120 1996 contendentibus,

1234 2008 1380 2046 Henrr'cus
1407 2007 1534 2036 Romam
1556 2004 1599 2036 ad
1618 2007 1835 2046 componendas
1858 2004 2023 2048 discordias
2045 2013 2119 2047 pro·

1226 2053 1326 2095 fellus
1351 2062 1504 2086 coronatur
1521 2077 1527 2084 .
1556 2054 1630 2087 Nec
1642 2053 1835 2088 Benedictus
1847 2079 1860 2097 ,
1885 2066 1946 2089 nec
1956 2055 2120 2099 Sylvestet

1233 2102 1485 2148 acquiescebant
1496 2102 1630 2137 ceffioni
1645 2127 1656 2143 ‚
1676 2103 1728 2138 sed
1742 2115 1826 2139 unus
1836 2103 2006 2140 adversum
2016 2106 2100 2140 duos
2109 2128 2122 2146 ,

1233 2153 1301 2188 duo
1326 2153 1572 2187 contendebant
1597 2152 1749 2188 adversus
1774 2166 1879 2189 unum
1899 2181 1910 2196 ‚
1947 2166 2048 2199 atque
2075 2155 2122 2190 ita

1233 2205 1347 2239 omnia
1368 2213 1461 2236 erant
1483 2205 1519 2236 in
1549 2214 1660 2238 motu.
1689 2203 1877 2239 Cardinalis
1898 2206 2017 2240 Benno
2041 2205 2127 2239 affit-

1234 2265 1299 2288 mat
1324 2253 1528 2297 Sylvestrutn
1549 2265 1617 2287 non
1641 2253 1842 2293 Benedisto,
1875 2255 1928 2288 sed
1953 2255 2121 2299 Gregorio

1232 2304 1324 2338 fuiffe
1348 2303 1605 2347 superpofitum:
1631 2301 1744 2346 Iisdem
1757 2305 1861 2337 diebus
1869 2303 2067 2347 superpofirus
2079 2304 2125 2348 est¹

1232 2360 1264 2387 in
1286 2358 1438 2395 Papatum
1446 2353 1592 2397 praedillo
1603 2353 1856 2395 archipresbytero
1866 2354 2029 2397 sabinensis
2042 2357 2122 2397 Epi·

1227 2402 1357 2447 scopus,
1382 2408 1432 2444 qui
1460 2412 1574 2436 mutato
1586 2410 1702 2436 nomine
1725 2404 1822 2437 dravus
1842 2405 1880 2444 est
1905 2405 2043 2445 sylvester
2063 2414 2122 2438 ter*-

1231 2461 1294 2487 tius
1307 2478 1318 2494 ‚
1345 2455 1379 2487 <St
1392 2452 1513 2495 fabium
1535 2452 1593 2493 est,
1621 2463 1656 2486 ut
1675 2457 1814 2487 Romana
1839 2454 2007 2497 Ecclesiam
2017 2456 2121 2488 diver-

1226 2502 1280 2547 sas
1301 2512 1407 2546 partes
1425 2502 1525 2546 scindi
1546 2503 1700 2537 videretur
1716 2529 1724 2536 .
1752 2505 1919 2539 Existimo
1936 2505 1979 2538 Pa
1988 2515 2122 2549 patum,

1233 2566 1299 2596 quo
1311 2553 1474 2597 Sylvester
1484 2565 1539 2597 per
1551 2554 1719 2588 Benedicti
1739 2556 2005 2600 consanguineos
2016 2557 2122 2589 fuerat

1234 2604 1394 2638 violenter
1417 2615 1556 2643 exutus,
1582 2604 1731 2638 adversus
1751 2605 1952 2650 Gregorium
1975 2606 2067 2639 fuisse
2078 2603 2120 2638 ab

1236 2654 1294 2688 illo
1321 2655 1516 2688 resumtum.
1546 2653 1720 2700 Qudquid
1742 2656 1779 2688 fic
1793 2680 1803 2695 ,
1831 2657 1934 2700 pergit
1948 2655 2065 2688 Benno
2077 2654 2120 2688 de

1236 2704 1387 2739 omnium
1410 2705 1510 2738 trium
1532 2705 1656 2739 turbis:
1684 2710 1761 2738 Cum
1771 2715 1869 2739 aurem
1880 2703 2122 2746 tantaperverss·

1237 2765 1285 2789 tas
1297 2759 1424 2790 Romam
1456 2754 1623 2796 ludificaret
1635 2779 1646 2795 ,
1674 2758 1786 2788 Divino
1796 2764 1871 2788 nutu
1894 2754 1998 2797 adfuit
2022 2759 2120 2796 Impe-

1238 2816 1319 2839 rator
1344 2810 1487 2840 Henricus
1501 2830 1511 2845 ,
1539 2807 1573 2840 (θ’
1584 2803 1789 2849 Religiosorum
1801 2806 2016 2840 cardinalium
2024 2808 2120 2847 preci·

1241 2856 1295 2888 bus
1317 2852 1526 2899 efflagitatus,
1552 2854 1619 2896 ipsis
1642 2854 1816 2888 authoribus
1838 2879 1849 2895 ‚
1874 2863 1930 2896 pro
1954 2856 2012 2887 Ioco
2035 2855 2119 2896 officii

1234 2905 1304 2949 sui,
1325 2915 1382 2948 pro
1402 2906 1487 2947 officio
1505 2906 1679 2947 Imperiall,
1703 2912 1759 2945 pro
1764 2904 1908 2947 potestate
1914 2903 1970 2946 fibi
1992 2906 2012 2936 ἃ
2019 2903 2120 2947 sacris·

1240 2956 1410 2989 Canonibus
1429 2957 1551 2998 conccffa
1563 2979 1573 2995 ‚
1599 2956 1643 2987 ad
1658 2956 1853 3000 purgandam
1871 2953 2050 2996 Ecclesiam,
2076 2954 2123 2988 ad

1241 3007 1468 3040 exturbandum
1487 3009 1522 3040 (θ’
1543 3003 1734 3047 ulciscendum
1752 3010 1787 3038 vi
1804 3003 1965 3049 sacrilegos
1984 3029 1994 3046 ‚
2031 3005 2122 3038 devo-

1242 3067 1306 3091 tum
1323 3056 1357 3100 β’
1381 3057 1533 3098 praebuit.
1559 3054 1800 3096 Theophylac‘tum
1822 3059 1855 3088 in
1870 3054 1981 3100 fugam
2005 3061 2120 3098 coegit,

1239 3109 1359 3151 sextum
1371 3111 1544 3151 Gregorium
1554 3110 1587 3139 in
1598 3105 1756 3145 custodiam
1766 3104 1876 3146 reclufit
1887 3130 1897 3145 ,
1924 3117 2012 3148 quern
2018 3104 2119 3148 postea

1244 3165 1276 3191 in
1296 3160 1418 3192 exilium
1443 3155 1546 3198 milit3
1572 3154 1763 3198 Sabinensem
1786 3155 1963 3199 Episcopum
1984 3181 1996 3197 ,
2031 3166 2119 3198 quem

1246 3220 1302 3241 non
1323 3210 1446 3243 ambitio
1469 3232 1479 3248 ,
1499 3205 1556 3250 sed
1577 3213 1627 3240 vis
1650 3207 1694 3239 ad
1715 3209 1869 3248 Papatum
1890 3214 2021 3250 coegerat
2039 3230 2050 3246 ‚
2077 3204 2124 3236 ad

1241 3258 1338 3303 sedem
1356 3263 1510 3303 propriam
1531 3258 1628 3290 redire
1646 3259 1800 3299 compulit.
1828 3261 1964 3290 Romana
1976 3257 2046 3289 vero
2059 3256 2122 3286 Ec-

1249 3309 1348 3352 clefia,
1367 3312 1431 3352 ejus
1450 3306 1599 3351 respirans
1617 3308 1741 3340 auxiliis
1761 3332 1772 3349 ,
1805 3306 1965 3350 secundum
1989 3304 2124 3337 clemen-

1247 3369 1305 3396 tem
1327 3364 1446 3405 Papam
1469 3360 1554 3406 elegit
1572 3382 1585 3401 ,
1618 3356 1674 3404 sub
1695 3369 1751 3402 quo
1773 3355 1906 3399 Ecclesiae
1927 3360 2029 3388 unitas
2055 3378 2066 3394 ,
2100 3355 2123 3387 ὰ

2019 3415 2077 3448 quo
