2372 3756
112 205 188 244 Cap.
207 217 243 238 ιο

693 112 778 156 De
815 125 1159 172 QUIBUSDAM
1195 111 1443 156 Paruum
1480 112 1692 169 Locus.
1946 124 2033 172 16'3

300 217 307 223 ·
339 205 430 239 Alter
455 200 635 248 Augustini
658 201 752 235 locus
773 201 818 234 est
842 199 919 233 hic.-
944 198 1086 240 Infantes
1107 211 1166 232 mm
1224 200 1292 231 stus
1319 196 1526 240 Augustinus
1546 195 1587 229 de
1607 198 1794 234 sacerdotio
1816 200 1992 235 secundum
2012 202 2098 236 ordi-

285 265 431 290 naverunt
441 256 565 298 quodin
577 253 674 286 Δίωνι·
681 257 827 294 ponitur,
855 250 1019 291 &peraeta
1038 255 1162 291 pietatis

284 306 471 339 celebratione
488 302 668 346 consumitur
689 327 703 341 ,
735 303 815 334 unde
839 302 891 334 vel
915 300 1162 342 quomoddconfi-

284 363 405 396 cicitur,
431 356 510 389 unde
530 361 563 387 in
581 351 665 395 usum
687 353 832 395 religionis
853 351 1052 392 adsumatur.
1079 352 1124 382 Et
1139 348 1169 390 fi

286 417 442 449 nunquam
460 404 578 447 disi-unt
600 399 801 444 experimento
815 398 870 443 suo
889 399 942 433 vel
960 400 1084 432 aliorum
1096 424 1106 439 ,
1130 401 1165 433 Θ·

287 467 439 499 nunquam
459 456 544 487 illam
561 452 689 496 speciem
713 462 812 484 rerum
832 451 959 482 videant
971 474 980 488 ‚
1009 448 1066 490 mfi
1087 455 1166 482 inter
1186 488 1191 491 Δ

287 508 503 541 celebrationem
522 507 776 537 sacramentorum
789 525 800 540 ‚
825 511 891 532 cum
913 497 1035 539 offertur
1054 500 1088 532 6*
1112 500 1163 531 da-

287 568 357 596 tur,
385 557 558 597 dicaturque
579 555 639 586 illis
660 551 836 584 auctoritate
855 550 1032 592 graviffima
1045 573 1055 588 ‚
1080 551 1165 589 cujus

285 617 388 648 corpus
401 608 435 639 (ν’
441 604 565 648 sangun
571 602 610 643 fit
619 626 629 641 ,
655 601 734 633 nibil
742 600 827 632 aliud
836 601 953 631 credent
966 624 977 638 ‚
1004 605 1034 630 ni
1045 612 1054 632 1
1074 603 1162 631 omni-

286 659 369 689 ηόὶη
390 657 443 688 illa
459 653 552 698 specie
575 656 733 684 Dominum
758 652 844 682 oculis
868 649 1034 691 apparuisse
1060 659 1165 680 morta-

285 708 378 746 lium,
405 707 438 738 ά*
450 707 486 737 de
496 706 586 735 latere
599 702 654 734 tali
662 701 788 742 peri-uffo.
806 700 946 741 liquorem
970 699 1052 730 illum
1075 704 1163 730 omni·

287 756 464 797 nbflumffe.
498 754 578 795 Agit
600 754 640 784 d'e
666 751 809 791 antiquis
827 749 957 781 Div-inae
983 747 1165 790 Majestatis

285 805 322 839 ac
348 806 538 838 Sanctorum
560 800 764 844 Angelorum
789 798 823 831 in
850 799 951 841 igne,
976 796 1082 837 nube,
1109 809 1163 831 aut

284 854 401 897 quovis
422 853 488 885 alio
512 861 645 894 corpore
667 848 926 891 apparitionibus
949 871 959 886 ,
996 857 1092 889 atque
1112 846 1165 882 ad-

282 904 410 949 jungit:
439 904 511 935 Illas
531 902 622 933 nubes
640 902 675 933 (9⁹
694 905 776 941 ignes
805 899 945 940 quomoda
957 896 1091 938 fecerint
1115 898 1167 931 vel

283 951 498 997 adsumpserint
510 952 612 995 Angeli
627 977 637 990 ‚
663 955 730 991 quis
745 956 833 981 novis
857 947 1028 980 bominum?
1058 947 1162 993 Qud

282 1003 504 1047 nempeistum
518 1001 653 1035 modum
665 999 788 1033 Divina
801 998 941 1031 Bonitas
953 995 1099 1030 humano
1110 1009 1166 1042 ge-

283 1056 431 1087 neri-non
444 1051 608 1085 revelarit.
640 1049 802 1083 Adfirmat
823 1059 940 1082 omnes
964 1059 1024 1080 nos
1045 1046 1106 1081 hac
1127 1047 1162 1080 in

282 1116 315 1137 re
337 1105 400 1137 effe
424 1102 546 1136 fimiles
568 1099 800 1143 cespitantibus
819 1098 905 1131 circa
926 1097 1163 1130 Eucharistiam

282 1154 408 1198 pueris,
437 1153 493 1196 qui
506 1151 675 1186 audientes
688 1149 787 1192 ipsam
798 1148 860 1181 esse
871 1147 1066 1181 crucifixum
1095 1147 1164 1180 Do-

281 1204 365 1237 mini
382 1203 531 1246 Corpus,
560 1203 594 1235 &
608 1201 648 1233 de
659 1199 800 1239 eiusdem
814 1199 912 1230 latere
936 1197 1075 1230 effusum
1097 1200 1163 1231 san-

280 1256 439 1298 guinem,
465 1253 644 1295 opinantur
669 1249 857 1282 Dominum
884 1248 917 1280 in
941 1247 998 1279 tali
1024 1258 1163 1289 corpore

280 1301 457 1346 apparuisse
478 1327 484 1334 .
505 1302 589 1344 Quae
601 1300 713 1333 omnia
731 1323 741 1338 ,
770 1299 827 1332 nisi
842 1296 1160 1330 substantialem'Eu·

280 1353 434 1386 charissiae
446 1353 614 1389 veritatem
630 1349 770 1382 Ecclesia
786 1360 866 1382 tunc
890 1347 1037 1380 docuerit
1050 1372 1060 1388 ‚
1087 1348 1161 1381 sunt

280 1402 396 1436 frivola
408 1414 446 1434 ac
460 1412 542 1434 vana
555 1425 562 1432 .

331 1456 363 1484 A
385 1451 540 1494 malignis
559 1448 711 1483 fratribus
739 1448 778 1480 in
795 1450 985 1490 AEgyptum
1013 1447 1164 1481 venditus

279 1500 397 1544 Joseph
425 1500 603 1542 projectum
629 1499 647 1530 a
677 1497 806 1540 perfidis
834 1497 951 1538 judaeis
978 1495 1018 1530 ad
1046 1508 1178 1549 gentes¹

277 1551 446 1584 Christum
478 1549 664 1583 Dominum
692 1572 702 1587 ,
740 1547 924 1590 AEgyptios
952 1546 1180 1599 submergens]

275 1611 363 1634 mare
385 1600 518 1632 rubrum
542 1598 739 1642 significavit
767 1596 951 1630 Dominico
979 1597 1163 1641 sanguine,

275 1651 310 1683 in
332 1661 400 1694 quo
422 1649 620 1683 occiduntur
641 1647 754 1680 omnia
782 1657 912 1688 peccata
924 1646 1029 1679 nostra
1045 1671 1055 1686 ,
1082 1658 1160 1680 con-

275 1702 435 1734 secratum
459 1697 716 1742 regenerationis
738 1697 864 1729 fontem
890 1719 899 1726 .
925 1695 1066 1730 Illustrat
1093 1694 1162 1730 haec

276 1751 312 1783 in
334 1750 523 1793 octogesimi
549 1747 668 1781 Psalmi
695 1746 934 1780 commentario
949 1746 1161 1780 SanctusAu-

276 1801 425 1845 gustinus
438 1824 447 1838 ‚
474 1800 508 1832 δε
522 1798 640 1843 pergit:
667 1798 745 1830 Cum
758 1795 909 1837 traufien‘s
924 1808 1004 1829 mare
1015 1796 1137 1830 rubrum
1148 1821 1161 1837 ,

275 1853 341 1883 cum
366 1849 487 1884 eduam
502 1848 600 1889 fueris
623 1849 643 1879 ti
665 1847 782 1880 delictis
801 1853 883 1885 tuis,
909 1854 1100 1887 percepturus
1125 1859 1156 1880 es

275 1900 427 1939 mysteria,
453 1901 519 1941 qieae
545 1910 603 1931 non
624 1908 776 1938 noveras,
804 1901 875 1938 quia
898 1895 1161 1941 &ipseJofepb,

274 1951 338 1981 cum
359 1955 453 1982 exiret
471 1950 606 1983 deterra
631 1951 779 1991 AEgypti3
805 1949 961 1990 linguam,
989 1958 1082 1988 quam
1100 1958 1158 1980 non

277 1996 404 2032 not-erat
417 2023 428 2039 ,
453 2000 577 2032 audivit
590 2023 597 2030 .
626 2000 734 2031 Audies
742 2000 875 2039 linguam
891 2022 902 2037 ‚
928 2009 1019 2038 quam
1040 2008 1095 2030 non
1110 2008 1158 2030 no·

278 2061 371 2082 veras
391 2074 402 2090 ,
438 2060 529 2090 quam
539 2050 641 2081 ‘modis
665 2049 795 2080 audiunt
821 2049 857 2080 (Ὺ
880 2045 1098 2090 recognoftun11
1112 2055 1153 2079 re-

271 2098 387 2139 stantes
409 2099 444 2131 &r
465 2096 592 2141 [σηπίη
606 2121 616 2136 ,
643 2104 695 2138 qui
717 2105 822 2139 norunt
840 2119 847 2126 .
863 2097 1007 2135 -Audies,
1033 2097 1083 2129 ubi
1108 2097 1157 2129 de-

274 2150 346 2181 beas
370 2146 480 2180 habere
499 2158 564 2179 cora
591 2148 685 2190 ,Quod
705 2148 789 2179 mod&
812 2146 877 2178 crim
901 2147 1047 2187 dicerem,
1072 2148 1157 2180 multi

274 2198 482 2231 intellexerunt
493 2199 527 2230 6*
537 2198 786 2229 adclamaverunt
799 2219 810 2235 ,
832 2197 938 2238 reliqui
944 2195 1084 2236 steterunt
1096 2207 1154 2229 mu-

273 2256 322 2287 n,
348 2252 420 2289 quia
434 2248 574 2280 ‘nondum
599 2247 732 2289 linguam
751 2247 880 2288 equam
903 2257 960 2279 non
987 2256 1156 2287 noverant,

272 2295 432 2331 audieram
453 2320 461 2327 .
488 2296 651 2330 Accelerem
673 2298 741 2339 ergb
765 2321 775 2335 ,
801 2294 954 2338 transeant
980 2319 992 2335 ,
1017 2295 1151 2339 dist-ant.

272 2345 427 2390 Figurate
463 2356 501 2380 ac
536 2346 738 2390 aenigmatice
766 2346 834 2390 agit
857 2346 901 2379 'de
928 2345 1148 2380 Eucharistia.

273 2395 406 2437 Verba,
433 2395 488 2428 Ubi
500 2395 607 2429 debeas
625 2395 732 2429 habere
743 2406 810 2434 cvr,
835 2395 984 2429 alludunt
996 2397 1035 2430 ad
1050 2397 1152 2431 solen-

272 2457 327 2479 nes
349 2446 383 2479 in
408 2445 563 2480 sacrificio
576 2457 704 2489 preces:
730 2448 853 2479 Sursum
866 2448 970 2478 corda.
1001 2447 1150 2480 Habemus

270 2497 314 2527 ad
324 2500 501 2528 Dominum.
530 2495 696 2530 Concioni
716 2495 850 2530 aderant
874 2495 999 2529 Fideles
1019 2521 1029 2536 ,
1054 2497 1151 2531 Cate-

270 2545 446 2585 chumeni‚
471 2545 615 2590 Pagani,
638 2546 755 2588 Judaei‘.
782 2545 886 2579 Porro
907 2547 1020 2579 omnia
1043 2548 1148 2580 Sacra-

268 2594 403 2635 menta,
430 2594 669 2629 Eucharistiam
694 2595 884 2638 praesertim,
911 2595 1148 2641 tunc&Paga-

269 2646 340 2686 nis,
367 2646 402 2679 &
422 2645 561 2687 Judaeis,
587 2644 621 2678 ὅ(
645 2644 899 2679 catechumenis
923 2643 1145 2681 studiosissime

267 2694 452 2729 occultabat
476 2695 617 2729 Ecclesia
637 2719 648 2735 ,
674 2695 812 2737 ideoque
828 2694 867 2728 ad
885 2696 943 2728 ista
966 2695 1143 2739 Augustini

267 2745 440 2790 :enigmata
458 2744 703 2785 adclamarunt,
730 2744 763 2777 &
786 2744 830 2778 ita
840 2744 1101 2781 demonstrarunt
1114 2748 1144 2781 se

267 2795 450 2840 intelligere
469 2795 597 2835 fideles,
625 2795 674 2828 isti
689 2805 796 2828 autem
811 2794 966 2829 steterunt
977 2797 1084 2835 muti,
1108 2796 1143 2831 ὃς

266 2847 308 2880 de
329 2846 590 2880 adclamantibus
613 2845 827 2888 stupuerunt,
853 2845 931 2886 quia
952 2845 1067 2889 nempe
1089 2858 1142 2880 au-

266 2895 399 2929 diebant
421 2897 594 2939 loquentes
614 2895 725 2939 lingua
739 2918 748 2933 ‚
773 2905 871 2936 quam
885 2907 950 2929 non
964 2907 1121 2931 noverant
1134 2922 1142 2930 .

268 2946 360 2979 Hinc
372 2943 501 2979 adillos
512 2944 736 2990 Augustinus:
760 2945 941 2984 Accelerent,
965 2945 1140 2989 transeant,

95 3023 144 3057 Ep.
170 3033 231 3053 120-

94 3068 119 3090 c,
144 3073 186 3099 ¹9-
268 3042 569 3079 catechumenum:
596 3049 720 3078 Gratias
742 3051 859 3088 agimus
882 3048 1076 3079 DominoDeo
1087 3059 1136 3079 no-

259 3094 322 3135 stro
335 3120 344 3134 ‚
372 3095 451 3136 qubd
471 3094 509 3134 est
529 3107 671 3139 magnum
693 3097 919 3128 sacramentum
941 3100 974 3128 in
995 3094 1136 3138 sacrificio

265 3150 337 3178 novi
359 3144 543 3186 testamenti,
572 3146 649 3187 qaod
667 3144 734 3185 ubi,
760 3146 794 3178 (θ
813 3146 950 3187 quando,
976 3147 1137 3188 &quomo-

265 3197 303 3228 do
328 3195 465 3236 offeratur
487 3218 499 3235 ‚
535 3195 600 3227 cum
618 3194 720 3236 fueris
747 3195 920 3237 baptizatus
933 3220 943 3235 ,
979 3202 1135 3229 invenies.

263 3244 384 3279 Cunffi
408 3255 488 3278 tunc
508 3244 659 3287 Episcopi
680 3256 717 3279 ac
732 3245 892 3279 Dostores
905 3245 996 3278 istam
1010 3246 1136 3281 curiosi·

261 3304 362 3329 tatem
385 3293 607 3329 accendebant
628 3294 662 3327 in
684 3295 958 3333 Catechumenis,
984 3297 1133 3339 atqueita

262 3346 345 3387 ipsos
371 3345 411 3379 ad
439 3343 683 3379 accelerandum
720 3345 924 3387 Baptismum
952 3345 1134 3382 inflamma-

261 3393 355 3429 bant.
383 3394 475 3429 Hinc
494 3395 528 3429 &
548 3395 582 3428 in
606 3395 669 3429 alia
692 3395 855 3430 concione
878 3394 1038 3431 declamat
1057 3397 1134 3433 San-

1224 258 1298 281 nem
1309 245 1554 280 Melchisedech
1569 258 1576 277 2
1605 250 1758 280 Fidelibus
1770 252 1868 292 loquor
1881 276 1887 282 .
1914 254 1945 284 51'
1956 254 2030 293 quid
2040 264 2098 284 non
2155 278 2197 306 Da
2210 277 2235 307 d.

1221 298 1390 341 intelligant
1427 296 1660 335 catechumenis,
1685 298 1827 337 auferant
1850 308 2029 344 pigritiam,
2048 301 2098 342 fe-
2117 287 2269 347 sermssnssv‘

1219 348 1326 387 liment
1336 349 1379 379 ad
1390 353 1547 379 notitiam.
1577 347 1619 380 Et
1633 347 1666 379 in
1680 347 1886 382 Tractatibus
1909 352 1999 395 super
2020 352 2096 386 San·
2118 366 2181 390 109-

1222 400 1264 431 &i
1291 397 1429 441 Joannis
1452 397 1672 441 Evangelium
1694 396 1842 430 adfirmat
1866 410 1923 432 eos
1941 426 1951 441 ‚
1978 402 2097 443 quibus

1223 447 1359 491 JESUS
1371 449 1416 486 se,
1442 449 1553 490 utique
1564 458 1619 490 per
1630 445 1880 486 Eucharistiam‚
1892 459 1958 482 non
1971 452 2071 486 credit
2084 476 2103 493 ‚.

1222 500 1283 532 effe
1307 497 1572 531 Catechumenos
1594 522 1604 537 ‚
1630 499 1662 532 dc
1689 497 1913 539 prosequitur:
1941 502 2027 541 ,Quid
2040 502 2095 542 fa-

1221 555 1320 587 ciant,
1345 558 1377 580 ut
1385 547 1418 591 se
1439 549 1500 580 illis
1521 550 1626 581 credat
1647 548 1804 591 JESUS?
1831 546 2033 590 Renascanmr
2058 563 2097 584 ex

1222 611 1302 641 aqua
1314 599 1469 639 &spiritu
1483 598 1604 630 sancJo.
1634 597 1677 630 Et
1690 598 1722 630 in
1735 598 1881 631 sermone
1891 596 1934 631 de
1955 595 2095 634 Domini
2114 589 2210 620 Tmst·
2224 600 2268 620 ¹²·

1225 649 1327 682 verbis
1339 649 1476 691 exponit
1491 647 1586 681 verba
1599 673 1609 688 ,
1634 651 1714 680 Caro
1725 659 1789 681 mea
1800 649 1872 682 vere*
1884 648 1922 689 est
1932 649 2013 681 cibus
2025 675 2035 690 ‚
2061 652 2097 684 (θ’
2114 670 2168 697 33¹..
2188 673 2237 704 46·

1217 697 1344 742 sanguis
1358 710 1438 731 meus
1454 700 1523 731 vere*
1536 698 1573 737 est
1582 706 1673 740 potus
1684 721 1696 736 ‚
1719 710 1759 732 ac
1770 698 1919 743 adjungit
1933 711 1939 730 :
1968 701 2099 742 ‚Quomo-
2114 717 2179 747 cap.
2205 719 2227 737 ι.

1208 762 1211 777 ι
1223 751 1260 781 do
1273 749 1465 781 manducatur
1476 759 1541 781 caro
1555 751 1674 780 Domini
1686 772 1698 787 ,
1726 750 1760 781 Ca·
1772 747 2015 793 bibitursanguis
2039 752 2099 782 Do-

1222 799 1318 831 mini?
1349 802 1493 831 Putamus
1507 800 1582 840 quid
1592 799 1687 832 dicit?
1715 801 1795 842 ,Quis
1806 800 1907 831 contra
1929 808 1960 831 te
1976 799 2073 841 clausit
2085 825 2096 841 ‚

1223 856 1256 880 ut
1265 848 1315 880 boc
1333 847 1470 890 nescias?
1497 850 1634 882 Velatum
1659 848 1697 888 est
1710 874 1716 881 .
1743 850 1803 882 Sed
1817 847 1846 890 fi
1863 849 2012 889 volueris,
2039 854 2097 883 erit

1224 898 1392 930 revelatum
1403 923 1410 930 .
1439 900 1546 932 Accede
1556 900 1601 931 ad
1608 899 1806 941 profeffionem
1819 925 1829 940 ‚
1856 901 1890 935 Θ
1896 897 2007 942 sblvrsti
2018 911 2099 941 qua·-

1216 948 1353 988 stionem.
1381 951 1475 991 ,Quod
1485 955 1563 982 enim
1578 951 1658 982 dixit
1682 953 1825 982 Dominus
1846 949 1982 992 JESUS
1995 974 2004 989 ,
2025 952 2097 989 jam

1221 997 1324 1039 fideles
1351 1007 1462 1030 norunt
1483 1023 1489 1030 .
1520 1001 1562 1030 Tu
1585 1010 1683 1032 autem
1709 999 1945 1033 Catechumenus
1967 1000 2097 1034 diceris:

1224 1049 1355 1080 Audiens
1368 1072 1378 1087 ‚
1404 1049 1438 1081 <5
1447 1046 1556 1089 surdus
1568 1061 1598 1081 es
1614 1074 1621 1080 .
1649 1053 1742 1083 Aures
1755 1056 1833 1082 em'm
1845 1054 1970 1091 corporis
1988 1059 2097 1091 paten-

1224 1107 1268 1130 tes
1291 1097 1406 1137 habes,
1429 1097 1489 1140 fi‘d
1505 1109 1593 1131 aures
1614 1100 1708 1131 cordis
1732 1100 1829 1132 adhuc
1848 1097 1963 1142 clausas
1986 1099 2095 1134 habes.

1227 1151 1300 1180 Ecce
1313 1146 1429 1190 Pascha
1442 1148 1480 1186 est
1491 1172 1501 1188 ,
1527 1150 1568 1179 da
1580 1160 1688 1181 nomen
1698 1150 1743 1181 ad
1754 1149 1946 1192 Baptismum
1956 1174 1963 1182 .
1990 1152 2022 1183 51·
2039 1161 2096 1183 non

1224 1208 1252 1230 te
1263 1205 1377 1230 excitat
1389 1197 1547 1239 festivitas
1561 1223 1571 1238 ‚
1599 1200 1689 1231 ducat
1714 1198 1779 1241 ipsa
1802 1198 1965 1240 curiositas.
1993 1200 2038 1233 Et
2061 1202 2094 1234 in

1224 1245 1368 1280 paschali
1381 1249 1420 1281 ad
1435 1248 1635 1291 Neophytos
1647 1249 1801 1282 Sermone
1825 1248 1932 1283 scribit
1946 1263 1956 1283 .-
1985 1254 2098 1284 Promi·
2120 1248 2160 1277 De
2176 1243 2279 1276 divers·

1220 1296 1319 1340 seram
1339 1298 1446 1337 vobis,
1476 1304 1529 1340 qui
1550 1298 1699 1339 baptizati
1722 1298 1787 1339 estis
1800 1323 1812 1338 ,
1830 1297 2016 1341 sermonem,
2043 1313 2099 1343 quo
2118 1286 2166 1318 (π’
2195 1290 2242 1323 33*

1222 1356 1395 1389 exponerem
1414 1347 1523 1390 mensae
1547 1352 1710 1381 Dominicae
1730 1351 1949 1382 sacramentum
1971 1374 1982 1390 ‚
2018 1353 2102 1393 quod

1224 1400 1306 1430 modii
1317 1404 1407 1430 etiam
1417 1399 1531 1431 videns
1544 1422 1555 1438 ,
1581 1399 1614 1432 Θ·
1626 1401 1711 1439 cujus
1721 1399 1803 1432 nolle
1820 1406 1979 1442 praeterita
1999 1408 2100 1443 parti-

1222 1455 1298 1489 cipes
1305 1450 1375 1487 jam
1378 1447 1460 1489 falli
1474 1447 1538 1486 estis
1551 1472 1558 1479 .
1585 1448 1666 1491 Ejus
1687 1450 1855 1483 veritatem
1880 1461 1917 1484 ac
1939 1452 2101 1494 significa-

1223 1499 1351 1531 tionem
1373 1497 1690 1542 infigniterexponit
1706 1521 1717 1538 ,
1741 1499 1774 1533 ὃ(
1794 1501 1923 1544 pergit.-
1952 1505 2024 1534 Non
2045 1503 2100 1535 tibi

1222 1549 1368 1581 videatur
1394 1549 1477 1586 vile,
1504 1553 1575 1589 quia
1600 1550 1711 1591 vides,
1739 1550 1819 1593 quod
1837 1551 1949 1591 vides,
1975 1551 2079 1595 transit
2095 1575 2107 1591 ,

1215 1596 1698 1641 ftdquodfignificaturinvifibile
1711 1623 1722 1639 ,
1748 1611 1808 1631 non
1829 1599 1953 1642 tranfit.
1984 1603 2037 1636 De
2061 1604 2104 1637 sa-

1222 1659 1279 1681 cro
1293 1649 1386 1680 fonte
1399 1647 1526 1691 egressis
1537 1672 1548 1688 ‚
1573 1649 1607 1682 ὃ(
1624 1650 1713 1682 sacro
1725 1648 1914 1684 Chrismate
1925 1653 2105 1687 'confirma-

1221 1699 1263 1730 tis
1276 1696 1465 1740 Neophytis
1477 1698 1691 1732 sacro-sancia
1706 1722 1716 1738 ,
1742 1699 1782 1732 de
1793 1711 1856 1743 qua
1877 1701 2046 1737 audierant
2070 1704 2105 1738 <Sc

1222 1748 1365 1790 patefieri
1376 1747 1598 1790 exspectaram
1611 1758 1661 1782 tot
1671 1748 1848 1792 aenigmata
1870 1760 1908 1783 ac
1932 1752 2104 1794 mysteria,

1221 1796 1428 1833 Eucharistia
1449 1796 1560 1831 statim
1580 1798 1815 1833 ostendebatur
1839 1812 1846 1831 ε
1875 1800 2010 1844 Utpote
2033 1814 2106 1836 om-

1221 1858 1296 1881 nem
1311 1847 1451 1890 ipsorum
1465 1848 1684 1882 curiositatem
1698 1849 1863 1892 expletura
1877 1875 1888 1891 ‚
1915 1851 2079 1888 adoranda
2093 1879 2105 1894 ‚

1219 1908 1317 1941 atque
1328 1897 1483 1933 sumenda
1496 1922 1506 1930 .
1531 1899 1579 1932 At
1593 1910 1667 1933 ecce
1679 1898 1764 1933 nihil
1775 1900 2006 1936 ostendebatur
2019 1927 2030 1943 ‚
2042 1905 2101 1937 nisi

1220 1948 1312 1991 panis
1322 1959 1360 1981 ac
1381 1949 1498 1983 vinum
1514 1974 1521 1983 .
1549 1948 1643 1983 Hinc
1662 1949 1871 1994 Augustinus
1893 1950 1999 1986 dixit:
2028 1958 2103 1987 Non

1218 1997 1272 2031 tibi
1295 2000 1437 2032 videatur
1460 2000 1540 2040 vile,
1567 2004 1639 2042 quia
1670 2001 1778 2034 vides.
1807 2002 1916 2036 Etiam
1942 2003 2102 2047 Baptiste-

1218 2049 1304 2082 rium
1327 2049 1479 2094 ingredi,
1506 2050 1539 2084 &
1558 2051 1679 2084 sacrum
1702 2051 1828 2085 fontem
1850 2052 2009 2096 inspicere
2029 2066 2097 2089 non

1219 2109 1368 2143 poterant
1381 2098 1639 2134 Catechumeni:
1670 2101 1781 2147 Qam
1794 2102 2003 2146 disciplinam
2026 2105 2109 2138 Au·-

1217 2145 1497 2194 gustinitempore
1511 2149 1646 2194 viguisse
1658 2152 1756 2185 etiam
1778 2150 1864 2194 apud
1890 2152 2016 2193 Afros,-
2037 2155 2095 2189 do·
2120 2173 2187 2214 Cap
2214 2185 2232 2214 3

1216 2210 1267 2235 cet
1279 2199 1440 2242 ejuslibet
1450 2200 1491 2234 de
1502 2199 1746 2235 catechizandis
1770 2200 1921 2236 rudibus.
1950 2201 2040 2239 Nam
2063 2206 2105 2240 δε
2188 2195 2195 2205 ’
2236 2199 2243 2207 ’

1216 2248 1274 2283 isla
1296 2260 1377 2292 aqua
1397 2261 1465 2284 erat
1495 2251 1678 2284 consecrata
1706 2251 1891 2286 Dominico
1915 2254 2094 2299 sanguine,

1215 2298 1303 2332 illius
1315 2301 1440 2344 signum
1452 2301 1486 2335 ὅ(
1498 2301 1600 2344 figura
1614 2325 1621 2332 .
1652 2300 1693 2334 Et
1706 2309 1814 2335 tamen
1828 2301 1869 2336 de
1884 2303 1949 2346 ipsa
1965 2316 2032 2340 non
2047 2307 2096 2341 di-

1214 2348 1573 2384 cebaturintrantibus:
1601 2355 1674 2383 Non
1693 2352 1748 2384 tibi
1769 2353 1911 2387 videatur
1922 2357 1987 2388 vile
1997 2375 2011 2389 .-
2035 2358 2094 2392 Eis

1213 2399 1403 2439 dicebatur,
1430 2399 1631 2445 quodetiam
1654 2400 1711 2435 issa
1732 2413 1817 2445 aqua
1837 2415 1905 2438 non
1929 2405 2006 2440 esset
2033 2409 2091 2441 nisi

1212 2461 1295 2492 aqua
1314 2475 1322 2482 .
1347 2451 1468 2484 Nullus
1479 2450 1577 2484 etiam
1590 2451 1847 2496 Gentilisipsam
1870 2465 2010 2498 aquam,
2036 2458 2090 2493 sed

1213 2500 1300 2534 solos
1323 2499 1391 2543 ejus
1412 2501 1431 2534 ὲ
1452 2500 1648 2535 Christianis
1668 2502 1857 2544 praedicatos
1877 2505 2007 2539 effecius
2026 2508 2090 2543 fuit

1212 2549 1406 2584 admiratus.
1435 2551 1526 2585 Nam
1547 2551 1582 2585 δι
1601 2549 1655 2584 hic
1677 2552 1762 2587 item·
1781 2552 1866 2588 haefit
1882 2553 1923 2588 ad
1946 2556 2088 2592 Domini

1211 2599 1475 2641 praedicationem
1497 2600 1718 2635 Nicodemus.
1746 2604 1816 2637 Cur
1833 2604 1912 2648 ergo
1933 2606 1974 2639 ad
1997 2607 2088 2643 Neo-

1209 2649 1329 2692 phytos
1355 2650 1390 2683 in
1427 2649 1638 2684 Eucharistiae
1663 2653 1804 2688 veritate.
1819 2653 1996 2690 firmandos
2020 2659 2086 2694 fuit

1209 2711 1291 2741 opus
1313 2709 1364 2733 tot
1389 2700 1493 2734 verbis
1522 2701 1732 2735 &suadelis?
1759 2703 1848 2737 Audi
1861 2705 2085 2743 suadelasAu·

1207 2748 1329 2792 gustini
1342 2760 1384 2782 ex
1396 2751 1544 2784 sermone
1554 2750 1595 2783 de
1608 2750 1711 2785 verbis
1730 2753 1902 2796 Apostoli.
1929 2754 2083 2800 Exponit

1206 2798 1494 2834 Dominiverbum
1504 2824 1516 2840 ‚
1541 2799 1613 2841 Nifi
1618 2803 1873 2837 manducaveritis
1889 2816 2007 2840 carnem
2023 2808 2084 2850 filii

1199 2848 1345 2889 hominis,
1372 2849 1587 2883 nonhabebitis
1599 2857 1739 2885 vitamin
1762 2854 1867 2895 vobis,
1894 2866 1932 2889 ac
1956 2858 2078 2901 pergit:

1205 2902 1285 2942 ,Quis
1299 2901 1378 2932 alius
1390 2899 1441 2934 boc
1453 2901 1559 2934 diceret
1570 2902 1608 2934 de
1620 2908 1689 2935 vita
1698 2925 1710 2941 ,
1734 2902 1790 2943 nist
1797 2902 1862 2946 ipsa
1885 2908 1976 2939 vita?
2001 2911 2078 2941 Em
2096 2903 2182 2934 δἐι-τη.
2207 2917 2233 2936 2.

1200 2961 1301 2983 autem
1321 2950 1368 2982 illi
1388 2949 1501 2984 bomini
1517 2962 1616 2991 mors,
1642 2964 1702 2986 non
1719 2959 1787 2987 vita
1799 2978 1810 2994 ,
1836 2962 1888 2996 qui
1909 2957 2075 2990 mendacem
2094 2950 2156 2982 cap*
2188 2955 2214 2977 ²·

267 2994 382 3039 discant
401 3018 409 3026 .
444 2988 597 3039 Exponit
619 2996 652 3028 in
680 2994 827 3038 Epistola
859 2993 898 3028 ad
925 2994 1137 3031 Honoratum
1194 3005 1477 3041 putaveritvitam.
1497 3000 1629 3044 Utique
1639 3004 1778 3038 errando
1789 3011 1864 3037 cum
1876 3004 2074 3048 capharnai-

1197 3048 1238 3083 tis
1261 3075 1268 3081 .
1306 3049 1415 3084 Habet
1442 3052 1546 3094 plures
1572 3051 1754 3087 istiusmodi
1782 3054 1924 3088 suadelas
1942 3079 1950 3087 .
1983 3056 2072 3103 Qia

1197 3110 1314 3142 nempe
1351 3099 1555 3134 Eucharistia
1591 3099 1689 3136 habet
1725 3103 1847 3146 aliquid
1886 3115 2069 3150 repugnans

1197 3149 1359 3188 sensibus,
1386 3150 1524 3195 ideoque
1545 3152 1726 3185 carnalibus
1747 3152 1911 3187 mentibus
1933 3156 2072 3191 incredi-

1196 3199 1280 3233 bile.
1319 3199 1450 3244 Utique
1480 3202 1646 3236 veritatem
1667 3203 1840 3236 Dominici
1862 3207 2007 3248 corporis
2034 3209 2068 3241 δε

1195 3250 1382 3293 sanguinis.

1245 3299 1355 3333 Restat
1370 3300 1527 3343 quaestio,
1551 3301 1632 3347 Qo
1657 3302 1747 3335 sensu
1772 3302 1980 3348 Augustinus
2003 3307 2066 3341 Eu-

1193 3349 1376 3384 charistiam
1414 3352 1552 3394 appellet
1581 3352 1752 3386 Dominici
1779 3356 1926 3397 corporis
1951 3357 2065 3401 imagi-

1192 3411 1268 3435 nem
1279 3425 1289 3441 ,
1316 3400 1557 3436 similitudinem
1567 3427 1578 3443 ,
1593 3402 1729 3447 figuram
1741 3404 1754 3436 ἓ
1766 3402 1895 3439 Primus
1905 3405 2062 3448 ejusmodi

1923 3456 2012 3489 locus
