2352 3756
640 88 879 119 nonum
915 69 1648 122 Romanu-'M'C‘onenw'm-
1692 87 1694 89 ’

438 202 950 256 ΞεΗοιῘοΝ.

354 320 389 353 D
411 327 535 352 annum
555 312 761 346 millesimum
780 310 1014 354 octogesimum
1027 309 1135 342 secun-

378 369 458 403 dum
487 364 598 400 scribit
624 360 821 396 Bettholdus
857 359 1135 394 Constantienfis:

260 424 401 452 Henricus
425 425 457 450 in
478 420 624 454 Italiam,
650 410 807 454 adsumpto
829 409 967 450 Apostata
984 409 1037 453 suo
1063 413 1136 441 Gui-

260 471 358 509 berto,
385 469 492 502 iterum
516 470 641 499 Romam
662 459 814 503 invisurus
825 458 1038 502 proficiscitur,
1064 461 1136 491 adu-

261 529 338 552 nata
363 518 550 551 multitudine
570 511 842 556 schismaticorum,
867 510 964 551 ibique
984 521 1019 542 ea
1040 509 1138 550 aestate

261 578 391 601 moratus
405 592 415 607 ‚
438 568 515 608 pene
528 571 559 598 in
569 564 672 607 cassum
682 561 857 600 laboravit,
883 558 942 600 nisi
958 561 1040 601 quod
1061 562 1136 592 mili-

261 628 309 651 tes
325 616 394 660 suos
417 615 596 659 qmbusdam
615 612 739 652 castellis
752 634 763 650 ‚
787 619 819 643 ut
838 608 978 650 facerent
996 612 1137 653 guerram

259 671 402 700 Romanis
416 691 426 706 ,
453 664 588 708 imposuit
600 687 611 703 ‚
635 666 708 704 quia
717 671 783 693 eum
794 670 844 692 nec
855 659 909 691 hac
923 665 989 692 vice
1008 662 1134 690 Romam

259 723 376 750 intrare
381 714 581 759 permiserunt
591 738 600 746 .
628 716 727 756 Ignem
739 720 851 752 quoque
860 714 894 741 in
904 710 1023 742 domum
1034 708 1136 740 Samii

260 771 347 800 Petri
351 776 408 809 per
418 767 567 809 quendam
580 765 755 797 traditorem
766 765 924 792 immittere
945 758 1058 797 voluit,
1078 756 1136 801 sed

258 820 318 848 Dei
341 814 538 857 misericordia
551 819 723 854 protegente
742 819 800 840 non
817 813 919 849 potuit
940 831 949 839 .
977 812 1133 850 Cogitavit

259 871 338 897 enim
348 875 380 897 ut
392 865 430 898 de
439 860 599 904 improviso
602 869 712 901 portas
734 863 936 898 irrumperet,
957 856 988 898 fi
1006 861 1134 890 Romani

258 914 407 948 dereIiHis
417 910 645 956 propugnaculis
656 908 701 940 ad
711 908 877 940 incendium
899 905 1134 950 restinguendum

257 973 459 998 occurrerent.
487 962 571 995 Unde
582 966 681 1004 ignem
698 957 834 990 domibus
857 955 1039 998 quibusdam
1059 960 1132 990 San-

260 1015 305 1046 :¹70
317 1017 404 1047 Petro
421 1017 563 1054 contiguis
585 1013 708 1043 immitti
724 1007 883 1047 fecerunt.
909 1008 969 1039 sed
988 1010 1132 1040 Dominus

259 1064 433 1105 apostolicus
453 1062 518 1095 huic
540 1058 681 1102 versutiae
701 1057 843 1090 obviavit
863 1080 872 1088 .
900 1061 987 1089 Nam
1000 1059 1132 1098 primum

257 1112 323 1156 viso
335 1114 469 1146 incendio
480 1136 491 1151 ,
517 1122 614 1143 omnes
627 1110 735 1142 milites
746 1109 892 1138 Romanos
905 1107 948 1138 ad
965 1115 1132 1151 propugna-

258 1165 322 1196 cula
348 1162 539 1204 defendenda
560 1156 739 1202 transmiſsi,
764 1154 881 1198 ipseque
896 1153 975 1197 solus
990 1179 1001 1195 ‚
1021 1155 1132 1197 fiducia

257 1213 360 1246 santii
372 1216 453 1246 Petri
458 1210 560 1253 fretus
580 1234 591 1250 ,
606 1208 693 1251 fac‘io
708 1205 788 1250 figno
808 1211 901 1238 crucis
923 1213 1025 1238 contra
1039 1213 1130 1240 incen-

256 1264 361 1303 dium,
387 1268 483 1306 ignem
491 1261 630 1304 progredi
641 1257 764 1292 ulterius
788 1267 846 1289 non
864 1254 1011 1297 permisti.
1036 1261 1131 1300 Igitur

258 1316 397 1345 Henricus
410 1338 420 1352 ‚
446 1319 531 1353 ‘capto
539 1308 700 1343 venerabili
711 1304 856 1348 Episcopo
868 1306 904 1338 de
913 1307 1013 1338 Sutria
1022 1331 1034 1346 ,
1056 1306 1133 1350 aliis-

258 1375 311 1404 que
334 1363 481 1395 nonnullis
493 1384 503 1400 ,
524 1360 634 1404 suoque
645 1357 783 1400 Apostuta
797 1355 939 1390 Guiberto
947 1361 979 1388 in
990 1357 1061 1389 uibe
1086 1360 1134 1389 Ti-

257 1413 379 1445 burtina
392 1414 436 1445 ad
447 1410 629 1453 infestandos
642 1413 787 1442 Romanos
802 1406 937 1439 derelicto
947 1429 959 1445 ,
985 1405 1038 1448 ips
1032 1418 1046 1439 e
1058 1410 1134 1439 Lon-

253 1462 433 1505 gobardiam
453 1466 639 1494 revertitur.
666 1457 768 1505 Qod
791 1456 899 1499 ipsum
921 1455 1031 1490 scribit
1053 1457 1134 1491 Gui-

255 1513 385 1545 lielmus
408 1508 702 1545 Bibliothecarius:
730 1504 1064 1548 Annoquoquesecundo
1078 1515 1134 1548 per

257 1564 439 1600 spoletinum
453 1564 606 1593 Ducatum
620 1562 765 1595 Hearicus
775 1557 820 1588 ad
835 1557 940 1588 Urbem
962 1561 1068 1590 iterum
1088 1568 1134 1590 re.

256 1614 339 1642 divit
352 1634 364 1650 ,
389 1613 423 1643 (⁴7
433 1619 490 1651 per
502 1618 597 1642 totum
621 1605 885 1650 ,Quadragesimale
905 1613 1018 1647 tempus
1037 1605 1134 1649 ipsam

257 1662 380 1692 Romam
400 1671 465 1692 cum
492 1659 588 1690 multa
608 1656 766 1696 hostilitate
783 1655 897 1697 obsedit
917 1679 924 1687 .
951 1657 1135 1689 adveniente

257 1711 328 1742 vero
336 1718 462 1750 tempore
474 1706 611 1751 Pascbali
624 1730 634 1746 ,
661 1715 694 1739 ut
716 1704 850 1744 aestivum
873 1705 996 1736 calorem
1017 1706 1133 1737 devita-

257 1768 325 1799 ret,
350 1767 402 1798 per
413 1763 552 1790 civitates
573 1761 735 1789 exercitum
758 1753 926 1794 distribuit,
952 1755 987 1786 (9
1013 1754 1076 1797 ipse
1100 1760 1134 1788 in

258 1809 498 1851 Longobardiam
519 1818 583 1839 cum
600 1810 708 1847 paucis
728 1808 842 1836 reverti
847 1802 980 1842 studuit,
1007 1803 1133 1836 Guiber-

255 1869 321 1890 tum
333 1861 404 1890 vero
416 1858 501 1899 apud
521 1856 692 1887 Tiburtinos
717 1852 845 1892 dimisti,
870 1852 904 1884 Θ
927 1858 1065 1885 exercitui
1079 1851 1133 1894 suo

251 1907 413 1950 praefecit,
438 1912 490 1947 qui
507 1903 655 1946 postposito
678 1904 868 1940 Sacerdotio,
890 1909 947 1941 per
968 1902 1135 1934 incumben-

254 1969 315 1991 tem
337 1955 465 1996 testatem
485 1967 572 1999 agros
593 1954 627 1987 Θ·
643 1951 757 1996 segetes
781 1954 981 1983 Romanorum
1001 1950 1132 1991 devasta-

253 2013 324 2046 vit,
353 2009 388 2040 Θ
412 2007 474 2038 alia
493 2005 575 2037 mala
591 2013 737 2043 tanquam
759 2007 810 2034 vir
825 1999 1006 2042 sanguinum
1026 1999 1130 2042 eisdem

255 2059 398 2089 Romanis
424 2054 525 2087 intulit
549 2078 556 2084 .
593 2053 675 2085 Haec
707 2051 772 2084 fuit
807 2049 946 2085 secunda
974 2050 1130 2096 Romanae

255 2106 343 2139 urbis
364 2105 490 2138 obfidio
511 2100 764 2145 &impugnatio
778 2124 785 2131 .
812 2096 933 2138 Noster
945 2098 1040 2142 porro
1053 2099 1129 2133 Gre-

253 2159 366 2201 gorius
388 2155 533 2188 imitatus
548 2151 594 2186 est
618 2151 770 2186 Sanssum
797 2148 1032 2185 Marcellinum
1061 2149 1129 2183 An-

254 2206 446 2239 conitanum
468 2203 667 2246 Episcopum
686 2222 698 2239 ,
732 2200 750 2234 a
772 2210 841 2242 quo
863 2197 1031 2241 publicum
1052 2199 1127 2233 civi·

254 2255 329 2288 tatis
351 2253 540 2286 incendium
563 2252 656 2285 fuiffe
671 2249 788 2284 eodem
800 2247 901 2283 modo
913 2248 1105 2283 exstinctum
1117 2273 1128 2290 ,

253 2303 360 2339 scribit
383 2304 415 2336 in
440 2303 545 2345 primo
567 2301 775 2345 dialogorum
797 2297 879 2332 libro
892 2300 1037 2342 Magnus
1048 2300 1127 2333 Gre-

254 2358 364 2399 gorius
386 2378 392 2384 .
421 2352 525 2398 Qod
547 2351 610 2386 isto
630 2349 734 2385 modo
756 2348 854 2383 etiam
875 2350 1010 2383 Sanetus
1032 2350 1125 2383 Hila—

254 2407 327 2438 rion
351 2403 467 2436 iratum
490 2412 578 2436 mare
600 2401 772 2445 placaverit
792 2422 803 2437 ‚
839 2399 975 2433 testatur
997 2399 1032 2432 in
1057 2399 1126 2442 ejus

254 2456 320 2488 vita
347 2453 480 2487 Sancius
500 2452 741 2494 Hieronymus.
770 2449 812 2483 Et
834 2447 913 2482 hinc
939 2450 1026 2483 lucet
1049 2448 1122 2482 infi-

253 2505 327 2551 guis
347 2501 560 2538 sanstimonia
580 2501 683 2535 nostri
701 2499 827 2542 septimi
853 2499 1027 2543 Gregorii.

304 2555 357 2588 De
379 2552 474 2587 tertia
495 2552 657 2590 Romanae
673 2548 762 2583 urbis
781 2548 951 2583 obsidione
964 2548 1123 2583 scribitad

255 2615 378 2639 annum
398 2602 602 2637 millesimum
624 2599 859 2644 ostogefimum
882 2599 1015 2633 tertium
1037 2599 1124 2633 Con·

234 2651 238 2657 ’
255 2656 367 2689 sardus
387 2651 500 2686 Abbas
523 2650 740 2695 Uspergenfis
760 2662 772 2681 :
797 2651 939 2682 Henricus
959 2651 1026 2681 Rex
1064 2652 1124 2682 Pa-

251 2705 323 2749 fiha
343 2703 503 2737 celebravit
526 2702 611 2743 apud
636 2699 776 2734 ‚tantiam
803 2699 973 2739 Ruffinam,
1000 2709 1123 2741 motoque

257 2760 381 2788 Romam
400 2753 523 2786 tendens
543 2751 636 2791 castra
648 2749 746 2793 posuit
766 2772 777 2789 ,
804 2748 853 2781 ubi
877 2750 912 2781 &⁹
929 2749 1017 2791 prius
1036 2773 1048 2790 ,
1081 2751 1125 2783 ad

257 2805 472 2838 occidentalem
487 2809 606 2844 partem
627 2801 747 2840 Casti-lii
768 2798 871 2831 sancii
894 2801 994 2839 Petri,
1019 2806 1122 2841 capta-

258 2867 312 2897 que
334 2853 371 2894 est
393 2852 463 2886 urbs
480 2861 584 2894 quarto
604 2862 695 2885 nonas
710 2853 741 2894 J
745 2853 830 2888 unii,
850 2847 935 2889 feria
951 2846 1043 2890 sexta
1052 2857 1121 2883 ante

257 2905 392 2937 octavam
422 2901 600 2942 Pentecostes
623 2926 631 2934 .
667 2908 727 2937 Hoc
748 2906 876 2940 tempore
898 2899 1119 2932 Hildebrandus

260 2958 348 2996 Papa
378 2958 411 2985 in
435 2951 557 2992 Castello
583 2948 742 2993 Crescentii
762 2972 774 2988 ‚
812 2949 892 2990 quod
910 2949 998 2991 vulgo
1017 2950 1120 2983 domus

258 3004 425 3037 Theoderici
444 3003 612 3043 appellatur
637 3025 648 3042 ,
682 2996 806 3041 inclusus
827 2996 1016 3040 exspeblabat
1035 3009 1118 3033 even·

257 3065 320 3087 tum
337 3058 397 3086 rei.
424 3055 490 3084 Rex
513 3054 586 3084 vero
606 3056 638 3084 in
664 3052 805 3083 Palatino
825 3057 922 3081 monte
930 3053 1119 3083 munitionem

257 3104 409 3144 instituens
431 3126 441 3141 ,
478 3112 536 3133 non
552 3109 662 3142 paucos
678 3123 690 3139 ,
727 3110 800 3142 quos
819 3103 852 3130 in
871 3097 1005 3139 praefidio
1022 3097 1117 3142 posue-

257 3164 306 3188 rat
320 3178 330 3193 ,
356 3149 574 3195 ingravescente
591 3148 680 3191 super
702 3161 749 3182 eos
771 3148 879 3188 aestatis
898 3146 1007 3190 insueto
1017 3148 1117 3189 fervo-

257 3218 289 3238 re
310 3202 420 3242 amifit.
448 3202 507 3234 sed
528 3202 562 3233 (εἰ
582 3201 654 3232 alios
676 3200 713 3231 de
734 3204 864 3232 exercitu
885 3199 991 3229 multos
1016 3200 1116 3232 eadem

256 3253 424 3288 mortalitas
448 3248 619 3293 absumpfit.
649 3250 762 3281 Eodem
781 3257 906 3289 tempore
921 3251 1025 3290 Legati
1036 3252 1115 3281 Grae-

1903 97 1991 140 331

1199 160 1231 188 ni
1242 166 1340 190 autem
1351 161 1462 200 viginti
1473 159 1585 200 obsides
1592 166 1670 207 Regi
1679 165 1790 198 dantes
1803 175 1841 198 ex
1853 164 1992 198 nobilibus
2002 182 2004 189 ·
2010 175 2066 208 pe-

1198 212 1308 240 tierunt
1317 207 1398 240 diem
1409 207 1538 246 constitui
1550 232 1561 248 ,
1584 216 1616 243 in
1626 224 1681 253 quo
1693 217 1780 256 Papa
1791 217 1825 249 <9⁸
1835 226 1933 247 omnm
1946 218 2064 248 senato.

1198 269 1246 290 res
1256 262 1289 290 in
1295 255 1490 300 praesentiam
1500 259 1566 298 ejus
1578 258 1714 293 venirent
1725 287 1735 302 ,
1760 271 1812 306 qut
1834 266 1913 297 diem
1930 264 2062 304 statuens

1198 309 1356 341 Kalendas
1365 306 1550 351 Novembris
1562 331 1573 348 ‚
1599 306 1660 350 ipse
1678 311 1721 342 ad
1741 323 1881 346 montana
1899 314 2063 358 conscendit

1198 363 1332 391 intrante
1340 360 1415 391 Iulio
1422 382 1434 398 ,
1463 357 1561 400 ibique
1569 368 1749 391 commorans
1761 361 1849 403 usque
1863 366 1907 396 ad
1916 364 2062 404 statutum

1198 416 1311 450 tempus
1318 411 1444 441 Romam
1456 409 1548 441 rediit
1563 432 1575 448 ,
1594 406 1652 450 sed
1663 411 1749 450 Papa
1759 414 1792 440 in
1801 412 1863 450 ejus
1870 413 2062 455 praesentiam

1198 469 1256 491 non
1265 465 1349 492 venit
1360 482 1370 491 .
1394 459 1478 491 Vnde
1487 461 1615 491 Romani
1623 464 1755 491 commoti
1767 469 1871 491 manus
1882 464 1954 504 Regi
1977 465 2062 497 dede-

1196 516 1267 541 runt
1277 534 1287 549 ,
1300 509 1538 546 Hildebrandum
1547 511 1617 542 vero
1632 511 1751 551 Papam
1759 514 1937 542 unanimiter
1949 510 2064 545 abdica·

1197 569 1306 592 verunt
1320 584 1326 590 .
1355 561 1420 603 ,Qui
1428 559 1536 592 occulte
1537 558 1664 602 fugiens
1674 583 1685 599 ,
1701 558 1963 603 salernumsmfft
1974 585 1982 591 .
2007 561 2064 594 Ibi-

1195 611 1265 641 dem
1274 610 1318 641 ad
1327 610 1404 642 diem
1416 615 1519 642 mortis
1524 607 1591 651 fieae
1598 608 1757 651 permanfit
1766 635 1773 642 .
1790 609 1844 643 Ad
1856 609 1995 644 eundem
2010 622 2065 645 an·

1197 671 1275 693 num
1286 659 1396 694 scribit
1406 659 1584 703 Appendix
1595 658 1763 693 Lamberti
1785 658 2067 705 Schafnaburgen-

1195 710 1234 742 fis
1246 722 1254 741 t
1281 712 1376 742 Roma
1385 718 1475 751 capta
1486 709 1524 749 est
1532 709 1572 741 ab
1583 713 1707 744 Henrico
1718 713 1797 752 Rege
1807 732 1818 748 ‚
1847 711 1881 742 (θ’
1898 708 2067 751 pestilentis:

1189 764 1299 802 gravis
1304 759 1397 802 sada
1407 785 1416 791 .
1428 760 1470 793 Et
1482 759 1653 793 Marianus
1663 758 1777 792 Scotus
1787 772 1799 791 .·
1825 763 1919 791 Roma
1931 769 2019 802 capta
2029 759 2067 798 est

1194 810 1234 842 ab
1244 816 1368 845 Henrico
1378 815 1457 853 Rege
1466 834 1478 850 ,
1489 811 1524 843 6·
1533 816 1566 842 in
1577 811 1643 850 ejus
1653 814 1782 842 exercitu
1792 815 1928 841 maxima
1935 809 2070 851 pestilen-

1193 864 1238 891 tia
1240 858 1331 898 facia
1340 885 1349 892 .
1378 861 1419 895 Et
1431 859 1618 904 sigebertus
1630 855 1870 893 Gemblacensi's
1881 873 1893 892 .·
1920 863 1980 892 Hoc
1990 871 2069 892 anno

1195 913 1337 942 Henricus
1351 914 1517 952 Imperator·
1526 934 1537 950 ‚
1550 913 1643 942 Roma
1655 913 1807 943 Leoniana
1816 917 1907 951 capta
1920 933 1932 949 ‚
1945 913 2069 942 Romam

1193 957 1297 1000 obfidet
1307 984 1315 991 .
1335 961 1475 993 Condidlo
1482 965 1563 993 inter
1574 964 1782 1001 Imperatorem
1793 961 1826 993 Θ·
1840 962 1960 1002 Papam
1971 961 2020 992 die
2026 960 2072 991 ad

1193 1007 1313 1051 causam
1322 1015 1399 1043 inter
1411 1021 1457 1043 eos
1468 1011 1681 1043 decernendam
1689 1032 1702 1048 ,
1726 1010 1791 1042 cum
1798 1017 1864 1051 pax
1875 1010 2068 1050 dissimulante

1196 1062 1284 1100 Papa
1296 1064 1374 1092 inter
1381 1071 1427 1093 eos
1440 1071 1497 1093 non
1507 1063 1675 1093 conveniret
1685 1083 1696 1099 ,
1722 1062 1848 1092 Romani
1865 1062 1900 1093 ὁ·
1910 1061 1996 1093 multi
2009 1063 2073 1092 Ita-

1193 1110 1244 1141 liae
1254 1106 1392 1152 Episcopi
1402 1112 1422 1141 ὰ
1434 1113 1522 1151 Papa
1532 1108 1690 1152 desiiscunt
1698 1133 1708 1149 ,
1733 1115 1784 1151 qui
1789 1109 1913 1152 fugiens
1925 1111 1969 1142 ad
1978 1113 2074 1142 Nort-

1195 1171 1319 1191 mannos
1326 1158 1360 1201 se
1371 1161 1509 1193 contulit.
1539 1160 1584 1193 Et
1595 1158 1635 1193 ad
1647 1170 1771 1192 annum
1785 1152 1990 1203 sequentem}
2017 1163 2075 1192 Ro-

1192 1214 1278 1240 mani
1288 1212 1495 1249 Imperatorem
1509 1214 1667 1242 Henricum
1678 1214 1819 1250 recipiunt
1826 1216 1859 1242 in
1870 1209 1939 1243 urbe
1948 1234 1959 1250 ,
1984 1211 2019 1243 (9
2031 1220 2075 1242 eo-

1195 1269 1259 1290 rum
1263 1258 1379 1298 judicio
1392 1258 1614 1304 Hildebrandus
1630 1262 1750 1300 Papatu
1761 1259 1917 1292 abdicatur
1925 1284 1936 1300 ‚
1959 1259 1993 1292 (⁴5
2005 1262 2077 1292 Gui-

1195 1308 1294 1341 bertus
1307 1312 1468 1342 Ravennae
1480 1307 1718 1351 Arcbiepiscopus
1730 1314 1763 1341 in
1776 1310 1879 1342 sedem
1890 1309 2077 1351 Apostolicam

1195 1357 1414 1391 inthronizatus
1426 1384 1436 1399 ‚
1447 1360 1584 1392 clemens
1595 1364 1765 1391 nominatur
1779 1383 1786 1390 .
1802 1360 1844 1392 Et
1862 1360 1895 1392 in
1909 1358 2080 1394 Caffinen-
2091 1377 2140 1408 m,

1196 1408 1234 1441 sis
1246 1407 1440 1442 Monasterii
1452 1407 1625 1443 Chronico
1635 1409 1704 1442 Leo
1712 1409 1869 1443 Ostiensis
1879 1409 2076 1452 Episcopus:
2091 1427 2155 1458 cap,
2178 1427 2225 1455 50·

1198 1463 1342 1491 Henrtcus
1354 1463 1534 1500 Imperator,
1544 1465 1705 1492 exercitum
1727 1470 1906 1502 congregans
1918 1483 1930 1498 ‚
1952 1462 2079 1491 Romam

1195 1509 1347 1547 advenit,
1359 1511 1393 1542 Θ·
1401 1515 1544 1550 porticum
1554 1509 1656 1541 sancii
1669 1511 1752 1541 Petri
1759 1517 1814 1549 per
1825 1514 1891 1541 vim
1921 1514 1996 1550 cepIt
2007 1533 2018 1549 ,
2043 1510 2078 1543 (θ’

1194 1569 1232 1591 ex
1245 1570 1355 1601 magna
1362 1566 1451 1600 parte
1462 1559 1605 1599 destruxit
1617 1583 1627 1598 ‚
1643 1567 1735 1600 atque
1745 1556 1997 1602 Arcbiepifi‘opum
2019 1562 2079 1591 Ra-

1195 1617 1355 1641 vennatem
1367 1633 1377 1648 ,
1389 1609 1558 1651 invasorem
1573 1607 1735 1650 Apostolicae
1746 1610 1765 1640 5
1767 1610 1833 1641 edis
1847 1632 1857 1647 ,
1877 1607 1986 1651 absque
1997 1608 2083 1651 confi-

1194 1658 1233 1690 lio
1242 1660 1276 1691 o·
1288 1660 1443 1692 voluntate
1453 1664 1545 1692 totius
1561 1662 1706 1691 Romanae
1716 1660 1746 1690 E
1748 1657 1851 1700 cclefiae
1860 1657 2006 1698 constituit
2019 1684 2026 1691 .

1246 1706 1331 1739 Sunt
1359 1705 1468 1740 brevia
1494 1708 1672 1741 multarum
1693 1708 1726 1741 δε
1748 1708 1944 1752 magnarum
1970 1719 2076 1741 rerum

1195 1755 1389 1798 compendia
1399 1781 1406 1788 .
1431 1756 1475 1789 Et
1489 1755 1707 1800 Uspergenfis
1722 1756 1835 1794 Abbas
1863 1757 1955 1791 addit
1979 1758 2083 1790 mani-

1195 1804 1274 1837 festa
1295 1804 1464 1839 mendacia
1483 1831 1489 1838 .
1517 1806 1763 1840 Gemblacenfis
1790 1807 1977 1850 sigebertus
2000 1808 2082 1840 resi&

1195 1853 1367 1897 distinguit
1378 1855 1554 1888 Leonianae
1564 1854 1650 1888 urbis
1662 1857 1695 1889 ὃς
1704 1867 1719 1888 a
1727 1857 1843 1899 ntiquae
1855 1858 1971 1892 Romae
1983 1870 2015 1890 ca
2023 1858 2084 1900 pti-

1195 1903 1330 1936 vitatem
1342 1927 1352 1943 ,
1379 1904 1491 1938 dicens
1503 1903 1587 1938 hanc
1607 1906 1805 1950 ostogefimo
1821 1917 1939 1948 quarto
1951 1932 1961 1947 ‚
1989 1908 2081 1940 iiiam

1196 1953 1369 1996 contigiss‘c
1390 1953 1479 1987 istius
1503 1956 1605 1989 sarculi
1624 1967 1712 1988 anno
1734 1957 1932 2000 ofiogefimo
1960 1958 2058 1990 tertio
2073 1982 2080 1989 .

1194 2002 1261 2035 Res
1275 2002 1435 2037 elucidari
1449 2002 1544 2036 debet
1559 2015 1598 2037 ex
1609 2006 1767 2038 accuratis
1795 2006 1984 2039 Annalibus
2007 2007 2083 2040 Ber-

1194 2051 1301 2085 rholdi
1311 2053 1573 2087 Constantienfis
1588 2078 1598 2094 ‚
1610 2054 1779 2088 scribentis
1790 2056 1829 2089 ad
1843 2056 1984 2101 oistogefi
1991 2069 2083 2090 mum

1192 2101 1324 2134 tertium
1337 2111 1461 2134 annum
1475 2114 1482 2132 :
1499 2109 1644 2136 Henricus
1650 2103 1754 2142 statim
1762 2107 1858 2144 juxta
1868 2108 2006 2139 sandium
2020 2111 2072 2140 Pe-

1190 2157 1269 2182 trum
1282 2152 1429 2192 quendam
1439 2153 1626 2183 monticulum
1636 2176 1646 2190 ‚
1673 2159 1788 2186 nomine
1805 2155 1986 2188 Palatiolum
2002 2181 2011 2195 ‚
2036 2162 2070 2188 in

1189 2199 1333 2239 castellum
1344 2206 1455 2239 erexit,
1484 2206 1517 2233 in
1526 2212 1583 2242 quo
1590 2202 1698 2234 milites
1709 2204 1814 2235 multos
1832 2227 1842 2242 ,
1868 2214 1902 2236 ut
1914 2211 2069 2248 impugna-

1188 2259 1256 2282 rent
1268 2253 1416 2283 Romanos
1426 2275 1438 2290 ‚
1464 2250 1599 2293 imposuit
1612 2275 1623 2290 ,
1648 2257 1700 2293 qui
1721 2263 1788 2285 eum
1810 2262 1905 2286 trans·
1911 2256 2067 2293 Tyberinas

1188 2299 1269 2332 urbis
1280 2306 1408 2343 regiones
1420 2306 1534 2333 intrare
1544 2302 1623 2333 nullo
1630 2302 1713 2334 modo
1719 2304 1936 2343 permittebant
1943 2330 1950 2337 .
1979 2295 2067 2339 Multi

1188 2359 1286 2382 tamen
1292 2353 1363 2390 jam
1372 2362 1411 2383 ex
1430 2354 1574 2383 Romanis
1586 2349 1789 2393 consenserant
1803 2377 1813 2392 ,
1835 2361 1951 2395 partim
1970 2347 2067 2397 pretio

1187 2400 1320 2438 indubii,
1342 2406 1457 2441 partim
1467 2401 1567 2433 multis
1571 2399 1687 2444 sedut‘li
1695 2403 1918 2442 promiffionibus
1931 2429 1942 2445 ,
1969 2418 2066 2440 omnes

1186 2459 1288 2482 tamen
1298 2451 1453 2492 aqualiter
1469 2453 1540 2491 jam
1560 2456 1682 2483 triennii
1703 2457 1923 2496 impugnatione
1941 2458 2064 2490 nimium

1179 2498 1311 2544 fatigati
1322 2524 1329 2531 .
1357 2501 1541 2543 ,Quidp'lura
1553 2502 1565 2533 ,²
1591 2505 1698 2533 Omnes
1705 2505 1782 2543 pene
1805 2507 1933 2537 Romani
1949 2514 2063 2547 praeter

1187 2551 1354 2590 Principem
1366 2553 1387 2582 5
1389 2551 1587 2583 alernttanum
1595 2550 1646 2583 hoc
1665 2550 1869 2586 laudaverunt
1879 2579 1889 2594 ‚
1919 2566 1952 2589 us
1976 2558 2064 2597 Papa

1185 2602 1340 2642 Gregorius
1351 2601 1492 2637 synodum
1512 2606 1544 2632 in
1557 2602 1651 2633 medio
1664 2603 1831 2635 Novembri
1842 2606 1983 2648 colligeret
2006 2609 2063 2639 Ro-

1184 2661 1253 2689 mae,
1262 2651 1344 2689 cujus
1355 2651 1457 2687 synodi
1468 2651 1590 2686 statuta
1599 2652 1637 2683 de
1647 2650 1734 2693 causa
1745 2655 1840 2695 Regni
1852 2664 1904 2686 nec
1914 2659 2037 2689 Henrico
2048 2679 2059 2695 ‚

1183 2709 1232 2732 nec
1242 2702 1384 2731 Romanis
1395 2724 1405 2739 ‚
1430 2702 1519 2732 immo
1528 2701 1601 2732 nulli
1609 2705 1726 2741 penitus
1737 2702 1835 2736 liceret
1842 2711 2039 2744 praevaricari
2050 2730 2058 2738 .

1183 2754 1324 2782 Henricus
1337 2760 1447 2791 quoque
1458 2755 1546 2782 ituris
1557 2751 1601 2782 ad
1609 2750 1692 2783 illam
1704 2753 1845 2790 synodum
1870 2754 1904 2786 (θ’
1914 2756 2058 2789 redituris

1177 2797 1362 2841 securitatem
1366 2800 1577 2839 jure-jurando
1583 2799 1660 2841 fecit
1673 2824 1680 2832 .
1708 2803 1795 2834 Vnde
1811 2804 1845 2836 <tt
1860 2806 1949 2844 Papa
1959 2815 2058 2838 omnes

1179 2847 1322 2893 religiosos
1336 2847 1494 2891 Episcopos
1515 2851 1550 2882 (5
1573 2849 1703 2883 Abbates
1726 2851 1770 2883 ad
1788 2852 1929 2890 synodum
1949 2854 2057 2888 litteris

1176 2898 1199 2942 s
1193 2904 1237 2932 uis
1248 2904 1368 2932 vocavit
1382 2924 1390 2931 .

1231 2949 1274 2982 Et
1288 2948 1438 2993 adjungit
1454 2949 1495 2983 de
1506 2949 1666 2994 grassante
1675 2959 1754 2984 tunc
1765 2951 1799 2985 in
1810 2954 1987 2988 exercitum
2002 2965 2052 2995 pe-

1180 2998 1320 3032 stilentia
1332 3011 1339 3030 :
1367 2998 1496 3042 Reverso
1507 3006 1631 3035 Henrico
1653 3001 1892 3045 LongobardIam
1903 3029 1911 3044 ,
1939 3005 2048 3036 milites

1178 3050 1242 3090 ejus
1250 3072 1260 3088 ,
1270 3059 1342 3090 quos
1353 3054 1385 3081 in
1397 3049 1519 3089 castello
1526 3052 1575 3083 illo
1580 3059 1674 3092 prope
1683 3051 1823 3084 sancium
1834 3055 1953 3085 Petrum
1961 3055 2048 3085 dimi-

1171 3098 1208 3138 fit
1218 3122 1228 3137 ,
1248 3104 1403 3140 repentina
1412 3111 1488 3132 mors
1494 3102 1573 3141 pene*
1581 3112 1679 3134 omnes
1689 3101 1797 3141 invasit
1807 3127 1814 3133 .
1834 3106 1916 3134 Inter
1927 3114 1997 3144 quos
2011 3105 2051 3136 ὁ*

1177 3148 1333 3181 Udalricus
1347 3148 1542 3192 Goscezebeim
1552 3149 1660 3192 absque
1669 3149 1863 3190 Ecclefiastica
1875 3159 2045 3185 communio-

1178 3210 1213 3231 ne
1223 3223 1233 3238 ,
1261 3198 1316 3231 heu
1327 3197 1415 3240 miser
1426 3223 1437 3239 ‚
1447 3205 1564 3234 interiit
1574 3223 1585 3238 ‚
1611 3199 1718 3232 author
1728 3199 1819 3239 hujus
1826 3199 1995 3243 schismatis
2010 3204 2044 3236 Θ·

1176 3247 1304 3290 incensor
1315 3246 1553 3290 conspIrationis.
1576 3252 1605 3280 E
1610 3261 1630 3281 x
1643 3250 1868 3292 quadringentis
1880 3259 1976 3284 autem
1988 3258 2043 3284 mi-

255 3316 348 3337 corum
370 3309 538 3339 venerunt,
565 3309 686 3332 munera
708 3298 802 3331 multa
818 3301 852 3331 Θ
874 3308 984 3340 magna
1003 3298 1036 3330 ln
1047 3311 1116 3332 auro
1176 3298 1298 3338 litibus,
1324 3304 1374 3338 qui
1384 3304 1416 3330 in
1426 3301 1474 3331 illo
1489 3299 1610 3337 Castello
1616 3307 1671 3340 pro
1683 3298 1805 3338 custodia
1827 3301 1929 3340 dimiffi
1944 3300 2017 3344 fient
2029 3327 2039 3341 ‚

256 3358 287 3389 (ς
311 3361 451 3397 argento,
479 3347 610 3392 vafisque
629 3360 664 3383 ac
676 3347 777 3391 sericis
798 3346 983 3389 adferentes,
1010 3351 1115 3383 Roma-

1177 3355 1233 3382 vix
1243 3353 1366 3392 triginta
1370 3346 1504 3391 gladium
1515 3351 1535 3382 5
1536 3348 1615 3389 anaqi
1627 3351 1729 3390 Petri,
1754 3357 1787 3382 ut
1797 3351 1884 3391 aJunt
1894 3374 1906 3391 ,
1927 3351 2039 3393 ‚conces-

1951 3400 1990 3443 sa
