2352 3756
86 1334 124 1364 A.
141 1332 228 1366 1178·

77 1981 230 2017 Λ-’]38ι.

589 115 659 144 Ac
698 110 1231 144 SArtsrAcrtoNUM
1269 95 1732 147 INDutGeNi-Hs.

297 187 339 222 Et
352 185 486 230 quidem
511 196 580 218 non
608 182 692 219 solas
712 181 838 215 dierum
865 180 992 223 aliquot
1013 189 1068 212 aut
1079 190 1131 211 an-

246 249 367 273 norum
395 261 406 276 ‚
433 236 483 269 secl
510 236 614 269 etiam
642 233 759 276 plenas
782 229 1007 274 indulgentias
1033 228 1131 262 dabat

246 288 331 321 olim
346 288 527 330 Episcopus
538 310 546 317 .
574 282 721 318 Abunde
736 281 824 315 lucet
835 292 874 313 ex
895 281 992 323 usque
1005 277 1070 312 huc
1082 276 1133 312 ad·

246 336 351 371 dunis
363 336 521 380 exemplis
533 359 541 367 .
568 334 612 368 Et
628 335 672 368 ita
686 333 748 366 fuit
761 332 860 375 usque
882 330 922 363 ad
938 329 1134 363 Lateranen·

246 388 317 421 sem
328 386 517 422 Innocentii
538 383 627 419 tertii
641 381 810 426 Synodum
824 405 835 422 ,
859 380 878 413 a
889 391 954 423 qua
975 378 1132 413 habemus

246 436 338 471 hunc
352 437 526 471 Canonem
542 448 550 467 ι
576 437 661 478 ,Quia
671 441 726 474 per
737 429 914 474 indiscretas
925 431 959 463 (ν
965 428 1131 472 superfluas

247 487 458 530 Indulgenn'as
482 510 493 526 ,
520 496 596 527 quas
623 484 749 526 quidam
779 478 975 520 Ecclefiarum
1005 480 1132 512 Praelati

243 537 346 579 facere
359 546 417 569 non
438 542 579 568 verentur
590 558 604 574 ,
629 535 662 567 et
677 533 778 565 claves
789 528 923 570 Ecclefiae
945 539 1132 563 contemnun-

249 596 321 625 tur,
348 586 610 628 &poenitentialts
631 580 806 626 samfac‘lio
825 588 1007 620 enervatur,
1036 581 1131 613 decer-

248 642 372 676 nimus,
397 643 429 667 ut
437 646 501 668 cum
525 635 679 668 dedicatur
700 629 849 672 Bafilica,
877 640 936 662 non
946 630 1130 662 extendatur

248 687 441 729 Indulgentdae
462 686 543 718 ultra
568 694 703 722 annum,
724 681 789 723 five
811 680 849 714 ab
861 691 920 712 uno
934 677 1014 722 solo,
1035 678 1129 719 fiveci

245 734 382 777 pluribus
394 734 548 777 EpiscopIs
564 735 714 767 dedicetur
731 754 743 771 ‚
767 742 804 763 ac
812 730 919 763 deinde
943 734 975 761 in
986 734 1129 761 anniver-

244 783 327 828 sario
335 786 531 818 dedic-atmiis
556 791 704 825 tempore,
733 782 938 823 quadraginta
960 778 1023 810 dies
1036 779 1074 810 de
1084 782 1129 810 in-

240 833 358 875 junfflr
367 838 555 874 poenitentiis
570 832 690 864 indulta
701 830 816 869 remifflo
825 839 883 861 non
895 828 1030 861 excedat.
1041 835 1127 864 Hanc

246 893 357 925 quoque
367 883 482 915 dierum
493 892 642 914 numerum
655 876 910 922 Indulgenttarum
920 878 1040 910 litteras
1046 885 1127 919 prae-

248 938 373 975 cipimus
384 934 530 965 moderari
539 956 551 973 ,
580 942 649 974 quae
656 937 713 971 pro
726 927 909 971 quibuslibet
921 926 1009 969 causis
1020 929 1126 969 aliquo-

247 988 305 1016 nes
316 984 532 1023 concedunum,
559 992 621 1014 cum
639 983 794 1013 Romanus
816 977 959 1018 Pontifex
973 1002 984 1018 ‚
1008 979 1126 1019 quiple-

247 1034 415 1064 mtudinem
429 1033 542 1065 obtinet
550 1031 705 1073 potestatis.
718 1053 729 1069 ‚
755 1028 806 1061 hoc
817 1035 849 1061 in
871 1027 983 1061 talibus
996 1029 1127 1061 modera-

245 1092 316 1114 mm
329 1079 512 1124 consueverit
533 1080 673 1114 adhlbere
687 1105 694 1113 .
724 1079 857 1122 Utique
883 1078 917 1110 in
939 1078 1127 1111 dedicandis

245 1130 419 1166 Eccleffis.
447 1132 504 1164 Est
531 1143 603 1165 mos
615 1130 784 1173 antiq-uus.
813 1128 947 1162 Etenim
958 1126 998 1161 de
1008 1128 1127 1161 Rotro-

244 1183 290 1218 do
303 1181 567 1226 Rothomagenfi
581 1177 837 1223 Archiepiscopo
847 1203 857 1220 ,
875 1177 1041 1211 Beccenfis
1052 1177 1127 1210 Mo-

242 1230 373 1264 nastetii
388 1232 569 1266 Ecclefiam
590 1230 762 1264 dedicante
773 1239 847 1262 cum
870 1228 984 1262 multis
998 1227 1126 1271 Episco-

242 1280 318 1324 pis,
343 1280 453 1315 scribit
465 1281 604 1325 ejusdem
616 1280 814 1314 Monasterii
826 1278 1020 1313 Chronicon
1038 1289 1045 1309 :
1074 1281 1125 1310 Ar-

241 1329 442 1373 cbiepiscopus
454 1333 581 1376 largims
593 1330 630 1371 est
639 1332 845 1374 quadraginta
855 1330 919 1362 dies
928 1328 1128 1371 Indulgentia-

243 1392 315 1415 nun
323 1381 459 1415 omnibus
471 1384 543 1416 ver?
550 1379 767 1424 poenitentibus
783 1381 816 1414 Θ
829 1379 956 1420 confeffis
967 1404 977 1419 ‚
989 1383 1041 1421 qui
1047 1386 1126 1419 prae-

244 1431 360 1464 Mam
377 1431 533 1474 Ecclefiam
543 1432 731 1473 visitaverint
752 1437 786 1462 in
806 1428 1014 1472 anniversarlo
1039 1428 1126 1470 ipfius

245 1481 443 1514 dedicationis
456 1505 463 1513 .
484 1483 522 1515 ln
535 1483 604 1525 ipso
626 1490 734 1515 tamen
753 1478 971 1513 dedicationis
994 1478 1050 1512 die
1061 1478 1130 1521 plu-

240 1542 297 1565 τες
311 1530 393 1564 olim
406 1530 559 1575 Episcopi
582 1531 702 1566 dabant
716 1530 848 1573 plenam
859 1526 1104 1573 Indulgentiam
1116 1553 1123 1560 .

241 1580 329 1613 Hoc
350 1581 451 1624 igitur
461 1582 603 1615 correxit
628 1580 739 1616 tertius
762 1579 995 1614 Innocentius.
1023 1579 1068 1612 Et
1085 1590 1126 1613 ex

247 1628 309 1663 illo
320 1638 468 1673 tempore
481 1632 575 1675 plena
588 1630 804 1674 indulgentia
819 1630 882 1663 fuit
894 1629 1031 1663 Summo
1042 1627 1127 1662 Pon·

248 1679 331 1713 tifici
343 1680 496 1715 reservata
507 1704 518 1713 .
543 1678 642 1714 Adeo
654 1689 690 1712 ut
705 1689 764 1712 nec
787 1678 920 1721 Legatis
932 1678 1017 1711 &suo
1028 1677 1126 1710 latere

250 1729 479 1764 Cardinalibus
490 1729 621 1773 majoris
634 1726 852 1773 Indulgentiae
863 1726 1055 1771 potestatem
1070 1725 1125 1759 Pa-

248 1789 290 1823 pa
302 1779 402 1813 soleat
412 1780 541 1814 credere
557 1805 564 1812 .
593 1780 636 1812 Et
647 1776 726 1812 hinc
740 1778 869 1811 Pileum
883 1801 894 1817 ,
921 1777 1040 1810 Sanstae
1052 1775 1125 1810 Pra-

248 1828 342 1862 xedis
352 1829 562 1864 Cardinalem
572 1854 584 1870 ,
597 1828 730 1865 Urbani
744 1828 822 1860 sexti
835 1827 870 1860 in
884 1826 1008 1870 Anglia
1022 1826 1124 1870 Loga-

248 1887 320 1912 tum
333 1902 345 1918 ,
372 1878 462 1922 quod
483 1879 651 1913 biennales
671 1877 894 1911 actriennales
915 1875 1005 1909 daret
1016 1874 1124 1909 Indul-

246 1926 372 1973 gentias
382 1952 393 1969 ,
419 1927 574 1962 omnibus
596 1927 690 1962 fuisse
703 1927 824 1969 stupori
839 1951 849 1966 ‚
875 1926 909 1959 ἀ
920 1924 961 1959 de
974 1925 1124 1959 Attente-

246 1987 284 2013 to
297 1979 473 2021 suspectum
489 2003 499 2019 ,
510 1978 621 2012 scribit
631 1976 785 2011 Thomas
796 1974 1120 2019 Walfinghamenfis.

296 2026 444 2073 Qiaestio
455 2028 500 2061 est
512 2052 523 2068 ,
549 2027 604 2059 An
620 2026 835 2071 indulgentiae
855 2025 994 2059 donatio
1007 2027 1123 2067 spestet

245 2077 286 2112 ad
301 2077 502 2121 Episcopalis
513 2076 651 2111 Ordinis
674 2076 707 2109 δε
719 2075 972 2108 consecrationis
986 2098 996 2113 ,
1023 2085 1063 2106 an
1080 2074 1120 2107 ad

244 2126 439 2170 potestatem
461 2125 723 2170 Jurisdictionis?
743 2125 882 2168 joannes
907 2123 1067 2157 Weffelus
1079 2124 1120 2158 af·

242 2177 385 2210 firmavit
396 2177 531 2221 spectare
542 2176 581 2210 ad
595 2174 886 2210 consecrationem.
907 2173 1040 2207 Etenim
1054 2171 1119 2207 haec

242 2226 383 2260 donatio
405 2227 522 2269 spectat
541 2225 581 2259 ad
604 2225 728 2269 ligandi
757 2225 790 2257 δε
815 2223 959 2257 solvendi
985 2223 1121 2266 potesta-

241 2286 311 2309 tem
325 2298 335 2314 ‚
357 2286 455 2318 quam
477 2276 510 2309 in
536 2276 597 2309 suae
607 2273 864 2308 Resurreffionis
886 2272 940 2307 die
952 2273 1119 2307 Dominus

242 2324 336 2360 dedit
358 2325 548 2369 Apostolis,
574 2325 607 2358 δε
630 2324 720 2367 cujus
741 2323 991 2357 fundamentum
1011 2324 1116 2365 posuit

241 2376 278 2409 in
304 2374 391 2408 hisce
415 2375 541 2409 verbis:
568 2379 694 2415 Accipite
717 2377 859 2414 Spintum
882 2373 1019 2405 satillum
1035 2396 1042 2404 .
1071 2373 1117 2406 At

242 2425 321 2459 vero
342 2423 401 2459 ista
413 2423 506 2459 verba
528 2423 669 2458 omnin&
687 2423 866 2466 important
880 2422 1115 2457 Sacerdotalem

242 2474 539 2509 consecrationem.
568 2473 738 2513 Praeterea,
764 2472 1012 2507 Sacramentalis
1033 2474 1117 2506 satis·

243 2524 394 2559 factionis
415 2523 577 2567 impositio
598 2525 631 2558 ὅς
650 2523 790 2566 ejusdem
810 2523 950 2556 remiffio
964 2521 1112 2555 videntur

242 2576 379 2615 speflare
391 2574 430 2607 ad
442 2574 577 2607 eandem
599 2574 790 2616 potestatem
803 2597 810 2604 .
839 2571 886 2605 At
899 2572 976 2605 vero
988 2571 1112 2614 impoli-

241 2636 292 2657 ιιο
305 2624 412 2657 lucide
435 2625 549 2667 spectat
571 2622 610 2656 ad
624 2622 813 2665 potestatem
828 2620 1040 2655 Sacerdotalis
1051 2623 1112 2656 Or-

240 2675 349 2708 dinis.
381 2674 510 2707 Etenim
534 2672 630 2706 talem
654 2672 904 2705 satisfactionem
925 2671 1112 2715 imponere,

240 2724 292 2757 mi
316 2725 405 2767 supra
422 2723 605 2757 audivimus
623 2721 641 2754 ὲ
662 2720 855 2756 duodecima
867 2720 1035 2755 Toletana
1056 2723 1112 2763 Sy-

240 2772 333 2808 rodo
356 2797 366 2813 ,
390 2774 432 2806 est
456 2772 655 2815 poenitentia:
680 2771 806 2805 donum
828 2771 999 2804 infundere
1021 2794 1028 2802 .
1056 2769 1110 2804 Est

239 2824 393 2865 injunctis
405 2822 597 2857 Christianae
610 2822 737 2866 pietatis
747 2821 863 2855 officiis
873 2821 995 2863 operati
1007 2821 1111 2863 operis

240 2876 281 2906 ad
321 2875 399 2918 Deo,
434 2873 695 2906 satisfaciendum
736 2871 887 2904 virtutem
927 2871 1110 2905 adnectere.

240 2922 344 2971 Qod
357 2923 524 2957 manifeste
538 2935 602 2956 non
621 2921 711 2964 poffit
724 2921 790 2954 fieri
805 2945 814 2960 ,
840 2920 898 2952 nili
911 2931 964 2962 per
977 2920 1111 2963 potesta—

241 2981 307 3004 tem
329 2971 544 3006 Sacerdotalis
565 2972 718 3006 Ordinis.
748 2971 841 3003 Licet
866 2981 932 3002 non
946 2971 1110 3003 consecra-

240 3030 293 3054 tus
306 3021 482 3065 Episcopus
494 3022 586 3065 poffit
613 3021 780 3065 injungere
791 3021 1000 3063 poenitentias
1011 3045 1021 3060 ‚
1049 3020 1109 3053 illae

235 3081 348 3118 ⁸tamen
363 3074 529 3107 non‘sunt
549 3068 817 3106 Sacramentales.
847 3070 958 3114 Quare
982 3069 1108 3103 videtur

239 3122 338 3154 etiam
352 3119 537 3163 hujusmodi
556 3121 810 3155 {Sacerdotibus
833 3120 987 3162 injunctas
1009 3121 1106 3162 poeni-

237 3171 355 3206 temias
368 3182 436 3204 non
456 3171 543 3214 pofle
564 3171 738 3204 remittere.
769 3170 975 3203 Pereandem
990 3170 1108 3212 quippe

236 3221 364 3255 causam
377 3231 425 3254 res
448 3220 563 3262 incipit
587 3221 618 3253 &
633 3220 745 3253 definit
758 3245 765 3252 .
798 3220 838 3252 Et
852 3220 935 3252 certe
956 3219 1035 3252 olim
1048 3219 1107 3253 ele·

235 3273 306 3306 stus
329 3270 582 3304 &confirmatus
606 3269 782 3312 Episcopus
800 3280 876 3308 >anre
897 3270 1117 3305 consecratioae·

236 3332 312 3355 nem
334 3333 402 3354 non
425 3318 691 3358 administrabat,
720 3319 889 3361 praesertim
914 3318 1111 3364 spiritualia..

235 3369 433 3416 Respondeo
446 3367 512 3402 haec
533 3379 723 3413 argumenta
738 3379 804 3404 non
815 3370 1022 3409 carereomni
1034 3370 1106 3404 fun-

333 3418 438 3460 christ.
451 3423 530 3462 Lupi
543 3423 640 3461 Opera
656 3421 689 3451 T.
701 3422 749 3451 VI.

1910 120 1996 162 301

1193 176 1368 210 damento.
1396 177 1625 217 Nihilominus
1650 185 1744 219 istam
1766 184 1981 221 donationem
1998 188 2061 223 effe

1195 237 1261 260 non
1273 226 1400 260 ordinis
1410 227 1481 265 ,sed
1494 229 1722 270 iurisdistionis
1732 237 1836 269 aetum
1850 261 1860 277 ,
1871 236 1934 279 jam
1948 237 2059 279 paffim

1192 275 1313 310 docent
1334 277 1641 318 omnesDostores:
1670 282 1713 315 Et
1734 285 1751 316 a
1775 287 1904 328 vulgata
1927 286 1978 320 via
1991 298 2060 321 non

1184 326 1236 365 *est
1250 325 1415 361 ullatenus
1426 327 1640 362 recedendum
1654 354 1661 361 .
1688 331 1857 376 Quidquid
1870 337 1922 376 sit,
1950 335 2062 371 eadem

1192 376 1348 420 potestate
1374 377 1422 411 nti
1446 379 1540 420 poffit
1565 380 1598 413 δε
1626 380 1775 425 generale
1800 383 1833 415 ὃς
1860 383 2063 422 provinciale

1193 427 1500 476 Concilium.⁸Qi
1521 426 1561 462 de
1582 428 1643 465 hac
1663 441 1696 463 te
1716 423 1866 464 dubitant
1889 455 1899 470 ‚
1925 437 2062 476 graviter

1192 476 1364 510 labuntur.
1391 478 1495 526 Qod
1508 479 1595 513 enim
1610 481 1743 514 Sanetus
1763 479 1968 522 Cyprianus,
1994 485 2062 520 Ro.

1191 537 1305 560 manus
1316 528 1452 566 Clerus,
1477 530 1509 562 ὃς
1523 540 1728 566 omnestunc
1741 530 1891 563 meliores
1910 531 1967 564 sub
1978 535 2063 567 coelo

1192 577 1343 620 Episcopi
1365 579 1405 611 de
1417 577 1715 623 Indulgentialibus
1736 580 1923 623 Martyrum
1945 580 2063 618 libellis

1191 638 1259 660 non·
1283 627 1342 660 nisi
1366 639 1420 671 per
1437 629 1589 671 Synodos
1609 630 1807 673 quandoque
1829 629 2062 674 definiverint,

1188 676 1232 709 est
1254 677 1409 712 omnibus
1434 688 1549 712 notum
1574 705 1580 711 .
1619 680 1664 713 Et
1689 679 1920 722 posterioribus
1945 681 2063 715 saeculis

1189 727 1287 759 etiam
1311 726 1563 764 Constantiense
1589 741 1626 764 ac
1652 729 1833 764 Bafileense
1874 730 2066 767 Concilium

1187 787 1397 814 exercuerunt
1420 778 1514 814 istam
1529 779 1720 824 potestatem
1732 803 1741 813 .

1326 999 1368 1046 C.
1403 1000 1446 1047 A
1482 999 1519 1043 P
1554 1001 1599 1050 U
1635 999 1676 1045 T
1761 1002 1805 1048 V
1819 1002 1839 1046 Ι
1854 1002 1873 1046 Ι
1887 1003 1921 1047 Ι.

1191 1138 1384 1201 Legitima
1395 1134 1711 1202 Indulgentiarum
1724 1137 1839 1204 caush
1849 1144 2042 1208 exponitur
2064 1174 2077 1189 .

1238 1275 1475 1321 Ndulgentiam
1489 1277 1674 1313 concedens
1684 1278 1865 1323 Episcopus
1881 1282 1991 1323 paffim
2007 1282 2066 1316 im·

1262 1328 1356 1370 ponit
1367 1328 1505 1371 alicujus
1521 1329 1662 1363 Bafilicae
1675 1331 1762 1373 piam
1773 1341 1848 1364 curn
1862 1331 2066 1366 orationibus

1192 1375 1410 1411 vifitationem
1431 1403 1441 1418 ,
1468 1378 1701 1414 confessionem
1729 1390 1938 1423 peccatorum
1956 1403 1967 1420 ,
1991 1381 2069 1426 jeju·

1191 1425 1243 1459 nia
1266 1452 1275 1467 ,
1302 1439 1339 1460 ac
1366 1428 1589 1471 eleemosynas
1617 1454 1623 1461 .
1653 1430 1695 1463 Et
1723 1428 1789 1463 haec
1817 1429 1946 1473 pietatis
1970 1443 2067 1474 opera

1190 1475 1321 1519 quidam
1333 1476 1521 1511 existimant
1533 1479 1596 1512 effe
1606 1481 1734 1513 causam
1746 1479 1975 1524 indulgentiae.
2009 1482 2068 1518 Er-

1189 1536 1279 1560 rant.
1309 1526 1367 1560 Est
1388 1525 1428 1561 ad
1439 1527 1685 1573 Indulgentiam
1707 1540 1745 1563 ac
1762 1529 1830 1573 ejus
1851 1530 2000 1564 effectum
2015 1542 2068 1572 ne·

1188 1575 1315 1611 ceffaria
1326 1578 1510 1621 praeparatio
1524 1603 1531 1610 .
1559 1578 1703 1613 Ecclelia
1714 1579 1802 1613 enim
1814 1580 1996 1615 etiamnum
2009 1579 2069 1615 ho÷

1187 1625 1240 1658 die
1253 1637 1321 1660 non
1334 1628 1455 1662 recedit
1466 1628 1509 1670 ab
1522 1627 1714 1671 Apostolica
1726 1641 1804 1674 regu
1820 1641 1838 1662 a
1852 1653 1864 1670 ,
1890 1642 1987 1674 quam
2002 1631 2071 1664 lau-

1187 1675 1284 1707 datin
1300 1675 1416 1711 litteris
1428 1678 1468 1710 ad
1479 1678 1642 1721 Martyres
1661 1680 1780 1714 &Con
1817 1680 1914 1714 ssores
1933 1682 2068 1715 Sanctus
2202 1713 2204 1715 .

1187 1723 1391 1766 Cyprianus:
1420 1729 1492 1759 Peto
1503 1735 1537 1759 ut
1556 1739 1622 1766 eos,
1650 1740 1772 1770 quorum
1816 1735 2000 1764 oenitentiam
2015 1729 2070 1773 sa·
2091 1712 2146 1752 Ep'
2166 1720 2217 1748 ¹¹⁶

1185 1772 1354 1814 tisfac‘lionl
1360 1780 1533 1817 proximam
1555 1775 1721 1820 conspicitis
1735 1789 1759 1817 ,·
1828 1780 1866 1811 llo
1887 1786 2067 1814 nominatim

1187 1822 1358 1867 designetis.
1388 1823 1498 1859 Etiam
1524 1827 1661 1870 Moyses
1681 1827 1916 1870 &Maximuh
1944 1831 2065 1865 Roma·

1188 1883 1236 1906 nae
1255 1873 1405 1908 Ecclefiae
1425 1875 1611 1919 Presbyteri
1633 1878 1868 1912 &incarcerati
1894 1879 2066 1915 Conseffo-

1185 1933 1255 1963 τες,
1280 1923 1321 1958 ad
1342 1926 1494 1960 SantStum
1507 1926 1710 1970 Cyprianum
1737 1928 1925 1971 scripserunt
1949 1941 2064 1974 pacem

1185 1982 1251 2006 non
1264 1973 1359 2009 facile
1376 1976 1586 2019 praestandam
1608 1976 1819 2021 peccantibus
1832 2003 1842 2017 ,
1868 1979 1924 2014 sed
1948 1981 2063 2014 foven-

1184 2023 1244 2056 dos
1255 2023 1394 2066 ipsorum
1413 2026 1542 2060 animos
1557 2051 1567 2066 ,
1595 2026 1788 2062 nutriendos
1800 2026 1840 2062 ad
1863 2031 2065 2074 maturitatis

1183 2081 1311 2115 tempus
1331 2098 1342 2113 ,
1369 2076 1403 2108 δε
1425 2076 1443 2109 ὲ
1465 2076 1588 2110 Sanstis
1609 2077 1781 2121 Scripturis
1801 2078 1841 2112 de
1863 2080 1911 2113 sui
1933 2084 2061 2124 peccati

1183 2123 1339 2162 qualitate
1362 2124 1585 2158 instruendos.
1612 2127 1765 2160 Omnino
1784 2138 1919 2163 omnem
1933 2141 1993 2173 pro
2012 2143 2061 2165 re·
2084 2137 2133 2173 ΕΡ.
2152 2141 2198 2168 26.

1183 2171 1279 2205 missis
1292 2174 1430 2215 peccatis
1462 2174 1605 2208 debitam
1626 2176 1876 2211 satisfactionem
1898 2179 1964 2213 fine
1984 2191 2057 2224 gra-

1183 2222 1311 2256 viffimis
1321 2224 1418 2258 caulis
1430 2235 1496 2258 non
1511 2225 1614 2267 potest
1626 2250 1635 2266 ‚
1662 2226 1695 2259 &
1706 2226 1816 2269 paffim
1829 2238 1896 2261 non
1909 2229 1979 2263 vult
1989 2241 2056 2265 ma·

1181 2281 1228 2304 ter
1258 2273 1398 2308 Ecclesia
1426 2275 1616 2309 remittere:
1644 2275 1885 2312 Poenitentibus
1912 2280 2055 2324 imponit

1180 2321 1363 2357 orationem
1387 2347 1397 2364 ‚
1422 2324 1581 2367 jejunium
1596 2349 1606 2365 ‚
1632 2326 1664 2359 δε
1689 2325 1927 2370 eleemosynam
1948 2353 1958 2369 ‚
1989 2331 2051 2366 tria

1180 2371 1356 2406 cardinalia
1378 2375 1574 2417 poenitentiae
1598 2386 1716 2417 opera,
1742 2376 1788 2410 ita
1809 2378 1893 2420 ipsos
1913 2390 2051 2415 conatur

1179 2422 1284 2455 facere
1304 2425 1513 2458 satisfastioni
1536 2426 1703 2467 proximos
1726 2427 1879 2462 autcerte
1902 2430 2047 2473 vicinos,

1181 2482 1332 2515 paratque
1344 2475 1376 2507 &
1389 2475 1490 2508 nutrit
1501 2475 1540 2508 ad
1552 2476 1686 2509 fruetum
1700 2475 1915 2523 Indulgentiae
1926 2505 1933 2512 .
1960 2481 2051 2528 Qa-

1178 2533 1210 2555 re
1229 2523 1468 2565 poenitentialos
1490 2525 1672 2568 Presbyteri
1699 2550 1708 2565 ,
1734 2528 1790 2570 qui
1813 2529 2048 2574 indulgentiali

1177 2582 1323 2614 tempore
1343 2575 1496 2618 gravibus
1518 2577 1657 2617 peccatis
1677 2576 1852 2619 imponunt
1881 2579 2049 2616 leviffimas

1178 2622 1401 2663 poenitentias,
1432 2624 1871 2671 hallucinanturinfignifer,
1896 2629 2049 2673 &pecca-

1177 2670 1300 2705 toribus
1314 2672 1489 2714 plurimum
1502 2685 1636 2708 nocent.
1664 2675 1746 2723 Q&
1757 2677 1859 2720 major
1880 2677 1932 2712 his
1949 2682 2050 2722 poeni·

1178 2722 1484 2765 tentiairnponitur‚
1511 2735 1550 2757 eo
1572 2725 1656 2758 fiunt
1669 2726 1842 2761 viciniores
1862 2729 2046 2766 satisfactio-

1179 2773 1210 2805 ni
1224 2796 1234 2812 ,
1260 2773 1294 2806 ἀ
1307 2772 1346 2806 ad
1360 2772 1572 2818 Indulgentiae
1590 2776 1727 2810 fructum
1740 2778 1895 2821 aptiores.

1225 2822 1367 2855 Proinde
1391 2834 1497 2857 veram
1520 2820 1736 2869 Indulgentiae
1758 2829 1887 2863 causam
1907 2832 2043 2873 exponit

1179 2875 1207 2907 in
1223 2872 1358 2906 secunda
1370 2872 1409 2906 ad
1423 2872 1618 2909 Corinthios
1630 2876 1765 2919 epistola
1778 2879 1910 2913 sanstus
1922 2880 2042 2915 Paulus

1178 2923 1374 2966 Apostolus,
1402 2922 1539 2959 scribens
1557 2925 1598 2958 de
1618 2925 1815 2962 incoestuoso
1841 2930 2038 2971 poenitente:

1175 2979 1222 3007 lta
1235 2981 1267 3005 ut
1286 2975 1302 3006 ὁ
1317 2979 1460 3006 contrario
1480 2981 1574 3017 magis
1597 2976 1713 3008 donetis·
1733 2977 1974 3020 &confilemini,
2001 2991 2039 3013 na

1173 3024 1250 3064 forte³
1262 3024 1475 3056 abundantiori
1494 3024 1614 3064 tristitia
1637 3024 1843 3067 absorbeatur.
1872 3028 1914 3061 Et
1933 3029 2013 3063 infra
2029 3042 2037 3061 ι

1175 3079 1258 3107 Nam
1280 3074 1313 3106 (ν
1333 3084 1382 3118 ego
1405 3075 1485 3115 quod
1505 3076 1616 3107 donavi
1639 3098 1649 3113 ‚
1671 3083 1792 3117 propter
1811 3087 1864 3109 vos
1884 3102 1891 3109 .
1918 3078 2038 3112 Homi-

1174 3135 1245 3157 nem
1259 3124 1353 3156 istum
1373 3124 1406 3156 δε
1418 3122 1497 3156 serio
1513 3124 1723 3166 poenitentem
1737 3150 1746 3165 ‚
1773 3126 1806 3160 ὃς
1819 3127 1958 3170 graviter
1971 3129 2037 3161 ani-

1174 3187 1226 3208 mo
1238 3172 1391 3215 dejectum
1412 3173 1524 3208 videns
1537 3171 1785 3208 Corinthiorum
1809 3176 1946 3218 populus
1966 3179 2036 3221 sup-

1173 3226 1301 3267 plicavit
1324 3222 1507 3265 Apostolo:
1536 3224 1577 3256 Et
1594 3223 1667 3256 istas
1689 3226 1798 3257 causas
1820 3223 1874 3258 hic
1896 3227 2035 3262 conlide-

1172 3286 1240 3307 rans
1263 3273 1418 3306 donavit.
1446 3273 1531 3316 ipsas
1552 3271 1641 3314 supra
1673 3273 1765 3306 nobis
1785 3274 1913 3311 abunde
1935 3288 2034 3321 expo.

1172 3325 1231 3358 snit
1253 3324 1382 3356 Sanc'ius
1418 3323 1558 3364 Ioannes
1582 3319 1834 3363 Chrysostomus
1855 3351 1861 3357 .
1902 3326 1943 3360 Et
1968 3328 2033 3369 ejus

1169 3373 1438 3410 commentarium
1458 3373 1627 3406 confirmat
1648 3373 1681 3405 iu
1703 3372 1791 3408 libris
1811 3374 1852 3410 de
1871 3375 2034 3411 Poeniten-

1569 3423 1600 3457 C
1624 3434 1642 3455 c
1939 3426 1984 3460 tia
