2352 3756
339 163 437 207 304

256 264 258 266 ,
322 232 365 267 Et
375 230 504 275 quidem
519 228 608 273 quod
620 227 731 263 dicunt
746 220 986 272 Indulgentiam
998 226 1068 265 dari
1080 236 1144 259 non

271 283 359 326 posse
371 292 438 314 non
450 279 600 314 confeffis
615 279 809 314 &contritis
829 276 1075 322 peccatoribus,
1103 275 1146 308 est

270 330 413 366 omnino
435 330 628 364 veriffimum
651 355 658 362 .
687 330 805 373 Neque
827 329 862 362 id
885 327 964 361 fecit
992 336 1048 360 aut
1067 325 1148 358 Gre—

269 382 382 426 gorius
397 406 408 422 ,
433 392 490 416 aut
512 380 693 415 Paschalis.
722 375 1075 412 Exantlandosinistis
1085 374 1149 408 bel-

271 432 310 465 lis
340 431 463 466 labores
491 442 626 475 uterque
645 428 767 464 censuit
788 428 851 461 effe
875 425 1063 459 sufficientis
1085 435 1148 467 poe-

270 482 415 522 nitentiae
427 482 590 516 actionem
601 504 613 521 ,
638 490 708 522 quae
719 477 990 520 qualemcumque
1002 485 1148 518 peccato-

262 527 338 570 rem
358 532 476 566 faceret
499 528 707 564 satisfaffioni
731 526 897 566 vicinum,
922 525 1073 569 atqueita
1085 536 1148 559 me-

269 585 383 619 diante
405 582 552 627 legitima
574 574 818 612 confessione&
834 575 1039 610 absolutione
1051 586 1149 608 mere-

269 644 357 668 retur
367 633 496 677 plenam
509 626 750 672 indulgeptiam
769 627 826 659 ,Et
839 626 917 661 huic
929 625 1071 670 largitati
1086 625 1150 663 suf·

269 685 434 718 ficientem
456 680 585 714 causam
606 676 763 721 judicavit
785 678 846 711 effe
869 676 1009 710 dandam
1025 686 1079 718 pet
1090 675 1149 709 ista

268 735 352 768 bella
376 742 510 775 pacem,
537 729 670 764 turbatae
694 722 1088 766 Ecclefiae‘neceffitatem,
1114 726 1149 759 &

267 784 362 826 hujus
372 781 625 829 expuntstionem
635 804 642 810 .
671 779 806 812 Etenim
817 777 891 810 Rex
905 776 1070 809 Henricus
1082 787 1149 808 non

267 830 501 867 tantummodo
522 830 706 864 libertatem
719 853 729 868 ,
756 827 808 861 sed
834 827 868 861 &
888 826 1037 861 Ecclefiae
1059 825 1150 860 casti-

268 894 376 926 tatem
391 880 604 917 conculcabat
629 877 780 920 pedibus:
807 876 997 911 Canonicas
1012 875 1150 911 Antisti-

267 935 520 979 tumgelestiones
539 927 733 964 exsufflabat
753 953 764 969 ‚
800 926 974 961 invadebat
1001 926 1150 961 nomina-

265 986 393 1018 tionem
425 995 464 1017 ar:
486 981 712 1024 investituram'
741 1003 752 1018 ‚
789 978 822 1012 &
843 978 972 1022 quasvis
1000 975 1149 1011 Ecclefiae

265 1035 443 1078 dignitates
465 1032 569 1075 palam
591 1027 750 1064 vendebat
772 1027 920 1072 indignis
932 1026 1147 1062 etiamhomi-

218 1095 223 1100 ·
266 1084 363 1118 nibus
377 1109 384 1115 .
413 1083 544 1116 Eisdem
558 1080 706 1115 sordibus
721 1077 1144 1121 foedabatRempublicam.

123 1459 173 1496 EP-
206 1466 238 1495 55

264 1133 415 1168 Praeterea
438 1133 626 1176 legitimum
658 1130 782 1173 Papam
812 1124 1145 1172 Gregorium5extru-

264 1185 340 1219 dere
360 1184 599 1228 praesumpserat
620 1191 718 1224 atque
744 1181 777 1213 in
805 1179 913 1212 sancti
947 1178 1036 1213 Petri
1059 1177 1146 1211 thro-

263 1247 344 1268 num
369 1234 533 1268 intrudere
554 1230 682 1266 idolum
705 1230 914 1264 foediffimum
936 1253 946 1268 ‚
974 1229 1050 1272 saepe
1071 1238 1145 1261 ana-

262 1284 516 1319 thematizatum
527 1283 691 1318 Ravennae
702 1279 995 1324 Archicpiscopum
1009 1277 1143 1312 Guiber-

260 1346 352 1369 tum.
382 1336 464 1369 Non
486 1330 615 1368 'tantum
637 1333 655 1366 a
677 1331 818 1376 Paganis
836 1356 846 1371 ‚
874 1329 1062 1368 Saracenis,
1089 1339 1141 1362 aut

258 1385 434 1419 Haereticis
455 1384 600 1418 Ecclesia
622 1380 880 1426 persecutionem
909 1379 1029 1421 paritur
1052 1402 1062 1417 ,
1090 1377 1140 1412 sed

258 1434 480 1470 etiamafalfis
492 1433 673 1468 Fratribus.
699 1431 872 1475 lnfigniter
895 1428 960 1463 hoc
980 1429 1016 1464 in
1029 1427 1144 1462 litteris

259 1488 300 1519 ad
320 1486 476 1519 Sanctum
490 1484 686 1517 Cornelium
704 1480 902 1514 demonstrat
925 1479 1061 1512 Sanetus
1077 1477 1142 1520 Cy-

259 1537 411 1578 prianus.
441 1535 485 1567 Et
506 1532 594 1577 quod
618 1532 707 1565 illius
720 1528 957 1564 abinfidelium
971 1528 1139 1571 injuriisli-

258 1586 408 1619 berandae
431 1584 596 1618 neceffitas
617 1582 655 1618 sit
674 1580 794 1623 dandis
817 1578 919 1623 plenis
938 1591 975 1613 ac
985 1578 1141 1623 generali·

259 1637 318 1671 bus
330 1633 547 1680 indulgentiis
558 1633 718 1675 sufficiens
737 1631 831 1665 causa
843 1655 854 1670 ,
882 1630 916 1663 in
930 1628 1142 1663 Claro-Mon·

257 1680 339 1722 rano
364 1685 524 1726 Concilio
543 1681 699 1728 judicavit
720 1681 831 1717 omnis
844 1679 964 1715 Latina
977 1679 1142 1713 Ecclefia:

258 1737 424 1772 EtGraeca
436 1734 685 1779 comprobavitss
712 1732 758 1765 Et
772 1728 958 1764 Leodiensis
978 1729 1093 1762 Clerus
1104 1725 1143 1760 de

257 1787 325 1821 hoc
348 1785 487 1820 articulo
512 1793 682 1826 nunquam
715 1780 878 1815 dubitavit
902 1803 909 1811 .
932 1777 1142 1813 Existimavit

258 1836 447 1871 Henricum
484 1845 554 1868 non
592 1831 685 1867 fuisse
722 1829 957 1874 degradatione
982 1827 1142 1872 dignum,

260 1899 336 1922 cum
364 1886 510 1930 septimo
530 1883 695 1927 Gregorio
714 1881 750 1932 ᾇ
771 1878 916 1914 Urbano
938 1877 1081 1914 secundo
1100 1886 1144 1911 et·

262 1939 329 1972 iarn
353 1933 533 1972 secundum
556 1930 745 1966 Paschalem
765 1927 1020 1973 deviasseipsum
1031 1938 1069 1961 ac
1079 1926 1144 1970 ejus

258 1989 406 2022 ,fautores
429 1982 677 2029 persequendo,
705 1980 846 2024 ideoque
865 1978 900 2012 in
924 1976 1146 2022 dispensandis

263 2034 480 2082 Ind'ulgentiis
503 2033 675 2075 indiscrete
696 2041 810 2075 agere,
835 2028 870 2062 &
889 2026 981 2067 abuti
1007 2027 1144 2070 Aposto-

259 2087 336 2122 ·licis
355 2080 499 2126 clavibus
511 2109 519 2117 .
546 2081 603 2118 An
615 2081 714 2126 porro
743 2080 923 2124 Gregorius
943 2079 1066 2112 cunetis
1078 2077 1145 2111 Ru-

263 2136 380 2180 dolphi
396 2136 554 2180 Regnum
564 2129 794 2176 adjuvantibus
805 2153 816 2169 ‚
841 2141 883 2162 an
901 2127 977 2169 veto
1000 2128 1077 2162 sc-lis
1090 2137 1146 2170 pro

263 2179 335 2232 ipso
356 2187 390 2219 in
412 2185 501 2220 bello
523 2180 739 2217 morientibus
759 2177 885 2213 dederit
898 2178 1027 2222 plenam
1038 2173 1147 2214 Indul-

264 2228 412 2284 gentiam
436 2258 446 2274 ‚
473 2233 594 2280 ignoro
616 2256 623 2264 .
652 2228 748 2266 Certe
774 2226 939 2263 Paschalis
960 2227 1052 2263 dedit
1071 2227 1146 2266 solis

264 2285 504 2324 morientibus.
533 2281 715 2318 Etenim&
727 2278 780 2314 his
791 2277 885 2319 solis,
912 2278 992 2312 licet
1004 2277 1083 2312 sacri
1096 2277 1146 2312 ad-

266 2337 396 2375 versum
416 2337 592 2370 Saracenos
613 2329 795 2366 bellilabor
805 2329 882 2363 effet
903 2327 1005 2373 longe
1015 2327 1126 2362 durior
1139 2352 1149 2368 ‚

266 2377 357 2423 dedit
379 2387 414 2421 in
440 2383 723 2420 Claro-Montana
745 2378 884 2422 Synodo
904 2377 1078 2414 Urbanus.
1105 2377 1149 2412 Et

267 2439 356 2473 hanc
376 2448 455 2472 tunc
476 2434 572 2470 fuisse
595 2432 785 2466 consuetam
806 2429 885 2463 sacri
903 2428 981 2463 belli
993 2429 1151 2474 gratiam,

269 2489 363 2533 supra
373 2486 562 2522 audivimus
575 2482 593 2516 a
612 2480 758 2517 secundo
778 2478 908 2518 Gelasio
921 2504 930 2512 .
960 2479 1071 2517 Etiam
1080 2479 1148 2512 Ho-

270 2540 384 2575 norius
400 2535 561 2571 secundus
582 2557 594 2575 ,
620 2532 701 2567 dum
723 2531 1012 2566 Nortmannorum
1030 2528 1150 2563 Princi-

270 2592 302 2634 pi
317 2587 464 2633 Rogerio
475 2583 596 2620 indixit
607 2584 731 2617 sacrum
740 2580 866 2616 bellum
877 2604 889 2621 ,
915 2579 994 2626 solis
1013 2579 1152 2620 morien·

270 2640 359 2674 tibus
370 2638 460 2673 dedit
472 2637 602 2679 plenam
615 2631 876 2676 indulgentiam.
906 2630 1074 2674 Eugenius
1094 2639 1149 2666 ter-

271 2692 336 2725 tius
358 2689 434 2724 fecit
457 2686 578 2730 primus
599 2682 684 2718 hanc
708 2682 882 2726 largiorem
897 2678 1056 2726 gratiam:
1084 2685 1152 2714 nm.

275 2740 359 2772 nibus
381 2765 392 2781 ,
417 2744 469 2781 qui
486 2735 605 2780 sacrum
628 2742 731 2767 contra
754 2734 916 2766 saracenos
942 2730 1049 2767 bellum
1068 2737 1153 2765 incoe-

271 2796 377 2833 perint
399 2801 433 2822 ac
453 2786 650 2830 perfer-stim,
675 2784 745 2817 licet
763 2788 796 2815 m
807 2780 870 2824 1·pr
890 2792 948 2814 non
966 2787 1154 2822 moriantur,

277 2845 408 2874 omnium
435 2845 617 2880 peccatorum
639 2857 650 2874 ,
674 2844 741 2875 quae
771 2833 854 2866 corde
886 2837 1010 2865 contrito
1033 2831 1153 2874 fuerim

277 2888 408 2931 caedisti,
435 2890 469 2922 (5
492 2886 531 2919 ab
550 2883 618 2929 ipfis
642 2882 789 2928 absoluti,
814 2883 897 2917 dedit
913 2884 1038 2924 plenam
1055 2883 1154 2916 Indul-

274 2945 411 2985 gentiam
424 2961 431 2969 .

330 2987 527 3023 Posteriores
548 2984 729 3019 Pontifices
754 2986 886 3018 fuerunt
916 2981 1017 3029 longe
1045 2983 1155 3018 libera-

280 3040 395 3073 liores.
423 3037 556 3071 Etenim
577 3046 646 3069 non
667 3035 744 3068 solis
766 3035 800 3068 in
813 3034 940 3077 Syriam
958 3034 1158 3080 proficiscen-

280 3090 368 3124 tibus
378 3111 389 3127 ,
413 3087 466 3122 sed
479 3086 606 3120 cunctis
617 3084 656 3118 ad
673 3085 833 3118 sacrorum
846 3085 994 3118 militum
1007 3084 1157 3119 sustenta·

282 3141 408 3173 tionem
430 3134 715 3172 contribuentibus
737 3132 894 3168 dederunt
921 3134 1032 3178 plenas
1052 3133 1158 3168 Indul-

283 3190 427 3232 gentias.
455 3188 616 3231 Largam,
642 3196 740 3227 quam
755 3184 888 3228 quisque
898 3183 988 3227 juxta
999 3185 1158 3218 suasvires

282 3239 401 3272 faceret
412 3237 653 3279 eleemosynam
664 3259 676 3275 ‚
701 3234 887 3278 judicarunt
900 3236 961 3269 effe
982 3244 1080 3269 tantae
1102 3234 1160 3268 vit-

284 3289 364 3321 tutis
384 3289 468 3331 apud
499 3287 660 3321 Divinam
687 3283 895 3319 clementiam
916 3308 927 3325 ‚
952 3295 988 3320 ut
1017 3294 1161 3328 peccato.

285 3348 355 3372 rem
377 3337 522 3371 redderet
542 3335 751 3371 satisfactioni
763 3335 975 3378 proximum.
1002 3334 1160 3369 Processe-

285 3397 360 3428 runt
370 3386 460 3430 juxta
480 3387 647 3430 vigentem
670 3395 751 3419 tunc
772 3383 999 3429 Theologiam
1020 3384 1063 3419 de
1081 3383 1160 3419 redi-

285 3436 414 3472 mendis
427 3435 646 3481 poenitentiis.
673 3434 810 3470 Ethinc
820 3433 878 3469 alii
896 3434 1098 3476 Pontifices,
1123 3445 1160 3469 ac

714 145 1137 190 Drsseurarm
1173 157 1238 187 De
1274 142 1671 191 peccaronu'm

1197 226 1309 259 ‚multi
1331 226 1432 258 etiam
1456 220 1787 274 ante‘lnnocentium
1808 232 1939 269 tertium
1960 234 2092 280 Epist-0³

1214 275 1247 317 pi
1259 274 1401 319 gratiam
1413 277 1613 319 ampliarunt
1634 279 1674 312 ad
1699 281 1995 324 manusadjutrices
2018 287 2091 320 aedi-

1213 325 1415 360 ficandarum
1427 337 1483 360 aut
1497 327 1746 370 reparandarum
1760 330 1971 368 Ecclefiarum
1984 359 1991 366 .
2003 335 2090 371 Item

1213 374 1254 409 ad
1273 377 1491 419 reparationes
1509 379 1684 412 civitatum
1707 404 1719 420 ,
1744 390 1800 414 aut
1825 381 1970 425 publicas
1990 382 2091 421 istius-

1213 425 1306 459 modi
1337 427 1555 462 neceffitates.
1584 430 1628 463 Et
1651 429 1716 464 haec
1748 431 1924 468 clementia
1955 426 2090 479 tandem

1213 478 1278 511 fuit
1297 473 1444 511 obnoxia
1469 478 1582 513 multis
1601 479 1767 514 abufibus.
1795 481 1840 516 Et
1861 481 1940 517 hinc
1961 485 2089 527 quasvis

1213 526 1415 571 quaestuarias
1438 528 1661 574 indulgentias
1685 530 1802 565 merit&
1823 534 2004 576 proscripsit
2022 533 2089 578 jam

1214 577 1337 621 pridem
1361 577 1514 614 Romana
1538 581 1682 615 Ecclesia
1703 606 1711 614 .
1741 581 1814 616 Nec
1831 584 1905 618 sunt
1933 581 1985 618 his
2016 596 2092 628 prae·

1213 628 1321 661 sertim
1344 629 1524 664 novistimis
1545 631 1579 664 ὃς
1601 632 1762 675 corruptis
1778 633 1898 668 saeculis
1925 636 2090 670 resumen-

1211 678 1280 713 dae.
1309 679 1510 714 Duodecimi
1532 681 1635 715 saeculi
1657 693 1762 716 annus
1782 684 2033 729 septuagesimus
2045 688 2089 720 se·

1214 729 1335 771 primus
1359 729 1421 763 fuit
1445 729 1610 774 placabilis
1623 754 1634 770 ‚
1655 732 1821 767 &illuster
1832 734 1943 768 multis
1957 735 2088 770 Divinae

1212 779 1446 814 Misericordiae
1468 779 1633 816 beneficiis
1652 807 1660 815 .
1689 782 1895 818 Exstinstum
1923 795 1995 819 tum
2026 777 2091 827 fuit

1212 827 1328 864 durum
1357 831 1391 864 δε
1425 831 1564 875 longum
1597 831 1733 867 schisma
1763 834 1916 870 adversus
1942 834 2090 871 Alexan-

1213 890 1285 913 rum
1307 881 1459 915 tertium:
1488 882 1531 915 Et
1553 883 1731 926 Imperator
1748 885 1938 927 fredericus
1963 887 2088 929 primus

1211 930 1242 962 ei
1251 929 1295 964 est
1309 931 1495 965 solemniter
1516 931 1668 967 Veneriis
1679 935 1833 977 professus
1844 934 2083 970 obedientiam.

1211 979 1304 1014 Hinc
1332 981 1366 1014 in
1390 981 1575 1015 Dominicae
1606 983 1813 1019 Adscefionis
1845 983 1927 1019 festo
1959 987 2086 1020 curastis

1212 1029 1334 1064 ibidem
1358 1029 1508 1063 fidelibus
1533 1030 1679 1066 laudatus
1698 1026 1943 1070 Pontifexsecit
1954 1035 2088 1080 plenam

1211 1091 1249 1114 ac
1270 1080 1456 1125 generalem
1481 1081 1639 1124 gratiam.
1666 1082 1881 1119 Anconitana
1903 1085 2024 1120 civitas
2042 1087 2086 1119 ei·

1210 1130 1286 1167 dem
1309 1129 1464 1164 Pontifici
1485 1131 1608 1174 semper
1620 1133 1778 1167 manserat
1787 1133 1988 1176 fideliffima,
2015 1137 2085 1170 lon-

1209 1192 1350 1226 gamque
1363 1181 1396 1214 ὅ(
1407 1179 1521 1214 duram
1531 1181 1553 1218 a
1559 1181 1586 1214 F
1588 1181 1732 1216 rederico
1742 1182 1934 1219 sustinuerat
1943 1185 2085 1220 obfidio-

1213 1243 1307 1266 netu.
1335 1229 1427 1263 Hinc
1451 1230 1500 1264 illi
1523 1230 1814 1267 Alexanderdedit
1824 1233 1962 1269 eandem
1972 1229 2083 1268 Indul-

1199 1282 1356 1326 gentiam
1369 1306 1376 1313 .
1400 1280 1457 1313 Ex
1474 1280 1548 1315 aliis
1558 1281 1637 1316 item
1649 1282 1748 1317 causis
1757 1283 1813 1319 alii
1826 1283 2005 1320 Pontifices
2014 1284 2085 1320 fue-

1210 1338 1286 1366 runt
1297 1332 1343 1366 ita
1360 1329 1525 1373 liberales,

1380 1553 1424 1601 C
1461 1555 1505 1600 A
1539 1554 1574 1600 P
1607 1558 1655 1604 U
1689 1555 1731 1604 T
1803 1557 1895 1603 IX.

1209 1695 1428 1761 Exponitur
1439 1695 1540 1759 origo
1556 1697 1616 1739 (θ’
1625 1696 1744 1741 varia
1743 1691 1882 1760 forma
1903 1656 2086 1748 Ῠωέίἰιὲἰιῑ

1282 1829 1404 1869 Amosa
1427 1831 1473 1866 est
1497 1831 1663 1874 Bonifacii
1684 1833 1792 1868 octavi
1803 1832 2000 1875 liberalitas,
2024 1833 2083 1876 qui

1305 1883 1452 1916 saeculare
1484 1882 1655 1925 Jubilaeum
1683 1883 1826 1919 instituit
1848 1908 1864 1925 ‚
1895 1884 1930 1918 δε
1958 1885 2085 1918 cunctis

1209 1940 1288 1965 tunc
1310 1931 1368 1965 sub
1390 1932 1476 1966 coelo
1496 1933 1673 1973 fidelibus,
1697 1934 1756 1977 qui
1773 1935 1881 1968 sancta
1890 1932 2085 1977 Principum

1210 1980 1448 2024 Apostolorum
1468 1980 1585 2017 limina
1610 1983 1775 2017 visitarent
1787 2007 1799 2024 ,
1822 1984 1858 2018 &
1877 1981 1948 2018 vere
1965 1981 2091 2018 contri-

1209 2031 1235 2065 ti
1250 2031 1524 2070 Sacramentalem
1544 2031 1787 2069 absolutionem
1797 2033 2005 2077 acciperent,
2029 2032 2086 2068 de-

1208 2080 1259 2121 dit
1281 2080 1495 2124 plenissimam
1516 2082 1668 2129 omnium
1689 2093 1895 2126 peccatorum
1909 2081 2091 2127 Indulgenff

1211 2131 1312 2171 tiam.
1337 2131 1473 2165 Secutus
1490 2131 1536 2165 est
1560 2131 1729 2175 Majorum
1752 2132 1888 2178 vestigia.
1909 2146 1921 2166 .·
1948 2137 2089 2176 Antiquo-

1210 2192 1278 2217 rum
1287 2180 1377 2215 babet
1382 2180 1450 2223 fida
1462 2182 1569 2217 relatio
1581 2206 1593 2223 ,
1610 2183 1693 2225 quod
1699 2182 1903 2218 accedentibus
1912 2184 1959 2217 ad
1963 2194 2089 2218 venera-

1211 2230 1298 2266 bilem
1309 2229 1466 2273 Bafilicam
1478 2234 1627 2275 Principis
1639 2232 1832 2275 Apostolorum
1848 2234 1886 2268 de
1897 2234 1968 2268 urbe
1978 2231 2089 2277 conces·

1206 2279 1314 2324 saefint
1324 2293 1441 2326 magnae
1450 2283 1619 2323 remffones
1634 2284 1671 2317 Θ
1679 2283 1876 2327 Indulgentiae
1880 2291 2066 2326 peccatorum
2076 2307 2086 2317 .

1211 2332 1284 2367 Has
1303 2343 1420 2369 omnes
1439 2333 1634 2374 confirmat,
1660 2333 1741 2376 ipsas
1760 2333 1960 2377 singulariter
1975 2343 2090 2368 exten·

1211 2381 1262 2416 dit
1278 2382 1319 2417 ad
1342 2382 1530 2418 faciendum
1545 2382 1582 2419 in
1591 2384 1707 2426 quovis
1729 2384 1871 2424 saeculari
1879 2394 1973 2419 anno
1981 2384 2089 2419 acees-

1214 2433 1284 2468 sum
1296 2456 1308 2473 ‚
1333 2433 1366 2467 δε
1386 2433 1541 2468 concedit
1560 2445 1630 2468 non
1649 2432 1780 2469 tantum
1804 2434 1935 2477 plenam
1953 2444 2010 2471 aut
2021 2433 2089 2478 pl&

1215 2481 1365 2523 niorem,
1391 2480 1445 2516 sed
1469 2482 1620 2518 omniurn
1642 2494 1850 2527 peccatorum
1871 2482 2088 2528 pleniffimam

1213 2531 1344 2567 veniam
1357 2556 1367 2572 ,
1393 2543 1488 2576 atque
1509 2533 1680 2578 adjungit.-
1706 2536 1898 2576 statuentes,
1921 2543 1956 2567 ut
1975 2539 2088 2576 quivo-

1213 2583 1322 2617 luert'nt
1340 2581 1508 2626 huiusmodi
1526 2585 1723 2627 Indulgentlae
1742 2586 1763 2618 ἃ
1786 2585 1869 2618 nobis
1881 2584 2010 2628 conceffae
2017 2583 2087 2626 fieri

1209 2638 1395 2676 participes,
1416 2632 1446 2674 si
1462 2632 1579 2674 fuerint
1600 2637 1726 2677 Romani
1738 2659 1748 2675 ,
1777 2636 1823 2668 ad
1839 2639 1938 2668 minus
1956 2639 2086 2678 triginta

1214 2683 1316 2716 diebus
1335 2688 1503 2724 continms,
1523 2686 1578 2726 stu
1600 2678 1811 2727 interpolatis,
1834 2686 1871 2719 (9
1874 2683 1983 2728 saltem
1995 2681 2088 2726 semel

1214 2738 1246 2766 in
1255 2734 1325 2775 d1e;
1349 2732 1453 2773 st'verb
1469 2738 1620 2777 peregrini
1632 2734 1777 2776 fuerim,
1802 2743 1854 2768 aut
1873 2732 2031 2777 forenses,
2049 2731 2088 2775 fi-

1215 2783 1279 2816 mili
1288 2784 1372 2816 modo
1381 2784 1548 2826 quindecim
1560 2785 1664 2819 diebus
1677 2786 1722 2819 ad
1729 2783 1872 2826 Baffltcas
1883 2783 2002 2827 easdem
2012 2794 2088 2818 acce-

1215 2835 1308 2866 dant.
1332 2832 1536 2877 Unusquisque
1547 2837 1726 2877 tamenplm
1737 2834 1915 2874 merebitur,
1943 2834 2088 2868 &Indul-

1212 2890 1347 2928 gentiam
1366 2884 1505 2925 efficacius
1526 2883 1736 2928 consequetur,
1759 2889 1812 2927 qui
1836 2883 1981 2926 Bafiltcas
2003 2882 2086 2927 ipsas
2108 2878 2111 2880 ’

1217 2935 1346 2976 amplias
1367 2937 1403 2967 Θ·
1425 2934 1558 2967 devotius
1568 2934 1778 2977 frequentabit
1792 2959 1799 2966 .
1825 2934 1924 2968 Hanc
1935 2934 2034 2969 toties
2043 2940 2088 2966 ex

1218 2996 1290 3018 vera
1313 2984 1433 3027 pietate
1454 2985 1620 3027 repetitam
1645 2983 1939 3028 frequentationem
1963 2983 2093 3018 censuit

1219 3035 1279 3069 esse
1289 3034 1517 3078 poenitentiam
1529 3034 1740 3069 satisfastioni
1753 3035 1936 3078 proximam
1949 3058 1957 3067 .
1968 3033 2092 3068 Roma-

1222 3095 1280 3120 nos
1290 3084 1331 3118 ad
1342 3084 1498 3128 triginta,
1523 3085 1712 3129 peregrinos
1732 3084 1774 3118 ad
1796 3084 1882 3119 solos
1901 3083 2094 3128 quindecim

1222 3134 1415 3168 visitationis
1426 3133 1497 3168 dies
1508 3134 1679 3169 adstrinxit
1692 3147 1701 3167 ι
1713 3134 1815 3181 Qod
1821 3129 1942 3178 nempe
1954 3134 2094 3168 laborio-

1223 3186 1253 3219 sa
1274 3184 1317 3219 ad
1338 3183 1449 3218 urbem
1471 3184 1687 3228 peregrinatio
1697 3185 1781 3219 sitin
1790 3185 2017 3219 satisfactionis
2027 3193 2095 3227 par-

1222 3245 1287 3269 tem
1308 3232 1528 3278 computanda
1549 3259 1557 3265 .
1585 3234 1638 3268 Ex
1657 3234 1775 3270 eodem
1802 3233 1965 3278 principio
1987 3242 2096 3278 proce-

1223 3285 1305 3319 dunt
1316 3283 1382 3319 haec
1392 3283 1508 3318 verba:
1536 3283 1735 3328 Unusquisque
1741 3286 1812 3327 plus
1831 3284 1989 3318 merebitur
1999 3307 2011 3324 ,
2037 3283 2094 3315 &a

1227 3334 1359 3370 Etenim
1377 3334 1517 3377 amplior
1537 3345 1575 3368 ac
1595 3334 1749 3369 devotior
1760 3333 1980 3379 frequentatio
1991 3332 2097 3375 poeni·

1224 3395 1350 3419 tentem
1371 3383 1479 3418 reddit
1503 3383 1708 3419 satisfactioni
1721 3383 1927 3419 viciniorem.
1955 3381 2035 3424 Ejus
2046 3392 2099 3416 va-

1227 3435 1321 3470 rietas
1330 3433 1408 3470 facit
1422 3433 1664 3479 Indulgentiam
1674 3435 1737 3469 effe
1749 3435 1898 3478 plenam,
1917 3431 2100 3478 pleniorem

1986 3482 2055 3528 ,ple-
