2372 3756
100 734 174 775 cap.
192 741 237 773 5⁷-

84 2163 158 2202 Cap
177 2170 224 2199 37.

85 2205 117 2234 1..
128 2212 187 2234 με.
197 2212 224 2238 7.

351 126 446 177 164

281 201 373 238 locus
391 204 438 238 est
461 200 496 237 in
517 201 603 237 libro
622 210 736 237 contra
762 199 984 237 Adimantum
1006 227 1014 235 .
1039 199 1146 235 Adfir-

103 275 178 316 ⁶²?-
196 286 240 308 Π,
276 262 348 289 mat
368 254 536 289 brutorum
557 253 684 287 animas
710 264 778 288 non
804 253 867 287 effe
894 253 997 296 ipsum
1024 250 1148 295 sangui.

278 314 354 337 nem
367 329 378 350 ,
389 304 424 338 &
435 302 503 338 haec
513 303 770 338 Deuteronomii
781 300 872 337 verba
885 327 896 343 ,
917 304 1043 345 sanguis
1052 311 1150 334 eorum

274 363 330 397 pro
352 359 454 387 anima
476 353 536 395 est,
561 353 657 388 docet
677 355 740 388 effe
762 353 900 397 figuram
924 351 1148 391 locutionem,

276 405 309 438 ὃ(
331 404 483 448 exemplo
503 403 646 438 elucidat
660 417 670 436 .·
697 406 745 436 Sic
753 402 791 442 est
802 407 881 435 enim
887 399 1014 445 sanguis
1024 406 1127 433 anima
1139 424 1148 439 ,

275 456 412 497 quomodo
424 457 518 488 Petra
528 463 593 488 erat
609 452 758 492 cbristus.
782 452 826 485 Et
839 451 906 484 alio
918 451 1033 485 iterum
1043 461 1150 483 exem·

277 505 354 547 plo:
383 505 495 548 Poffum
517 508 703 545 Praeceptum
724 502 801 535 illud
820 507 1012 542 interpretari
1032 498 1161 543 infiJgno.

276 557 328 600 effe
345 555 485 598 pofitum.
513 559 586 588 Non
606 559 684 587 enim
696 557 842 586 Dominus
865 550 1021 585 dubitavit
1033 552 1148 588 dicere,

275 606 356 641 Hoc
368 606 413 640 est
435 615 551 647 corpus
564 614 673 637 meum
688 626 699 642 ,
723 600 905 645 cumstJgnum
924 603 1012 634 daret
1021 605 1146 641 corpori:

271 654 320 701 [ul
346 682 352 688 .
380 658 418 690 ln
442 653 525 689 libro
545 653 587 686 de
614 649 823 686 Eucharistiae
851 650 984 685 veritate
1007 650 1148 692 Joannes

274 706 441 741 Heffelius
463 702 635 746 respondet
656 701 786 737 duobus
812 701 920 735 modis
941 724 953 740 ,
978 709 1074 742 atque
1095 698 1148 733 ad-

274 756 404 801 iungit:
432 759 545 788 Ommo
568 765 626 786 non
642 761 756 795 parum
771 750 951 794 probabilem
970 749 1021 791 effe
1030 750 1145 782 illorum

274 811 439 848 opinionem
451 830 462 846 ,
490 810 540 847 qui
549 803 612 838 haec
632 803 726 837 verba
747 801 901 845 Augustino
916 799 955 832 ab
966 801 1062 842 aliquo
1073 803 1148 833 VVl-

273 857 407 898 cleffista,
429 856 483 889 vel
499 856 557 888 alio
578 856 811 887 sacramentario
832 848 941 892 adsuta
959 848 1145 890 existimant.

274 908 369 950 ,Quod
378 917 429 940 nec
440 907 643 948 Berengarius
656 926 667 942 ,
694 913 744 935 mc
754 905 783 933 V
782 905 811 934 V
809 900 891 940 icleff
904 912 939 934 ea
949 911 1082 941 unquam
1090 909 1147 942 pro

267 956 325 1001 sua
336 955 494 998 dffenfione
511 954 709 996 protulerim:
737 955 842 993 Neque
863 948 1019 993 quisquam
1035 950 1145 985 Catho-

271 1008 390 1040 licorum
411 1004 560 1037 adversus
588 1014 639 1036 eos
661 999 850 1044 scribentium
881 1012 915 1035 ea
945 1000 1144 1035 trallaverit.

271 1055 378 1089 Addit
403 1054 476 1087 istas
498 1051 624 1096 phrases
646 1052 686 1085 ab
709 1050 860 1095 Augufiim'
885 1050 993 1085 exacta
1004 1052 1145 1085 locutione

271 1108 306 1140 eb·
325 1107 432 1139 limato
448 1103 581 1147 sermone
604 1101 746 1137 multum
765 1100 935 1142 recedere,
961 1112 998 1135 ac
1009 1101 1143 1135 fineista

269 1155 408 1201 periodo
419 1154 567 1189 constare
578 1163 684 1187 totum
699 1152 789 1186 istius
799 1152 914 1195 eapitis
925 1161 1118 1186 contextum
1131 1175 1141 1191 ,

268 1206 410 1250 ideoque
431 1203 625 1238 concludit:
652 1207 726 1237 Haec
745 1213 777 1236 eo
795 1203 926 1236 dixerim
938 1226 948 1242 ,
975 1201 1143 1244 utssudiofis

265 1256 438 1300 consulendi
448 1256 636 1297 exemplaria
646 1262 750 1287 vetera
761 1251 966 1295 manuscripta
978 1250 1143 1295 occasionem

260 1307 438 1349 praebeam,
462 1310 495 1339 in
514 1305 622 1348 qulbus
644 1304 696 1338 vel
715 1309 814 1336 omma
837 1302 891 1343 ista
916 1301 1008 1335 verba
1029 1301 1119 1343 defint
1131 1326 1142 1342 ,

265 1355 434 1400 velfirltem
453 1355 617 1389 accuratius
639 1355 776 1397 legantur
787 1378 794 1385 .

315 1405 518 1450 Respondeo
536 1404 622 1438 hanc
657 1402 873 1445 corruptelam
905 1412 1011 1436 carere
1029 1401 1141 1436 funda-

262 1467 379 1492 mento
390 1479 400 1489 .
426 1455 560 1489 Etenim
573 1453 716 1492 Wia‘leffi
727 1453 825 1486 factio
850 1451 894 1485 est
906 1451 1085 1486 admodum
1099 1463 1141 1486 re-

262 1519 359 1542 cens:
388 1505 573 1553 Qiomodo
598 1503 698 1549 igitur
723 1513 790 1536 non
816 1502 906 1535 illius
929 1504 1060 1543 audior,
1088 1502 1139 1535 sed

260 1558 456 1599 nescioquis
476 1556 611 1589 sectator
622 1553 763 1597 potuerit
788 1554 879 1586 suam
898 1553 1070 1586 audaciam
1082 1562 1139 1586 tra-

258 1608 379 1641 ducere
402 1607 437 1641 in
463 1604 576 1640 omnia
598 1614 673 1638 toto
695 1602 822 1637 mundo
845 1602 945 1645 sparsa
956 1603 1061 1637 Sanffi
1075 1605 1143 1636 Au·

257 1657 381 1702 gussini
393 1655 618 1699 exemplaria?
647 1653 791 1695 Majores
804 1652 905 1687 nostri
921 1677 931 1693 ,
956 1652 1011 1697 qui
1028 1652 1140 1697 Augu-

257 1709 335 1743 nini
360 1718 458 1751 opera
487 1706 661 1749 vulgarunt
683 1702 902 1736 plantinianis
922 1702 1010 1745 typis
1031 1702 1139 1736 lustra-

256 1767 333 1792 runt
354 1756 512 1800 plurimos
523 1756 682 1789 variarum
699 1750 975 1786 Bibliothecarum
987 1753 1139 1796 antiquis-

254 1809 357 1843 fimos
369 1807 519 1841 codices:
549 1805 592 1838 Et
619 1804 736 1837 horum
761 1803 870 1837 nullus
881 1802 1140 1836 caruitadduffls

256 1868 375 1892 contra
390 1855 610 1890 Adimantum
624 1853 745 1888 verbis.
774 1853 817 1886 Et
841 1852 920 1893 quid
932 1852 1087 1887 faciamus
1099 1852 1140 1886 de

257 1909 347 1942 tertii
373 1906 493 1940 Psalmi
529 1904 767 1939 commentario
794 1904 810 1935 ?
838 1901 1043 1947 Augustinus
1071 1903 1140 1936 illic

258 1959 341 1993 dicit
356 1955 396 1992 de
409 1956 564 1991 Domino
580 1969 590 1988 :
621 1955 712 1988 Dedit
722 1953 905 1997 suicorporis
922 1955 1067 1998 figuram.
1096 1953 1139 1987 Et

260 2009 391 2052 antiqui
408 2005 595 2042 testamenti
615 2006 733 2050 figuras
755 2003 902 2037 osoribus
923 2002 1138 2042 Manidaaeis,

260 2071 299 2094 ac
333 2059 406 2093 aliis
436 2057 578 2100 duplicis
610 2053 809 2089 Divinitatis
840 2053 1051 2088 fabulonibus
1086 2065 1140 2096 per

259 2107 521 2144 Eucharisticam
535 2107 675 2149 figuram
686 2114 850 2146 exponere
860 2126 872 2142 ,
892 2115 929 2137 ac
942 2103 1140 2137 venerandas

260 2159 418 2196 suadere,
442 2156 489 2191 est
517 2154 708 2198 Augustino
733 2153 892 2187 familiare
914 2178 919 2185 .
949 2152 1028 2187 Hoc
1050 2153 1139 2187 enim

263 2210 343 2246 fecit
363 2208 466 2244 etiam
488 2207 522 2240 in
547 2203 633 2238 libro
654 2204 694 2237 de
707 2203 771 2237 fide
781 2212 894 2237 contra
912 2202 1140 2244 Manichaeos,

263 2261 298 2296 δε
308 2261 341 2294 in
364 2258 451 2292 libro
463 2263 577 2290 contra
597 2253 651 2288 Ad
658 2255 828 2287 versarium
841 2254 940 2297 Legis
951 2264 988 2287 ac
1000 2252 1141 2296 Prophe-

262 2320 395 2346 tarum.
421 2308 477 2343 An
505 2305 566 2339 isto
588 2312 701 2338 contra
724 2304 943 2338 Adimantum
971 2303 1047 2338 loco
1073 2303 1141 2337 suas

265 2371 374 2404 nugas
395 2368 464 2393 non
490 2354 646 2390 tentarint
673 2353 822 2396 adjuvare
850 2354 1062 2398 Berengarius
1086 2363 1141 2387 aut

267 2409 441 2444 'Wicleffus
451 2433 462 2448 ,
474 2418 540 2440 non
556 2405 682 2448 possum
693 2403 860 2438 adfirmare
875 2416 882 2435 2
896 2402 1052 2447 Pleraque
1062 2403 1142 2447 ipso-

269 2472 343 2496 rum
355 2460 477 2503 Scripta
499 2453 749 2490 interciderunt.

322 2510 423 2544 Istum
444 2506 525 2552 ergo
547 2506 658 2540 locum
681 2505 848 2549 insigniter
867 2502 1004 2548 exponit
1032 2503 1065 2537 in
1091 2514 1143 2546 po·

272 2562 388 2596 strema
415 2557 456 2594 ad
479 2555 685 2600 joachimum
698 2555 923 2598 Wessphalum
949 2553 1144 2588 admonitio·

275 2623 318 2646 ne
339 2611 403 2655 ipse
424 2607 584 2643 Calvinus
597 2611 617 2638 :‘
634 2609 679 2639 De
695 2607 793 2650 figura
813 2604 973 2648 disputans
986 2602 1148 2646 VVestpha-
1174 2636 1178 2639 ,

275 2662 323 2695 lus
346 2669 435 2704 negat
461 2656 649 2702 Augustinum
670 2668 799 2698 unquam
811 2655 904 2688 verba
915 2653 1044 2695 Christi,
1069 2654 1148 2687 Hoc

276 2710 323 2745 est
346 2711 475 2752 Corpus
498 2719 605 2742 meum
619 2732 630 2748 ,
654 2712 700 2739 ita
724 2711 935 2747 interpretari,
960 2703 1043 2747 quafi
1056 2709 1149 2746 panis

277 2768 380 2802 corpus
401 2757 537 2802 fignificet
562 2783 568 2790 .
598 2758 720 2790 Hocct'm‘
747 2756 784 2795 est
805 2755 944 2798 perfidiae
969 2759 1150 2798 connivere,

279 2810 330 2844 ubi
352 2809 455 2843 verbis
477 2809 597 2841 minima?
615 2805 738 2850 obscuris
757 2806 888 2846 instrum
908 2805 1033 2848 ingenue
1053 2805 1151 2846 prodi·

280 2871 349 2893 mus
370 2865 402 2891 in
425 2858 552 2890 medium
565 2858 580 2888 ?
610 2856 758 2899 Augustini
770 2856 863 2889 verba
869 2854 941 2898 sunt
953 2880 964 2896 ‚
992 2857 1151 2887 Dominum

282 2921 339 2943 non
352 2907 493 2949 dubitasse
504 2907 598 2939 dicere
608 2928 618 2944 ,
644 2905 722 2939 Hoc
734 2905 778 2939 est
791 2906 920 2948 Corpus
931 2916 1042 2940 meum
1053 2929 1064 2945 ,
1088 2915 1152 2937 cum

277 2959 392 3003 fignum
414 2958 501 2990 daret
527 2961 652 2998 corporis
672 2954 718 2997 sui
740 2979 747 2986 .
775 2958 821 2987 Et
841 2953 979 2997 quorsum
999 2960 1043 2988 ita
1066 2953 1152 2996 loqui-

284 3021 332 3044 mr
357 3009 371 3039 ,ἒ
396 3012 435 3042 Ut
455 3010 637 3048 scripturam
656 3003 737 3047 saepe
763 3004 893 3048 figurate*
924 3006 1005 3047 loqui
1030 3004 1150 3047 probet.

284 3060 407 3093 Miscet
428 3068 502 3091 vera
523 3056 627 3090 falsis.
655 3054 788 3088 Interim
813 3055 979 3098 profitetur
990 3055 1070 3098 figni
1087 3053 1154 3087 istic

286 3111 444 3144 rationem
465 3105 601 3141 adscribi
630 3105 718 3139 sacro
745 3104 839 3148 pani.
870 3104 990 3146 Dicat,
1019 3104 1097 3148 Ejus
1113 3115 1157 3138 re-

286 3159 380 3193 fiduis
403 3155 645 3192 accidentibus:
674 3153 717 3188 Et
739 3154 784 3188 est
808 3154 994 3188 Romanus.
1024 3154 1156 3188 Etenim

287 3208 347 3243 ista
367 3206 547 3241 accidentia
570 3205 632 3239 esse
647 3203 704 3238 sub
719 3205 749 3238 se
759 3204 910 3237 contenti
932 3216 969 3238 ac
981 3204 1076 3238 velati
1090 3214 1158 3237 cor-

289 3257 376 3301 poris
397 3257 518 3299 fignum
539 3256 723 3298 &figuram
746 3253 899 3288 Romana
911 3253 1049 3287 Ecclesia
1059 3253 1159 3288 credi-

290 3307 340 3341 dit
352 3307 470 3348 semper
481 3318 517 3339 ac
531 3306 660 3340 docuit.
687 3304 766 3339 Hoc
781 3304 813 3337 in
827 3305 1034 3338 sacramento
1044 3305 1103 3337 tria
1114 3303 1158 3337 di·

290 3355 446 3399 stinguit:
473 3354 713 3388 Sacramentum
737 3364 867 3388 tanturn
882 3379 892 3395 ‚
918 3365 985 3387 rem
1009 3352 1160 3393 tantum,

855 117 1491 164 DISSERTATIO

1216 209 1271 241 per
1291 199 1478 235 Dominum
1504 201 1537 234 in
1561 213 1654 237 coena
1677 205 1831 248 porrectis
1847 207 1930 244 dicit
1955 211 2089 246 Sanetus

1217 250 1426 292 Augustinus
1450 265 1461 284 .-
1486 253 1537 284 Sul
1557 259 1683 295 corporis
1699 254 1815 297 figuram
1845 258 1940 292 dabar
1959 285 1968 293 .
1993 261 2089 306 Signi

1215 299 1407 341 qualitatem
1420 303 1558 344 exponit
1577 303 1610 336 in
1620 304 1856 348 quaestionibus
1868 308 1960 350 supra
1968 307 2089 346 librum

1213 348 1376 390 Levitici,
1403 351 1514 385 denuo
1526 352 1666 387 scribens
1676 355 1801 397 pecoris
1813 357 2006 401 sanguinem
2026 362 2090 396 effe

1213 399 1358 433 animam
1369 424 1380 440 ,
1407 403 1481 444 quia
1493 402 1654 451 fignificat
1662 402 1807 440 animam
1818 429 1829 445 ‚
1846 407 1881 442 δι
1891 407 2089 453 adjungens:

1214 451 1399 492 Quaerendae
1422 458 1515 486 ettam
1535 455 1692 488 locutiones
1698 463 1756 496 per
1766 457 1802 488 id
1808 479 1819 495 ,
1844 459 1923 499 quod
1939 463 2066 493 continet
2078 484 2090 502 ,
2107 460 2205 500 er.

1208 498 1397 543 significandi
1418 503 1471 542 td,
1497 506 1576 546 quod
1597 511 1781 546 continetur,
1807 507 1841 540 (5
1862 514 2003 550 quonlam
2023 515 2092 542 ani·

1213 561 1264 582 ma
1278 548 1423 594 sanguine
1444 562 1558 587 tenetur
1579 560 1613 587 in
1640 563 1754 598 corpore
1767 580 1778 596 ,
1803 556 2006 600 namfifuerit
2016 558 2090 600 effic·

1212 597 1288 643 sus,
1316 600 1470 646 abscedit,
1492 611 1549 645 per
1570 603 1663 647 ipsum
1688 607 1790 648 aptius
1795 606 1962 650 figniffiara
1965 608 2004 650 fit
2020 615 2089 643 ani·

1213 663 1264 684 ma
1283 672 1294 689 ,
1326 653 1362 686 Θ
1386 654 1450 692 ejus
1471 664 1575 687 nomen
1593 651 1715 698 sanguis
1738 663 1883 698 acceperit
1896 682 1903 690 .
1928 660 2007 692 Sicut
2029 662 2089 694 Ec-

1213 700 1292 743 clefia
1302 703 1412 735 dicitur
1432 703 1509 735 locus
1520 729 1531 745 ,
1557 715 1613 746 quo
1625 704 1750 747 Ecclefia
1762 717 1952 751 congregatur
1965 733 1972 740 .
1998 713 2098 744 Nam.

1214 752 1340 794 Ecclefia
1365 751 1496 786 homines
1515 751 1608 797 sunt.
1635 754 1764 789 Eodem
1786 757 1962 792 locutionis
1987 770 2086 803 gene-

1213 812 1246 835 re
1258 802 1407 837 adfirmat
1429 802 1692 838 Eucharisticum
1711 816 1827 849 panem
1839 808 1900 841 effe
1912 806 2088 843 Dominici

1212 853 1358 896 corporis
1368 853 1496 898 signum
1509 868 1521 888 .·
1549 854 1630 888 Nou
1644 855 1902 900 qualecumque,
1927 858 1981 893 sed
1992 859 2086 903 quod

1211 901 1316 947 ipsum
1338 901 1510 938 contineat
1530 916 1570 939 ac
1591 906 1810 948 repraesentet.
1838 906 1951 941 Palam
1961 907 2025 943 hoc
2036 910 2087 943 fir-

1211 962 1302 987 mant
1325 953 1421 988 verba
1445 955 1611 998 sequentia
1625 967 1636 987 .-
1662 956 1721 990 Sed
1739 957 1805 990 cum
1825 958 1969 991 Dominus
1979 958 2098 993 dicar.-v

1211 1004 1281 1037 Nifi
1303 1003 1578 1039 manducaveritis
1603 1015 1732 1040 carnem
1755 1018 1885 1048 meam,
1911 1008 1946 1042 ὅ(
1968 1006 2087 1043 biberi-

1210 1054 1253 1087 tis
1273 1064 1384 1087 meum
1405 1054 1598 1098 sanguinem
1611 1079 1621 1095 ,
1649 1066 1716 1090 non
1739 1053 1900 1091 habebitis
1926 1058 2026 1092 vitam
2047 1059 2085 1093 in

1211 1102 1304 1138 vobis
1314 1128 1324 1144 ,
1351 1106 1426 1146 quid
1428 1103 1486 1146 fib}
1498 1106 1565 1138 vult
1578 1107 1656 1147 quod
1663 1108 1684 1138 ἆ
1689 1104 1833 1150 sanguine
1853 1105 2060 1151 sacrficiorum
2072 1134 2084 1151 ,

1209 1165 1275 1196 quae
1291 1161 1349 1196 pro
1366 1160 1496 1196 peccatis
1521 1154 1720 1196 offerebantur
1743 1179 1754 1196 ,
1781 1159 1934 1199 tantopere
1955 1160 2084 1200 populus

1206 1203 1377 1245 prohibetur
1389 1228 1400 1245 ‚
1420 1202 1450 1245 fi
1467 1205 1526 1238 illis
1545 1203 1701 1248 sacrificus
1722 1205 1773 1238 boc
1794 1218 1885 1240 unum
1907 1206 2085 1251 sacrificium

1202 1252 1421 1298 fignificabatur
1435 1277 1446 1294 ,
1472 1259 1505 1287 in
1527 1265 1582 1296 quo
1607 1267 1681 1289 vera
1699 1255 1738 1297 fit
1757 1258 2085 1299 remiffiopeccatorum,

1210 1305 1230 1335 ἃ
1240 1305 1323 1345 cujus
1337 1312 1439 1336 tamen
1445 1302 1584 1346 sacrifici)
1590 1303 1735 1348 sanguine
1743 1311 1777 1339 in
1787 1307 1959 1340 alimentum
1964 1306 2083 1350 fitmm·
2110 1324 2114 1331 »

1209 1355 1245 1386 do
1258 1377 1269 1394 ‚
1297 1364 1354 1386 non
1371 1351 1466 1397 solum
1489 1364 1572 1386 nemo
1590 1353 1782 1396 prohibetur,
1802 1354 1861 1398 sed
1873 1358 1917 1388 ad
1926 1358 2100 1391 bibendum,

1205 1405 1305 1445 potius
1318 1414 1418 1447 omnes
1429 1402 1627 1437 exhortantur
1635 1429 1645 1445 ,
1667 1411 1716 1447 qui
1727 1405 1832 1438 volum
1843 1404 1952 1440 babere
1963 1407 2084 1440 vitam?

1209 1451 1469 1501 Manifesiiffime
1484 1453 1665 1498 profitetur
1676 1454 1887 1489 Eucharistiae
1897 1457 2064 1491 veritatem
2075 1483 2084 1490 .

1200 1503 1381 1545 „profitetur
1413 1502 1556 1537 Domini
1590 1515 1722 1538 carnem
1743 1505 1778 1538 a&
1803 1506 1992 1549 sanguinem
2013 1518 2084 1541 non

1206 1555 1379 1588 dumtaxat
1403 1553 1575 1598 fignificari
1597 1565 1652 1597 per
1672 1565 1789 1597 panem
1809 1555 1843 1589 δε
1863 1554 1976 1591 vinum
1989 1580 2000 1597 ‚
2027 1556 2083 1592 sed

1206 1605 1302 1638 etiam
1317 1603 1351 1637 in
1367 1603 1440 1647 ipfis
1452 1604 1615 1638 contineri
1626 1615 1663 1638 ac
1674 1605 1885 1649 repraesentari
1898 1630 1905 1638 .

1256 1654 1360 1688 Hunc
1383 1653 1564 1698 Augustini
1593 1655 1705 1688 locum
1727 1655 1834 1689 lucide
1859 1655 1947 1699 apud
1972 1649 2085 1692 Sanctiv

1206 1703 1365 1748 Cypriani
1393 1703 1602 1746 appendicem
1629 1704 1775 1738 imitatur
1801 1705 1835 1738 in
1864 1707 2014 1741 sermone
2039 1707 2083 1741 de

1205 1754 1346 1789 Domini
1370 1765 1465 1787 coena
1477 1753 1602 1787 Austor
1614 1755 1799 1789 sermonum
1811 1754 1851 1789 de
1861 1755 2082 1790 cardinalibus

1204 1803 1329 1839 Christi
1348 1804 1519 1847 operibus.
1550 1803 1712 1848 Proponit
1742 1806 1831 1838 enim
1849 1805 1883 1839 ἀ
1905 1805 1971 1848 ipse
1993 1804 2080 1840 hane

1205 1854 1412 1897 quaestionem
1426 1867 1434 1887 :
1461 1859 1555 1888 Nova
1578 1854 1616 1894 est
1628 1853 1715 1895 buJ‘us
1725 1855 2054 1889 sacrameneidooerma
2066 1881 2081 1897 ,

1203 1907 1237 1939 6*
1253 1903 1362 1947 scbotae
1385 1907 1415 1937 E
1418 1905 1579 1947 vangelicae
1590 1904 1642 1937 boc
1648 1909 1783 1946 primum
1794 1904 1993 1948 magisterium
2000 1914 2080 1947 prae·

1205 1956 1337 1988 tulerunt
1351 1979 1362 1995 ,
1390 1955 1425 1988 ὁ·
1447 1955 1571 1989 Doc‘lore
1592 1954 1708 1995 Christo
1734 1954 1797 1988 haec
1811 1961 1944 1997 primum
1968 1956 2079 1990 mundo

1202 2010 1333 2038 innotuit
1344 2002 1502 2047 disciplina
1510 2029 1521 2046 ,
1531 2012 1564 2038 ut
1577 2004 1708 2038 biberent
1713 2003 1889 2048 sanguinem
1901 2004 2078 2045 Chrfiiam,

1203 2057 1284 2096 cujus
1295 2053 1378 2098 esum
1388 2055 1461 2098 legis
1481 2059 1614 2096 amiqua
1637 2054 1797 2087 annornm
1817 2054 2017 2095 dssridltffimi
2031 2061 2078 2088 in-

1205 2106 1323 2138 terdicit
1332 2128 1339 2136 .
1368 2107 1434 2137 Lex
1443 2102 1522 2146 esum
1530 2103 1687 2148 sanguinis
1695 2103 1831 2146 prohibet
1842 2128 1853 2145 ‚
1870 2106 2077 2148 Evangeltum

1200 2159 1343 2197 praeciptt
1366 2163 1400 2187 ut
1421 2154 1557 2188 bibatur.
1584 2155 1685 2188 Hanc
1709 2163 1918 2198 apparentem
1940 2154 2022 2200 legis
2038 2165 2078 2189 ac

1207 2204 1378 2249 Evangelii
1398 2202 1631 2239 dissonantiam
1650 2203 1817 2249 eleganter
1834 2204 2014 2245 conciliat,
2040 2205 2077 2240 &

1206 2253 1396 2298 Evangelici
1420 2252 1567 2288 mandati
1591 2253 1732 2288 litteram
1746 2253 1945 2287 demonstrat
1965 2254 2000 2287 in
2011 2254 2080 2289 Eu-

1204 2303 1373 2339 charistica
1397 2304 1529 2337 veritate
1551 2313 1590 2337 ac
1607 2302 1951 2337 transubstantiatione
1961 2303 2080 2338 funda·

1205 2355 1251 2388 ri.
1280 2354 1391 2400 Qare
1413 2352 1580 2388 Henricus
1605 2351 1798 2396 Artopaeus,
1824 2352 1882 2394 qui
1895 2354 2079 2390 sermonem

1205 2404 1302 2438 istum
1313 2411 1417 2437 tentat
1427 2403 1618 2446 detorquere
1630 2403 1663 2437 in
1675 2403 1767 2436 suum
1781 2402 1908 2436 sensum
1919 2426 1930 2443 ,
1957 2402 2079 2447 impin-

1204 2455 1254 2499 git
1276 2453 1310 2487 in
1340 2453 1448 2486 lucem
1483 2451 1695 2487 meridianam
1719 2476 1727 2486 .
1755 2451 1888 2486 Etenim
1919 2452 2080 2488 sermonis

1206 2514 1298 2539 mens
1320 2503 1364 2537 est
1393 2501 1450 2536 ista
1462 2502 1533 2538 luce
1543 2500 1676 2537 clarior.

1256 2554 1391 2587 Sanetus
1410 2551 1489 2597 ergo
1514 2551 1721 2597 Augustinus
1742 2553 1893 2591 adfirmat
1913 2551 2078 2597 panem&

1208 2604 1322 2638 vinum
1345 2603 1409 2637 effe
1437 2602 1611 2637 Dominici
1638 2602 1784 2647 corporis
1804 2604 1839 2638 ἀ
1860 2601 2022 2648 sanguinis
2042 2601 2078 2635 fi-

1209 2663 1320 2699 guram
1334 2677 1344 2693 ,
1369 2662 1402 2686 at
1414 2663 1481 2686 non
1494 2662 1590 2696 negat
1603 2652 1674 2696 ipsis
1689 2652 1872 2697 adjunctam
1884 2654 2052 2686 veritatem
2066 2675 2075 2683 .

1212 2703 1341 2738 Nullibi
1362 2701 1509 2737 adfirmat
1527 2704 1589 2737 effe
1601 2702 1954 2747 solummodofigutam
1972 2725 1980 2733 .
2005 2699 2076 2734 Ad-

1191 2781 1193 2783 *
1211 2755 1350 2797 junfiiam
1371 2754 1441 2795 ipsis
1453 2751 1622 2787 veritatem
1634 2751 1889 2788 constantiffime
1900 2764 1936 2787 ac
1948 2750 2080 2785 lucidis·

1213 2803 1287 2838 fime
1309 2804 1483 2837 confirmat
1510 2803 1543 2836 in
1556 2802 1702 2843 plurimis
1712 2801 1808 2838 Iocis.
1836 2803 1949 2849 Qam
1960 2800 2078 2835 doctri-

1212 2866 1286 2889 nam
1310 2852 1522 2887 illustraturus
1540 2852 1646 2897 Hugo
1667 2852 1707 2886 de
1723 2853 1841 2887 Sancto
1859 2851 2014 2892 Victore,
2039 2850 2078 2885 in

1214 2904 1355 2938 secundo
1367 2903 1450 2937 libro
1461 2904 1553 2946 super
1568 2903 1708 2946 primum
1719 2911 1816 2945 caput
1828 2901 1934 2936 Sanffl
1949 2900 2082 2945 Diony·

1213 2955 1247 2987 fii
1262 2954 1470 2997 Areopagitae
1481 2953 1521 2986 de
1532 2952 1692 2997 Angelica
1704 2950 1895 2985 Hierarchia
1905 2977 1916 2992 ,
1944 2949 2083 2986 demon·

1216 3004 1289 3038 strat
1310 3003 1432 3037 Christi
1456 3003 1597 3037 Domini
1622 3010 1760 3036 mortem
1772 3012 1808 3034 ac
1818 3002 2082 3036 resurrectionem

1216 3053 1307 3088 fuisse
1329 3054 1421 3087 simul
1444 3053 1610 3087 veritatem
1632 3062 1669 3085 ac
1689 3051 1891 3096 imaginem,
1917 3051 1952 3086 ὅ(
1979 3051 2082 3094 prose·

1219 3105 1328 3147 quitur
1349 3116 1356 3136 ε
1385 3105 1490 3147 ,Quare
1515 3104 1581 3146 erg&
1601 3104 1824 3135 Sacramentum
1848 3103 1962 3135 altaris
1983 3100 2084 3140 simili·

1219 3155 1288 3187 tudo
1310 3154 1361 3198 esse
1387 3165 1444 3186 non
1459 3152 1551 3195 potest
1572 3153 1606 3186 Θ
1626 3157 1738 3184 veritas
1749 3176 1760 3192 ‚
1785 3152 1840 3185 alio
1869 3152 1986 3194 quidem
1999 3149 2101 3192 fimi·.

1218 3205 1308 3237 lttudo
1335 3205 1369 3238 (vr
1392 3205 1449 3236 alio
1469 3208 1586 3236 vertras
1609 3202 1625 3233 ,ἶ
1653 3206 1739 3234 Nam
1767 3212 1832 3234 cum
1854 3213 1946 3235 unum
1961 3200 2001 3243 fit
2027 3202 2084 3233 Sa-

1219 3264 1418 3293 cramentum,
1443 3259 1504 3286 tria
1525 3252 1566 3284 ibi
1592 3250 1716 3294 disi-reta
1723 3260 1940 3294 proponuntur.
1972 3252 2085 3292 species·

1217 3302 1328 3346 scilicet
1360 3301 1480 3343 visibilis
1502 3326 1512 3342 ,
1541 3303 1575 3335 ὀ*
1598 3307 1715 3335 veritas
1742 3308 1867 3343 corporis
1885 3326 1896 3342 ‚
1923 3302 1957 3334 (ν’
1982 3304 2086 3332 virtus·

1218 3359 1327 3397 gratiae
1333 3352 1522 3396 spiritualis.
1550 3352 1638 3384 Aliud
1656 3351 1694 3387 eti
1715 3358 1794 3385 enim
1812 3350 1932 3391 vlsibills
1950 3347 2082 3391 species,

292 3406 404 3443 &rem
422 3415 459 3439 ac
481 3405 724 3440 Sacramentum
744 3404 838 3441 simul
856 3429 863 3437 .
892 3404 937 3439 Et
957 3403 1036 3440 hinc
1046 3403 1161 3439 deillis
1222 3414 1289 3446 quae
1300 3401 1611 3444 ostiliter-cernuum
1636 3396 1894 3442 hliudestverttas
1916 3398 2088 3440 corporis&

1973 3447 2043 3492 san.
