2372 3756
179 484 180 487 ’
233 480 364 509 orarium
381 482 493 516 oportet
517 477 658 508 Levitam
676 472 788 517 gestare
800 476 832 504 in
841 470 952 512 finistro
963 469 1084 503 humero
1095 493 1105 509 ,

82 3112 155 3142 Can.
172 3123 216 3143 22.

651 102 719 132 Da
756 100 1100 145 Quruusnnm
1137 85 1384 130 PATRUM
1420 87 1635 133 Loc1s.

235 175 343 210 Sanni
370 174 503 218 Ioannis
528 172 698 217 epistolam
719 198 725 205 .
753 171 904 206 Secundo
930 170 1102 210 discimus,

234 223 370 270 quodie
390 226 479 259 sacro
501 223 839 258 ministerioDiaconi
853 222 968 255 stolam
980 220 1103 265 gestent

235 276 270 309 in
293 275 363 310 solo
382 273 507 309 sinistro
529 273 681 308 humero.
709 274 887 307 Rationem
913 271 967 304 dat
995 280 1104 314 quarta

235 324 403 360 Toletana
416 324 570 368 Synodus
583 338 594 358 .-
622 326 652 357 st
662 329 759 356 oraria
771 324 826 356 duo
837 333 887 355 nec
898 320 1040 363 Episcopo
1061 325 1106 351 in-

233 375 323 409 duere
342 375 461 418 quidem
479 375 565 414 licet,
592 385 642 407 nec
670 372 839 411 Presbytero
853 395 864 411 ‚
889 376 990 413 utique
1015 371 1104 402 multo

234 426 332 458 minus
351 427 502 464 Diae-ono,
529 423 720 466 qutmtntster
731 433 827 457 eorum
847 421 902 461 est,
931 425 1031 453 Unum
1042 421 1106 462 ergo

230 533 354 567 propter
379 523 458 566 quod
481 534 546 556 orat
567 548 577 564 ,
603 525 639 557 td
662 522 700 563 est
720 544 732 562 ‚
752 521 904 564 pra-dicat
924 533 933 563 ;
965 521 1103 553 dextram

234 584 335 608 autem
356 582 478 616 partem
487 582 597 617 oportet
607 571 714 606 babere
726 571 851 605 liberam
862 597 874 613 ,
902 580 935 603 ut
945 570 1104 612 expeditus

233 625 281 657 ad
296 622 486 665 ministerium
512 623 696 658 sacerdotale
720 620 888 664 discurrat.
916 620 1103 653 Graecorum

235 674 386 709 Diaconi
405 673 520 708 stolam
543 673 667 707 Latino
688 682 779 706 more
800 682 869 706 non
892 671 1017 705 ducunt
1052 680 1107 712 per

236 726 348 768 pectus
368 724 403 758 &
422 724 594 764 deorsum,
620 733 681 756 nec
702 722 809 767 ligant
833 719 891 755 sub
912 720 1028 755 dextro
1042 717 1108 751 bra-

236 773 317 811 chio
330 797 342 814 ,
352 773 406 807 sed
417 772 518 806 libere
529 771 722 818 permittunt
734 771 842 805 volare
852 797 859 803 .
871 769 926 804 Ut
938 768 1109 804 caelestium

238 821 502 858 Cherubinorum
522 847 534 863 ,
560 832 701 866 quorum
734 822 958 864 repraesentant
990 819 1025 852 in
1052 828 1110 853 tre-

238 871 364 907 mendo
384 871 540 907 sacrificio
562 869 780 908 ministerium
793 895 803 911 ‚
829 870 928 905 etiam
939 870 1005 903 alas
1015 879 1110 913 atque

235 922 423 968 agilitatem
433 923 670 966 repraesentent.
702 919 744 955 Et
765 920 843 955 hinc
856 921 956 965 ipsam
968 929 1108 964 gerunt,

239 984 312 1008 non
335 972 440 1012 infra,
466 972 522 1007 sed
544 973 636 1015 supra
647 970 889 1006 Dalmaticam.
917 971 1030 1018 Qem
1042 981 1110 1004 mo-

237 1033 312 1058 sem
330 1022 414 1056 olim
431 1021 567 1066 viguiffe
591 1022 690 1056 etiam
711 1022 747 1055 in
759 1021 952 1066 quibusdam
965 1019 1113 1059 Galliciae

240 1071 393 1110 Ecclefiis
414 1096 425 1113 ,
452 1083 490 1107 ac
515 1069 648 1106 tandem
675 1071 896 1106 introductum
923 1071 958 1104 in
977 1081 1113 1110 ornnes,

241 1121 442 1157 demonstrat
473 1122 644 1168 vigesimus
675 1121 828 1164 septimus
860 1121 980 1155 Canon
1003 1121 1114 1164 primae

238 1172 371 1214 synodi
403 1172 602 1207 Bracarenfis
628 1183 636 1204 :
662 1173 749 1214 ,Quia
770 1177 803 1204 in
829 1170 994 1213 aliquantis
1024 1169 1112 1212 hujus

240 1225 412 1256 Provincia
432 1221 566 1264 Ecclefiis
590 1225 735 1255 Diaconos
756 1219 895 1264 absconsis
923 1219 1008 1261 infr&
1039 1226 1113 1252 tuni-

236 1283 295 1305 eas
313 1280 439 1305 utuntur
462 1277 590 1312 orariis,
616 1276 662 1304 ita
682 1280 716 1304 ut
742 1270 820 1305 nibil
829 1270 945 1310 differre
960 1270 1116 1303 asicbdta-

236 1333 311 1356 cono
320 1322 481 1356 videantur
494 1346 505 1362 ‚
527 1323 642 1364 placuit
660 1329 694 1354 ut
704 1322 741 1354 de
764 1329 869 1355 caetero
873 1318 1048 1363 superposito
1054 1318 1121 1363 sca-

239 1372 343 1415 pulae‚
361 1370 434 1412 ficut
446 1373 550 1412 decet,
574 1378 700 1404 utantur
709 1376 817 1405 orario.
847 1370 938 1404 Ante
948 1367 1034 1404 hanc
1056 1370 1116 1413 Sy-

242 1419 374 1458 nodum
404 1419 549 1465 quaedam
582 1419 756 1456 dumtaxat
791 1419 939 1457 Ecclefiae
973 1420 1115 1454 orarium

243 1470 440 1508 Dalmaticae
449 1469 689 1513 supponebant.
716 1469 800 1517 Q
817 1469 984 1504 diversitas
995 1481 1035 1503 an
1050 1469 1115 1505 fue-

242 1521 289 1555 rit
299 1519 398 1554 etiam
418 1519 455 1553 in
480 1518 553 1554 aliis
564 1518 800 1563 Hispaniarum
812 1518 997 1554 Provinciis
1009 1544 1020 1561 ,
1047 1531 1114 1553 non

242 1568 361 1614 poffim
381 1567 551 1604 adfirmare
564 1592 572 1601 .
595 1569 660 1602 Hae
684 1579 795 1603 tamen
817 1569 1042 1604 omnesissurn
1055 1569 1116 1604 Ca-

240 1629 371 1657 nonem
391 1619 607 1663 admiserunt.
637 1619 743 1653 Lucet
764 1629 805 1652 ex
828 1629 909 1653 nato
922 1631 976 1662 per
989 1619 1116 1661 ejusoc·

238 1669 408 1705 canonem
431 1664 497 1704 alio
520 1667 639 1703 abusu.
665 1666 810 1714 Qidam
823 1670 1116 1712 antiquimoriste-

242 1729 341 1755 nuces
351 1719 496 1755 Diaconi
507 1729 674 1762 coeperunt
684 1717 803 1761 duplex
813 1718 935 1763 gestare
953 1719 1096 1753 orarium
1108 1732 1115 1751 ε

243 1768 353 1805 Aliud
374 1769 476 1811 infra,
502 1768 592 1804 aliud
605 1769 694 1812 supra
707 1768 927 1803 Dalmaticam
940 1793 947 1801 .
976 1768 1020 1803 Et
1033 1768 1117 1803 istud

243 1818 478 1854 transtulerunt
499 1818 534 1854 in
557 1817 717 1853 finistrum
742 1817 929 1853 humerum.
959 1819 1002 1853 Et
1029 1817 1117 1853 hunc

244 1868 383 1904 abusum
405 1870 470 1913 jam
497 1869 644 1906 damnari
665 1868 878 1905 audivimusa
893 1880 1003 1914 quarta
1016 1870 1119 1913 Syno-

240 1919 292 1954 do
313 1919 498 1955 Toletana.
529 1920 612 1954 Haec
632 1919 696 1954 fuit
719 1919 912 1955 Dioecesana
933 1920 1035 1954 totius
1047 1920 1116 1953 His

245 1970 374 2013 paniae:
400 1969 618 2005 Bracarensem
645 1970 819 2005 Canonem
831 1971 986 2015 supponit
998 1970 1118 2014 ubique

245 2020 443 2061 admissum,
468 2021 503 2055 δε
522 2021 768 2063 circumscripto
793 2021 892 2056 abusu
915 2022 1020 2064 ipsum
1043 2032 1118 2055 con·

243 2069 375 2104 firmat.
402 2071 471 2103 Cur
491 2070 784 2104 Graecorum-stola
809 2083 875 2104 non
896 2081 937 2104 ex
965 2071 1038 2104 lana
1065 2082 1118 2104 aut

249 2118 374 2159 serico,
399 2118 454 2153 sed
475 2129 516 2153 ex
539 2119 613 2154 alba
633 2119 802 2154 dumtaxat
823 2121 887 2154 tela
913 2119 1006 2163 poffit
1029 2119 1120 2160 fieri,

247 2168 368 2204 discere
379 2169 474 2211 poffis
483 2179 524 2203 ex
536 2168 709 2204 undecimo
720 2170 825 2204 Sancti
837 2170 958 2214 Cyrilli
977 2169 1119 2204 Alexan-

247 2218 336 2253 drini
356 2217 440 2252 libro
462 2217 504 2252 de
528 2217 736 2253 Adoratione
758 2221 793 2253 in
804 2219 935 2263 spiritu:
962 2223 1120 2253 Amortuis

244 2266 379 2310 operibus
388 2268 517 2302 recedere
528 2268 693 2312 neccesJ'eess
706 2293 713 2301 .
740 2271 862 2313 signum
872 2278 969 2303 autem
993 2272 1120 2303 mortali·

246 2322 323 2352 tatis
345 2317 405 2359 est,
429 2319 509 2360 quod
526 2330 564 2352 ex
587 2327 704 2362 corpore
727 2324 865 2353 mrituro
879 2318 1009 2363 sumitur
1031 2344 1042 2360 ‚
1068 2332 1122 2353 ove

245 2366 353 2410 scilicet
367 2391 374 2399 .
401 2367 469 2410 Effe
490 2372 578 2411 igitur
612 2371 700 2403 lineis
714 2392 725 2407 ,
753 2381 810 2403 non
835 2370 931 2404 lanets
942 2369 1067 2409 vestibus
1080 2375 1123 2403 in-

247 2417 376 2458 dutum,
398 2416 528 2461 figurate
544 2416 685 2461 fignificat
704 2427 794 2461 opera
818 2428 946 2453 mortuos
960 2421 1118 2462 deponere.

249 2467 364 2513 Qem
374 2477 499 2501 morem
510 2467 646 2512 viguisse
661 2469 743 2503 olim
753 2470 852 2504 etiam
867 2468 950 2512 apud
964 2471 1102 2504 Latinos
1114 2493 1124 2508 ‚

248 2516 350 2551 docet
367 2517 519 2561 antiquus
538 2518 634 2552 Ordo
656 2518 848 2553 Romanus.
878 2520 1012 2554 Etenim
1039 2520 1124 2554 ordi·

250 2564 362 2600 nando
376 2566 532 2601 Diacono
558 2566 640 2602 dicit
653 2568 721 2603 illic
735 2569 935 2612 Episcopus:
962 2573 1063 2612 Accipe
1066 2569 1123 2610 sto-

249 2618 315 2650 lam
339 2617 502 2650 candidam
520 2640 528 2648 .
555 2616 599 2652 Et
625 2616 710 2661 apud
737 2618 869 2653 Graecos
897 2630 964 2652 non
994 2620 1124 2653 tantum

248 2665 485 2708 Sacerdotalis,
510 2666 564 2701 sed
588 2668 688 2702 etiam
712 2668 903 2702 Diaconalis
923 2668 1004 2701 stola
1028 2668 1124 2703 habet

250 2716 312 2751 {ibi
325 2716 538 2759 inscriptum,
549 2718 673 2751 santius
684 2742 694 2758 ,
706 2717 832 2751 Sant‘lus
843 2741 853 2756 ,
865 2718 987 2751 saneque
1001 2743 1007 2750 .
1026 2718 1075 2752 Ita
1089 2719 1124 2753 in

250 2765 338 2801 libro
348 2765 390 2801 de
401 2766 549 2810 Templo
560 2768 595 2802 δι
607 2767 704 2802 Missa
716 2767 847 2803 testatur
858 2768 991 2804 Simeon
1006 2767 1123 2804 Archi·

249 2816 420 2861 episcopus
430 2815 729 2852 Thessalonicensis
738 2842 745 2849 .

301 2865 348 2900 Et
366 2877 407 2900 ex
429 2865 481 2901 his
502 2867 591 2902 vides
611 2868 845 2912 Hispaniarum
868 2868 968 2902 etiam
991 2868 1124 2904 Subdia-

250 2926 355 2959 conos
377 2916 471 2952 fuiffe
490 2918 564 2953 usos
585 2917 667 2951 stola
680 2932 692 2953 :
720 2918 844 2952 Contra
868 2929 993 2952 morem
1014 2921 1123 2954 omnis

251 2963 380 2999 Latinae
392 2966 554 3001 Eeclefiae.
586 2967 693 3002 Immo
704 2968 739 3002 δε
750 2976 861 3002 contra
874 2968 1054 3003 Orientalis
1066 2971 1124 3004 Ec-

251 3014 354 3049 clefiae
382 3025 506 3049 morem
527 3040 535 3049 .
563 3018 652 3052 Nam
684 3018 720 3052 &
741 3017 887 3053 adversus
909 3018 1124 3062 quorumdam

253 3064 322 3098 illic
335 3063 614 3101 Subdiaconorum
627 3068 908 3112 praesumptionem
923 3067 1030 3101 statuit
1039 3069 1124 3104 Lao-

252 3114 372 3150 dicena
394 3113 547 3157 Synodus
570 3128 577 3148 :
605 3121 677 3150 Non
708 3126 821 3160 oportet
846 3118 1062 3152 subdiaconum
1083 3126 1125 3151 uti

254 3169 349 3198 orario
370 3188 378 3195 .
405 3164 499 3211 Qin
521 3165 555 3198 δε
581 3167 740 3200 tunicella
775 3167 949 3202 utebantur
986 3168 1124 3212 Hispani

255 3212 455 3250 subdiaconi
479 3238 486 3245 .
514 3214 626 3249 Etiam
657 3224 771 3251 contra
803 3218 964 3253 Romanae
994 3229 1031 3251 ac
1060 3229 1127 3253 om-

255 3265 308 3299 nis
328 3264 453 3298 Latinae
474 3263 622 3298 Eccleliae
643 3275 768 3300 morem
791 3291 802 3307 ‚
829 3267 995 3301 laudatum
1015 3268 1031 3301 ὲ
1058 3268 1127 3302 Ma-

255 3325 326 3359 gno
347 3314 511 3358 Gregorio
533 3314 569 3348 in
591 3313 707 3349 litteris
728 3315 768 3350 ad
796 3317 955 3360 Joannem
968 3318 1127 3360 Syracusae

257 3363 458 3409 Episcopum
479 3387 487 3396 ·
516 3363 652 3401 Etenim
686 3364 881 3408 quibusdam
902 3370 1127 3405 murmuranti·

353 3412 464 3461 pbrist,
474 3417 554 3459 Lupi
563 3418 661 3458 Opera
671 3417 706 3449 T.
720 3418 769 3452 Vl

1889 106 1904 136 1
1915 106 1981 151 97

1163 167 1222 201 bus
1247 190 1258 207 ,
1285 165 1375 211 quod
1397 167 1527 201 Graecos
1550 168 1926 216 Constantinopolitanae
1950 197 1961 212 ‚
1989 173 2044 208 ubi

1165 218 1410 261 Apocrisarium
1446 226 1555 262 egerat
1575 230 1650 252 ante
1673 220 1831 263 papatum
1857 248 1867 263 ,
1897 223 2043 258 Ecclesiae

1164 269 1245 301 ritus
1265 267 1444 312 Gregorius
1467 267 1636 301 induceret
1660 269 1695 302 in
1711 271 1918 314 Romanam,
1945 283 2043 316 atque

1165 318 1210 352 ita
1233 318 1335 361 ipsam
1355 318 1543 352 humiliaret
1566 342 1576 357 ,
1602 317 1637 351 ὅ(
1663 318 1825 362 signanter
1847 323 1937 364 quod
1963 324 2044 357 Sub,

1167 368 1325 402 diaconos
1359 368 1477 401 faceret
1511 368 1668 411 spoliatos
1705 370 1873 410 procedere
1909 397 1916 404 .
1956 374 2043 414 His,

1169 421 1326 461 inquam,
1353 417 1646 452 murmuratoribus
1674 416 1830 452 Pontifex
1855 422 2043 463 respoudit:

1170 469 1362 502 subdiaconos
1375 476 1407 500 ut
1411 465 1554 510 spoliatos
1564 468 1720 510 procedere
1734 468 1869 510 facerem
1882 494 1891 508 ‚
1919 478 2045 513 antiqua
2066 479 2126 510 Lib,
2136 489 2162 514 7,
2178 478 2225 509 iu.

1168 516 1338 561 consuetudo
1361 514 1495 562 Ecclefiae
1515 517 1594 557 fuit.
1625 520 1685 551 Sed
1704 524 1774 561 quia
1793 520 1910 561 placuit
1928 522 2047 554 cuidam
2066 518 2134 549 ἀίίὶ-
2156 530 2184 548 ²·

1174 568 1264 610 nostro
1277 567 1431 610 Pontifici,
1457 567 1547 611 nescio
1559 573 1604 601 cui
1616 593 1626 608 ,
1653 574 1705 611 qui
1716 581 1762 602 eos
1775 568 1894 608 vestitos
1914 572 2050 611 procede·
2067 563 2121 598 ΕΡ·
2138 562 2185 598 ⁶4·

1171 630 1203 652 re
1209 624 1355 660 praecepit
1366 643 1373 650 .
1394 623 1480 651 Nam
1494 618 1598 658 vestrae
1613 618 1746 661 Ecclefiae
1757 620 1902 662 numquid
1912 622 2050 653 traditio·-

1173 680 1239 702 nem
1250 670 1270 701 ἃ
1281 671 1398 702 Graecis
1410 670 1605 710 acceperunt?
1632 671 1716 702 Unde
1732 681 1795 714 ergo
1816 670 1928 704 habent
1940 669 2027 705 hodic
2037 695 2050 711 ‚

1173 727 1206 752 ut
1228 719 1403 752 subdiaconi
1421 720 1508 752 lineit
1533 725 1567 752 in
1582 724 1688 752 tunicis
1700 722 1864 761 procedant
1876 745 1885 760 ,
1914 720 2050 764 nisi‘quia

1174 768 1225 801 hoc
1248 767 1440 812 &matresua
1462 773 1596 802 Romana
1610 768 1733 811 Ecclesia
1741 778 1896 813 perceperu
1904 772 1965 804 nt?
1996 772 2051 805 An

1176 828 1300 853 morem
1322 820 1414 853 suum
1437 819 1630 863 Hispaniab
1644 820 1705 853 isto
1728 820 1916 865 nescioquo
1942 821 2053 854 Ponti·

1177 869 1236 902 fiee
1255 870 1437 911 acceperint
1468 893 1479 910 ‚
1505 870 1626 915 ignoro
1652 895 1658 901 .
1687 869 1829 905 Videtur
1855 871 1941 914 apud
1980 869 2054 904 illos

1176 918 1268 952 fuilie
1284 929 1355 952 mos
1366 919 1535 962 antiquus.
1569 919 1610 953 Et
1625 920 1728 962 ipsum
1743 921 1916 964 postmodo
1932 921 2057 955 Roma-

1179 979 1219 1002 na
1229 968 1391 1010 resumpsit
1402 992 1412 1007 ,
1441 970 1475 1003 ὅ(
1498 969 1658 1011 assumpsit
1673 972 1784 1005 omnis
1797 971 1980 1008 orientalis
1995 971 2057 1005 Ec·

1178 1018 1270 1054 clelia
1281 1042 1288 1049 .
1318 1017 1406 1052 Nam
1419 1017 1514 1061 hujus
1526 1020 1724 1054 Subdiaconi
1739 1022 1803 1063 jam
1822 1021 1946 1065 pridem
1961 1031 2057 1055 utun.-

1178 1079 1230 1102 tur
1260 1066 1455 1111 Stychario.
1483 1068 1539 1102 Est
1563 1070 1646 1103 sacra
1671 1071 1845 1111 tunicella,
1875 1070 2058 1105 Diaconali

1179 1117 1366 1161 Dalmatica
1378 1118 1486 1152 minor
1498 1144 1506 1151 .
1531 1118 1581 1152 Ex
1593 1121 1698 1155 Sancti
1714 1121 1851 1163 Joannis
1865 1120 2059 1164 Chrysosto·

1182 1168 1226 1201 mi
1247 1167 1352 1202 verbis
1374 1169 1505 1211 insuper
1527 1169 1725 1203 addiscimus
1740 1195 1748 1209 ‚
1777 1170 1866 1214 quod
1888 1170 2059 1205 etiamista

1180 1227 1326 1261 tempora
1348 1217 1522 1253 habuerint
1546 1217 1699 1263 Paganos
1718 1221 1817 1253 nostri
1844 1220 1993 1254 sacrificii
2006 1232 2061 1254 ex-

1181 1269 1374 1312 ploratores.
1405 1269 1487 1314 Qo
1511 1269 1602 1302 enim
1622 1269 1724 1302 modo
1739 1270 1785 1308 sui
1798 1269 1917 1304 Christi
1928 1281 2061 1304 carnem

1180 1316 1334 1361 ederent,
1361 1318 1600 1363 &sanguinem
1612 1318 1758 1353 biberent
1785 1319 1986 1359 Christiani,
2013 1319 2063 1352 illi

1181 1379 1292 1412 capere
1314 1378 1383 1402 non
1410 1380 1581 1412 poterant,
1610 1369 1753 1414 ideoque
1767 1371 1888 1414 semper
1899 1369 2064 1405 conaban-

1181 1428 1233 1453 tur
1244 1417 1361 1452 nostris
1372 1417 1475 1453 Sacris
1496 1418 1649 1464 obrepere
1665 1444 1671 1452 .

1232 1468 1437 1503 Accedamus
1468 1470 1640 1512 septimum
1660 1481 1789 1506 tomum
1813 1497 1820 1504 .
1848 1472 1883 1505 ln
1919 1471 2058 1506 secunda

1182 1518 1222 1553 ad
1245 1516 1497 1553 Antiochenam
1515 1521 1674 1563 populum
1697 1519 1835 1556 homilia
1858 1523 1993 1557 sanstus
2009 1522 2061 1565 10·

1181 1579 1281 1603 annes
1301 1568 1465 1613 duplicem
1481 1570 1515 1603 in
1537 1569 1738 1614 prophetam
1749 1571 1932 1606 Helizaeum
1955 1573 2068 1606 aSan-

1181 1621 1233 1652 &o
1256 1619 1329 1653 Elia
1349 1618 1528 1654 traductum
1547 1620 1695 1662 spiritum
1717 1622 1870 1661 extollit,
1899 1634 1943 1656 no
1953 1622 1984 1656 vi
1996 1621 2068 1654 Te-

1182 1668 1331 1702 stamenti
1354 1670 1495 1712 gratiam
1527 1670 1666 1704 affirmat
1697 1671 1759 1704 effe
1784 1671 1890 1705 multo
1924 1672 2065 1714 amplio-

1182 1728 1247 1752 rem
1268 1742 1279 1758 ,
1306 1730 1343 1753 ac
1369 1717 1597 1753 demonstrat:
1625 1719 1724 1753 Hellat
1760 1721 1893 1754 melotem
1921 1719 2062 1764 discipulo

1181 1770 1323 1811 reliquit,
1349 1766 1531 1812 adscendens
1550 1778 1651 1803 autem
1679 1773 1735 1803 Dei
1754 1770 1839 1812 filius
1858 1768 1948 1812 suam
1978 1770 2061 1804 nobis

1181 1829 1300 1852 carnem
1318 1820 1455 1862 reliquit,
1481 1820 1516 1853 (tt
1539 1818 1635 1862 ipsam
1655 1819 1771 1854 habeas
1797 1818 1952 1862 adscendit
1968 1846 1975 1853 .
2005 1825 2057 1853 Ne

1182 1875 1273 1912 igitur
1283 1874 1382 1901 animo
1393 1870 1581 1903 concidamus
1595 1895 1604 1909 ‚
1617 1882 1709 1913 neque
1721 1871 1920 1905 lamententur
1932 1896 1942 1911 ‚
1967 1882 2062 1913 neque

1182 1927 1343 1960 temporum
1364 1919 1566 1960 difficultatem
1587 1925 1744 1953 timeamus
1770 1946 1776 1953 .
1805 1924 1870 1965 ‚Qui
1893 1927 1972 1954 enim
1992 1919 2063 1964 sam

1178 1976 1299 2013 guinem
1310 1969 1398 2013 suum
1416 1978 1474 2012 pro
1484 1970 1616 2003 omnibus
1640 1970 1790 2011 effundere
1803 1984 1860 2004 non
1883 1970 2034 2014 recusavit
2051 1994 2061 2010 ‚

1182 2021 1215 2053 &⁸
1235 2030 1356 2053 carnem
1370 2019 1480 2063 suam,
1506 2022 1541 2054 (9·
1565 2019 1667 2062 rursus
1693 2019 1788 2063 ipsum
1812 2020 1987 2065 sanguinem
2013 2033 2063 2054 ne-

1185 2070 1229 2101 bis
1249 2075 1498 2109 communicavit,
1523 2072 1600 2112 quid
1616 2079 1671 2111 pro
1678 2071 1775 2114 salute
1798 2071 1999 2113 nostrafatere
2021 2083 2065 2105 rc·

1183 2117 1297 2161 cusabt't
1317 2122 1325 2153 !
1353 2120 1653 2153 Fronto-Ducaeus
1676 2119 1793 2154 merito
1817 2122 1968 2164 apposuit
1996 2119 2062 2155 hoo

1186 2168 1362 2212 marginale
1374 2166 1523 2203 scholion
1537 2182 1548 2202 .·
1577 2172 1670 2202 Locus
1682 2168 1801 2213 insignis
1816 2172 1851 2204 de
1864 2171 1984 2203 santlae
1999 2174 2066 2203 Eu·
2111 2190 2115 2193 -

1183 2217 1327 2259 cbaristtae
1345 2224 1495 2253 veritate.
1524 2219 1659 2253 Etenim
1681 2222 1698 2253 a
1722 2220 1797 2254 loco
1822 2221 1885 2254 hoc
1913 2221 2060 2255 ai'Ieritur

1185 2269 1435 2304 Dominuseam
1459 2269 1562 2312 ipsam
1587 2281 1737 2309 carnem,
1766 2281 1865 2313 quam
1881 2272 2003 2305 levavit
2025 2271 2059 2304 in

1185 2320 1298 2354 caelum
1311 2344 1320 2360 ,
1331 2320 1365 2353 &
1379 2319 1474 2353 istum
1487 2320 1592 2362 ipsum
1606 2321 1799 2364 sanguinem
1810 2345 1819 2360 ,
1834 2332 1931 2365 quem
1945 2319 2062 2355 effudit

1187 2370 1218 2403 in
1231 2381 1323 2404 cruce
1336 2394 1346 2409 ,
1375 2369 1469 2404 nobis
1487 2369 1647 2413 reliquisse
1670 2371 1831 2411 interris,
1858 2371 2013 2405 sumenda
2028 2372 2063 2404 in

1187 2418 1250 2453 hoc
1261 2419 1445 2454 admirabili
1465 2421 1675 2454 Sacramento
1690 2447 1697 2453 .
1726 2422 1834 2455 Locus
1858 2421 1964 2455 lucide
1988 2432 2069 2455 con·

1186 2469 1292 2504 firmat
1305 2470 1404 2504 nostri
1415 2470 1568 2514 Gregorii
1588 2469 1737 2505 adversus
1752 2471 1983 2516 Bereng-iriutn
1998 2473 2065 2505 De·

1186 2531 1285 2554 creta.
1314 2519 1351 2552 In
1362 2519 1677 2566 SanstiPhilogonii
1699 2546 1709 2561 ,
1735 2519 1926 2555 patriarchae
1942 2522 2068 2556 Antio-

1185 2568 1301 2608 cheni‚
1326 2569 1412 2612 apud
1424 2569 1594 2604 Nicaenam
1608 2572 1780 2613 Synodum
1802 2571 1945 2605 defuncti
1961 2597 1970 2611 ,
1998 2572 2067 2605 elo·

1186 2620 1242 2664 gio
1262 2619 1384 2654 exaltat
1410 2621 1595 2654 Dominicae
1624 2620 1815 2654 Nativitatis
1828 2622 2036 2655 festivitatem
2055 2646 2067 2662 ,

1188 2671 1286 2713 ipsam
1309 2670 1447 2703 affirmat
1469 2672 1531 2703 effe
1552 2672 1705 2704 omnium
1729 2671 1939 2705 festivitatum
1967 2681 2064 2714 caput

1186 2731 1281 2763 atque
1303 2719 1518 2762 Metropolim
1533 2745 1542 2759 ‚
1572 2720 1711 2754 Domini
1734 2721 1919 2755 adoratores
1942 2722 2062 2764 Magos

1186 2768 1317 2809 laudat,
1342 2770 1375 2803 ὃ(
1404 2770 1623 2811 prosequitur:
1651 2775 1729 2803 Cum
1754 2773 1952 2815 alienigenae,
1981 2774 2067 2803 Bar·

1185 2819 1307 2862 bai-ique
1329 2821 1410 2862 Maga·
1429 2830 1466 2851 ex
1493 2819 1607 2859 Perside
1627 2830 1778 2854 occurrant
1802 2847 1810 2861 ‚
1840 2831 1874 2855 ut
1902 2825 2060 2854 Dominum

1186 2871 1311 2903 videant
1321 2867 1490 2911 inpraesepi
1499 2872 1653 2910 jacentem
1667 2895 1676 2910 ‚
1703 2881 1736 2904 tu
1751 2876 1800 2913 qut*
1811 2870 1996 2912 Christianus
2009 2883 2061 2910 es,

1191 2932 1226 2952 ne
1241 2920 1328 2952 breve
1339 2920 1457 2961 quidem
1479 2918 1612 2962 spatium
1624 2927 1734 2956 emetiri
1740 2921 1865 2964 sustines
1877 2947 1886 2961 ‚
1912 2931 1945 2954 ut
1954 2921 2005 2953 hoc
2013 2920 2062 2962 fe-

1185 2971 1231 3002 lici
1253 2967 1414 3013 spectaculo
1433 2969 1602 3011 perfruaris
1651 2975 1736 3004 Nam
1741 2971 1772 3012 fi
1778 2983 1842 3004 cum
1850 2971 1909 3013 fide
1922 2971 2062 3013 accesseri-

1187 3032 1249 3052 mus
1262 3043 1272 3059 ‚
1295 3020 1398 3060 procul
1417 3019 1503 3053 dubio
1526 3021 1692 3054 videbimus
1714 3033 1779 3054 eum
1790 3027 1822 3054 in
1830 3020 2064 3063 praesepijacen-

1188 3080 1264 3103 tem.
1291 3070 1438 3111 siquidem
1460 3069 1523 3102 haec
1535 3070 1635 3113 mensa
1647 3078 1740 3104 vicem
1755 3069 1876 3113 sustinet
1897 3068 2062 3113 praesepn..

1189 3125 1273 3152 Nam
1294 3120 1327 3151 (a
1348 3118 1395 3150 hic
1413 3126 1535 3160 ponitur
1555 3130 1657 3162 corpus
1680 3125 1883 3153 Domina-um:
1914 3125 1985 3153 Non
1998 3126 2061 3163 qui·

1189 3171 1252 3202 dem
1271 3166 1375 3210 fasciis
1396 3172 1584 3210 involutum,
1605 3169 1688 3211 ficust
1710 3180 1778 3203 tunc
1803 3195 1813 3211 ,
1834 3168 1892 3213 sed
1912 3172 2060 3212 undequa-

1188 3231 1243 3262 que
1262 3220 1374 3260 Spiritu
1396 3219 1499 3251 santio
1521 3220 1724 3259 convestitam.
1753 3223 1820 3264 ,Qui
1840 3219 1974 3259 mysteriis
2001 3226 2060 3254 ini-

1191 3274 1259 3302 tiati
1274 3267 1345 3311 sunt
1368 3292 1378 3307 ,
1403 3270 1570 3312 intelligunt
1596 3281 1663 3311 quae
1695 3271 1831 3305 dicuntur
1858 3295 1865 3303 .
1895 3270 2059 3313 Supponit

1192 3328 1285 3362 atque
1306 3318 1449 3351 ostendit
1474 3319 1557 3352 istud
1572 3321 1676 3362 ipsum
1688 3331 1827 3364 corpus,
1853 3319 1941 3365 quod
1952 3320 2061 3355 fascia-

1192 3380 1262 3405 tum
1282 3366 1316 3402 in
1335 3368 1465 3413 praesepi
1488 3368 1591 3413 jacuit
1612 3394 1622 3409 ,
1649 3370 1832 3414 gloriosum
1865 3369 2002 3405 existere
2024 3370 2058 3405 δε

1585 3419 1618 3454 R
1673 3430 1690 3468 3
1939 3420 2014 3456 ado·
