2352 3756
306 152 412 203 404

297 234 333 271 [iu
346 230 449 268 credi.
1006 229 1085 279 238.
1117 242 1133 268 1

250 281 370 320 Benno
383 281 545 317 Metenfis
558 280 740 327 Episcopus
751 281 792 317 ab
817 281 970 316 Henrico
993 292 1136 315 creatus.

301 344 377 382 393.
389 341 421 366 2.
438 332 555 368 Postea
569 345 645 369 cum
657 333 816 369 dedecore
826 334 860 366 ἀ
885 332 1076 375 ignominia
1097 331 1138 365 ab

298 383 377 417 urbe
391 385 500 426 pulsus
515 410 522 417 .
1057 380 1135 417 ibid.

246 432 476 471 Berbachenfis
486 435 695 471 Conventus.
711 443 774 480 321
782 457 789 464 .
800 442 832 468 2.
845 429 901 465 Ad
912 443 988 466 eum
1000 443 1040 466 ex
1051 443 1135 467 utra-

297 495 362 528 que
377 496 464 530 parte
487 497 553 521 tam
574 483 731 522 Henrici,
758 482 857 525 quarn
882 482 1035 527 Gregorii
1055 482 1134 516 Vll.

297 546 536 571 convenerunt:
550 537 596 567 At
607 535 748 566 fructum
761 533 891 566 nullum
906 531 1031 567 habuit.
1042 543 1136 582 342.1

249 584 483 621 Berbachensis
494 588 688 618 Conventus
701 594 768 615 non
781 583 845 616 fuit
857 583 1022 626 judicialis
1045 584 1136 627 Apo-

296 635 485 672 stolicarum
498 634 733 668 sententiarum
743 635 926 668 retractatio
938 658 950 673 ,
976 632 1029 666 sed
1045 633 1136 667 durn-

297 697 390 722 taxat
402 685 561 719 familiare
571 683 612 717 de
625 685 698 727 ipsis
709 683 940 727 colloquium.
1019 693 1100 731 344.
1117 696 1133 720 1

246 735 438 781 Berengarii
452 735 590 780 relapsus
603 734 692 768 unde
704 734 837 768 duxerit
849 734 1029 779 originem?
1041 745 1137 781 1472

244 787 462 831 Berengarius
473 786 634 830 Ioannem
659 784 838 830 Erigenam
859 784 976 819 deserit
988 809 1000 825 ‚
1026 785 1136 828 postea

242 860 246 864 -
297 839 422 872 rursum
434 837 598 871 defendit.
1020 845 1098 881 147.
1112 845 1137 870 2

237 888 465 935 Berengarius
476 886 632 920 Haerefitn
644 886 734 920 suam
743 884 889 929 abjurat.
905 885 1005 932 148.1.
1021 885 1090 919 Cur
1100 885 1135 918 in

295 942 368 974 secu
374 939 436 972 nda
449 936 642 981 professione
653 936 731 970 fidei
743 935 897 970 omissum
908 935 1135 978 fuerit:Corpu1

294 993 419 1023 Domini
423 987 547 1032 frangi,
557 989 591 1020 (9¹
602 984 736 1027 fidelium
749 985 891 1020 dentibus
903 993 994 1020 atteri·
1007 1012 1013 1019 .
1024 997 1099 1034 149.
1116 998 1132 1022 1

242 1039 461 1084 Berengarius
473 1038 506 1072 in
521 1037 677 1071 Concilio
691 1036 883 1071 Pietavienfi
897 1037 962 1071 fere
985 1037 1137 1071 interem-

294 1099 367 1134 ptus
382 1114 390 1122 .
420 1087 496 1135 148.
516 1099 545 1124 1.
560 1087 603 1122 Et
615 1087 694 1121 cur?
1054 1087 1136 1121 ibid.

241 1140 462 1185 Berengarius
474 1138 705 1184 profeffionem
719 1136 895 1172 secundam
907 1137 985 1172 fidei
1014 1138 1048 1171 in
1073 1149 1136 1179 qua

293 1190 433 1235 Synodo
446 1190 558 1224 fecerit
572 1191 584 1222 ?
1025 1198 1099 1235 149.
1118 1200 1132 1223 1

239 1241 458 1287 Berengarius
470 1242 486 1274 a
500 1237 666 1284 Gregorio
693 1239 770 1274 Vll.
795 1238 868 1283 post
892 1238 1134 1273 absolutionem

292 1290 580 1327 commendatitias
592 1290 712 1324 litteras
724 1289 843 1333 accipit
853 1313 862 1321 .
1021 1299 1099 1336 149.
1114 1301 1134 1325 2

238 1342 434 1389 Berengarii
445 1343 559 1377 tertius
574 1341 715 1385 relapsus
725 1366 732 1374 .
1052 1338 1134 1373 ibid.

240 1391 457 1439 Berengarius
474 1391 656 1438 poenitens,
686 1391 720 1425 &
736 1387 933 1425 Catholicus
948 1388 1078 1425 decessit
1090 1401 1130 1422 ex

231 1465 238 1469 γ·
292 1443 354 1479 hac
366 1445 448 1478 vita.
1052 1440 1132 1474 ibid.

240 1492 461 1539 Berengarius
473 1503 542 1527 non
554 1492 671 1532 omnes
684 1490 701 1524 ὲ
713 1492 743 1525 se
756 1493 920 1535 perversos
944 1490 1113 1525 convertit
1125 1514 1132 1521 .

296 1557 312 1582 1
342 1555 374 1581 0.
406 1556 434 1581 1.
660 1556 662 1559 ’

238 1557 458 1641 Beresngarius
471 1595 626 1629 Sant‘ium
638 1592 807 1627 Hilarium
827 1591 882 1626 fibi
895 1591 1066 1626 manifeste
1091 1590 1132 1624 de

234 1665 236 1667 v
291 1646 500 1681 Eucharistia
514 1645 718 1680 contrarium
731 1643 859 1677 accusat
871 1643 986 1677 erroris
1009 1642 1043 1675 in
1067 1642 1130 1674 alia

288 1697 425 1732 materia
436 1722 444 1729 .
488 1717 494 1721 >
1015 1690 1094 1729 228-
1114 1704 1128 1727 1

236 1748 455 1792 Berengarius
467 1758 540 1782 toto
552 1746 660 1790 seculo
672 1741 1031 1789 preceffitSBernardfi.
1044 1749 1129 1776 2112

236 1797 409 1833 Boleslaus
423 1797 573 1831 Poloniae
596 1797 668 1828 Rex
693 1792 989 1828 Ecclefiasticorum
1010 1790 1130 1832 jurium

289 1850 452 1892 protector
464 1873 471 1880 .
643 1868 648 1874 -
1017 1849 1034 1885 3
1040 1848 1096 1884 54.
1114 1850 1128 1875 1

237 1899 334 1934 Bona
350 1895 571 1932 Ecclefiastica
587 1904 652 1927 non
666 1894 738 1926 sunt
760 1889 900 1935 indigne
921 1888 1129 1933 diripienda.

289 1949 345 1996 65.
364 1961 378 1986 1

293 1999 385 2033 Vide
396 2001 550 2037 Decimae,
574 2000 723 2031 simonia.

238 2047 434 2084 Bonifacius
455 2049 496 2080 ΙΙ.
519 2059 561 2081 an
587 2046 740 2080 erraverit
760 2043 818 2078 fibi
842 2043 1053 2077 successorem
1074 2040 1132 2074 eli-

291 2098 427 2145 gendo?
1021 2088 1098 2137 318-
1111 2101 1132 2125 2

239 2146 435 2186 Bonifacius
447 2147 506 2181 IX.
521 2147 555 2180 in
569 2143 791 2180 concedendis
806 2140 1029 2188 Indulgentiis
1053 2141 1134 2175 elee-

289 2198 489 2243 mosynariis
501 2196 699 2241 quibusdam
715 2194 843 2228 videtur
855 2193 1017 2226 exceffiffe
1032 2215 1038 2223 .
1051 2188 1130 2236 283.

291 2262 325 2288 2.
343 2249 454 2298 3062.
470 2249 535 2282 Res
547 2242 670 2281 incerta
682 2246 744 2279 est.
763 2242 839 2281 282.
856 2254 886 2277 2.
900 2242 1068 2290 Qidquit
1083 2242 1132 2280 fir,

293 2313 362 2335 non
375 2312 417 2334 ex
431 2294 596 2333 Cathedra
608 2298 675 2340 egit
690 2296 746 2328 ista
762 2294 955 2328 Bonifacius
967 2317 974 2324 .
1054 2290 1132 2324 ibid.

243 2352 439 2387 Bonifacius
452 2349 512 2383 lX.
537 2348 571 2381 in
594 2345 810 2380 concedendo
835 2343 968 2387 Jubilaeo
991 2342 1134 2376 liberalis

295 2404 409 2452 3061.
422 2402 536 2435 Donat
552 2397 678 2442 Jubilaei
693 2395 919 2439 Indulgentias
931 2404 1029 2427 etiam
1042 2391 1133 2425 domi

294 2450 543 2487 remanentibus
568 2472 579 2487 ,
617 2445 800 2481 dummodo
829 2445 953 2477 itineris
980 2443 1135 2485 expensas

292 2502 480 2548 penderent
492 2525 499 2532 .
527 2497 606 2533 ibid.
621 2497 806 2541 Qaestores
826 2494 895 2538 ejus
918 2493 1061 2537 graviter
1082 2502 1135 2526 ex-

299 2555 476 2588 cefferunt.
1021 2542 1097 2590 306·
1113 2555 1133 2579 2

247 2603 442 2639 Bonifacius
457 2601 515 2634 1X.
527 2610 596 2633 non
609 2598 653 2633 est
668 2597 791 2641 primus
802 2593 935 2628 Anthor
953 2593 1134 2638 Indulgen-

297 2656 418 2688 tiarum
432 2651 472 2686 ad
484 2650 622 2684 modurn
636 2648 763 2692 Jubilaei
778 2646 928 2680 datarum
942 2671 950 2677 .
1015 2653 1096 2691 307.
1115 2655 1131 2680 1

246 2704 440 2740 Brancatius
451 2725 462 2741 ‚
488 2700 561 2734 vide
575 2697 753 2741 Franciscus
768 2701 869 2729 Maria
879 2698 1063 2728 Brancatius
1076 2720 1084 2726 .

247 2755 442 2790 Brixinense
451 2749 729 2786 conciliabulum.
747 2758 787 2794 31
796 2758 822 2782 1.
836 2747 901 2781 L&
913 2746 998 2789 seqq.
1012 2745 1137 2793 Qam-

301 2804 358 2838 diu
372 2802 559 2837 duraverit?
590 2808 652 2848 315
684 2811 710 2834 1.
725 2797 906 2831 Conclusio
918 2821 925 2829 .
1053 2795 1131 2828 ibid.

250 2854 450 2889 Brixinenlis
465 2850 691 2885 Conciliabuli
703 2846 817 2883 contra
838 2846 1038 2892 Gregorium
1060 2844 1134 2879 Vll.

301 2905 432 2937 litterae.
1024 2906 1101 2943 32¹·
1119 2908 1132 2932 1

251 2953 451 2988 Brixinenfis
462 2948 684 2986 Conciliabuli
700 2948 910 2984 Attentatnm
923 2946 963 2980 ab
991 2947 1133 2980 Ecclesia

304 3004 514 3038 damnatum.
1022 3007 1099 3044 305.
1114 3007 1134 3030 2

253 3055 428 3089 Bulcolaca
443 3052 521 3096 quid
530 3052 566 3086 fit
579 3051 721 3085 Graecis?
1022 3058 1063 3095 25
1072 3050 1099 3085 8.
1118 3059 1131 3083 1

252 3104 350 3138 Bulla
363 3103 511 3148 plumbea
523 3102 721 3145 Apostolicae
733 3098 837 3139 Sedis,
848 3097 1061 3142 quandonam
1073 3109 1136 3131 coe-

304 3156 387 3197 perit
410 3153 519 3188 ornari
543 3151 702 3196 capitibus
724 3149 985 3193 Apostolorum?
1012 3159 1089 3196 231.
1107 3159 1134 3184 1.

303 3205 400 3239 Bulla
413 3203 563 3249 plumbea
575 3203 594 3236 a
605 3203 633 3235 S.
648 3201 814 3245 Sylvestro
829 3199 1113 3233 videturinstituta
1126 3222 1137 3237 ,

303 3253 358 3287 sed
372 3256 438 3288 fine
450 3253 612 3298 capitibus
626 3251 865 3295 Apostolorum
879 3274 886 3282 .
1055 3248 1136 3282 ibid.

251 3301 367 3341 Baiias
382 3303 547 3346 plumbeas
558 3304 715 3337 Clemens
727 3300 786 3335 VI.
797 3309 913 3334 contra
926 3310 1054 3334 morem
1069 3298 1135 3331 An-

305 3355 496 3389 tecessorum
507 3353 681 3397 gentilitiis
691 3352 753 3385 suis
766 3352 880 3391 armis,
906 3350 1052 3393 quinque
1063 3349 1137 3382 rofis

303 3402 476 3449 infignivit
502 3408 579 3448 231.
598 3414 629 3436 ι.
656 3402 745 3437 Eum
771 3401 885 3437 nullus
910 3400 1134 3435 successorum

303 3455 454 3491 imitatus
464 3452 544 3487 fuit·
1054 3447 1134 3483 ibid.

899 134 1417 211 12NDEX.

1212 344 1214 346 ‚
1242 345 1250 349 “
1612 289 1658 326 (⁸.

1201 362 1439 468 CAdalous
1451 387 1487 423 in
1499 387 1729 435 Apostolicam
1741 391 1862 430 Sedem
1885 406 1941 440 per
1952 396 2091 433 Guiber-

1311 445 1381 471 tum
1396 438 1539 474 violente
1552 441 1693 477 intrusus
1703 468 1711 476 .
1975 456 2053 495 324.
2066 460 2086 487 1

1197 484 1381 529 Calvinus,
1408 489 1482 524 vide
1488 494 1632 535 Joannes
1648 495 1816 528 Calvinus.

1198 535 1362 571 Canonici
1372 538 1490 574 debent
1501 553 1716 578 communem
1729 545 1831 579 vitam
1841 545 1951 581 vivere
1961 573 1969 580 .
1995 549 2047 596 36.
2065 549 2089 584 1'

1248 586 1414 622 Rationes
1440 602 1498 624 cur
1523 593 1678 628 Romana
1705 594 1847 630 Ecclefia
1871 609 2087 636 communem

1248 637 1456 674 Clericorum
1471 641 1571 677 vitam
1583 643 1665 677 adeo
1678 647 1880 687 promoverit
1891 672 1899 680 .
1947 674 1949 677 .
1989 652 2045 695 36.
2059 662 2083 687 2

1197 685 1447 724 Canonicorum
1478 690 1724 728 Pistavien'fium
1745 698 1913 738 praetenfio
1931 699 2084 733 adversus

1248 737 1427 775 Ecclesiam
1442 742 1549 777 Sancti
1560 743 1682 778 Hilarii
1696 768 1704 777 .
1729 743 1782 782 28.
1795 755 1832 780 2.
1843 747 1899 783 An
1914 748 1998 783 bene
2011 749 2085 783 fun·

1245 785 1343 823 data?
1991 806 2046 846 29.
2063 809 2081 835 1

1197 837 1362 874 Canonici
1376 841 1557 888 Regulares
1567 856 1727 890 magnum
1739 845 1775 881 in
1787 847 1929 883 Ecclefia
1941 851 2083 884 frustum

1247 889 1399 925 adferunt
1412 916 1419 924 .
1990 909 2047 946 37.
2062 909 2085 933 ι·

1198 937 1386 974 Cardinalis
1426 942 1599 986 antiquum
1620 946 1830 991 privilegium
1856 948 2019 993 Religiofi
2038 959 2082 982 ex

1248 989 1455 1026 Monasterio
1467 991 1685 1034 extrahendi,
1710 997 1895 1033 &insuam
1917 999 2084 1033 familiam

1248 1040 1404 1075 referendi
1417 1067 1423 1073 .
1964 1050 2046 1094 238.
2058 1060 2086 1085 2,

1198 1088 1430 1126 Cardinalium
1443 1092 1686 1137 Episcoporum
1700 1094 1734 1128 in
1746 1096 1801 1129 sua
1816 1095 2029 1140 inscriptione
2039 1099 2082 1132 ad

1247 1141 1382 1176 Clerum
1397 1143 1591 1178 Romanum
1606 1156 1674 1178 non
1686 1145 1840 1179 meminit
1852 1147 2081 1190 scyprianus.

1247 1202 1360 1239 272.1.
1379 1193 1506 1227 Eorum
1519 1195 1692 1229 inClerum
1707 1195 1899 1231 Romanum
1907 1195 2083 1240 adscriptio

1247 1243 1376 1276 videtur
1387 1254 1455 1277 non
1467 1245 1530 1278 effe
1540 1244 1581 1278 ab
1594 1245 1776 1289 Apostolis,
1787 1244 1842 1280 sed
1852 1246 1870 1279 ὲ
1885 1247 2003 1282 Sancto
2011 1247 2085 1290 Syl-

1248 1292 1355 1326 vestro
1369 1318 1376 1325 .
1387 1303 1465 1341 272.
1481 1306 1512 1330 2:
1529 1294 1567 1327 In
1580 1295 1740 1330 Romanae
1752 1295 1933 1332 Provinciae
1943 1297 2082 1342 synodo

1247 1342 1375 1377 dudum
1388 1354 1456 1378 non
1470 1342 1652 1379 habuerunt
1665 1345 1851 1391 digniorem
1872 1346 1984 1383 locum
2005 1357 2082 1381 ante

1246 1392 1329 1427 alios
1351 1393 1660 1437 Comprovinciales
1679 1392 1860 1440 Episcopos
1883 1421 1895 1438 ,
1928 1397 1980 1432 sed
2003 1408 2085 1433 cum

1248 1442 1319 1485 ipfis
1347 1444 1496 1479 sederunt
1523 1444 1615 1487 juxta
1643 1446 1911 1483 Consecrationis
1932 1457 2058 1483 aetatem
2070 1472 2082 1488 ,

1247 1494 1349 1527 etiam
1373 1494 1559 1530 Hostienfis
1581 1496 1761 1540 Episcopus
1779 1522 1786 1529 .
1997 1497 2076 1532 ibid.

1197 1541 1388 1625 Cardi‘nales
1404 1545 1485 1579 olim
1497 1545 1764 1591 Archiepiscopis
1775 1549 1807 1582 &
1818 1548 1986 1593 Episcopis
1997 1548 2082 1593 post-

1210 1604 1213 1606 ·
1246 1604 1288 1636 po
1302 1605 1356 1628 ιιι.
1962 1611 1982 1635 2
2015 1611 2041 1635 1-
2056 1602 2081 1635 1'

1197 1643 1390 1680 Cardinales
1415 1654 1563 1692 ternpore
1583 1647 1738 1692 Gregorii
1764 1648 1838 1683 vn.
1859 1659 1950 1682 erant
1967 1610 2078 1682 natra-

1245 1705 1270 1728 tr
1284 1720 1291 1727 .
1967 1707 1987 1742 3
1996 1708 2042 1743 34
2052 1708 2076 1731 2

1180 1743 1421 1784 vCat-dinalium
1445 1747 1692 1782 translationem
1717 1747 1848 1780 nonnifi
1869 1745 1939 1788 post
1959 1747 2082 1780 exstin-

1238 1794 1329 1841 ⁴&um
1354 1796 1600 1829 Clementinum
1612 1796 1745 1830 schisma
1773 1796 1899 1830 admilit
1922 1795 2077 1831 Romana

1239 1842 1411 1878 Ecclesia.
1948 1857 2023 1893 127-
2059 1857 2077 1883 1.

1181 1893 1334 1927 'Carolus
1348 1894 1463 1929 Audax
1478 1896 1496 1930 a
1511 1898 1569 1930 suo
1582 1895 1763 1931 domestico
1774 1895 1967 1939 Presbytero
1981 1897 2078 1930 bene-

1242 1942 1416 1977 dictionem
1429 1946 1576 1987 quetidie
1585 1946 1675 1979 flexis
1686 1947 1822 1989 genibus
1832 1947 1969 1988 petebat.
1981 1957 2078 1993 243ae

1192 1991 1333 2026 Carolus
1345 1994 1515 2027 Martellus
1529 1994 1744 2027 Ecclefiarurn
1757 2019 1767 2033 ,
1800 2006 1837 2027 ac
1857 1996 2078 2029 Monasterio-

1242 2053 1313 2075 rum
1327 2041 1413 2076 bo'na
1426 2042 1586 2076 militibus
1597 2044 1660 2076 suis
1680 2044 1713 2076 in
1737 2043 1931 2077 beneficium
1954 2044 2080 2078 donare

1241 2093 1358 2134 coepit.
1387 2092 1440 2138 64.
1458 2102 1485 2127 1.
1497 2094 1605 2135 Ipsum
1625 2094 1746 2126 idcirco
1759 2106 1833 2127 curn
1847 2095 1955 2127 anima
1966 2094 1999 2128 &
2009 2106 2080 2130 cor-

1246 2153 1323 2185 pore
1335 2143 1366 2175 in
1381 2144 1542 2187 perpetuis
1565 2143 1730 2188 gebennis
1755 2145 1921 2178 ardentem
1945 2145 2027 2179 vidit
2045 2147 2079 2181 S.

1246 2191 1426 2227 Eucherius
1444 2193 1682 2227 Aurelianensis
1696 2195 1876 2238 Episcopus
1887 2218 1894 2225 .
1996 2196 2078 2230 ibid.

1194 2242 1460 2287 Carthaginensis
1475 2245 1652 2287 Episcopus
1664 2244 1708 2277 est
1719 2244 1854 2285 Primas,
1867 2253 1964 2288 atque
1979 2245 2080 2280 Exar-

1243 2292 1324 2326 chus
1338 2293 1438 2327 torius
1453 2295 1590 2327 Africae.
1962 2294 2042 2342 278.
2057 2310 2075 2335 1

1195 2343 1338 2377 Cencius
1366 2344 1598 2378 Romanorum
1622 2345 1860 2388 potentiffimus
1877 2345 2079 2389 Gregorium

1246 2392 1321 2426 VII.
1338 2396 1480 2438 graviter
1494 2394 1642 2429 vulnerat
1653 2419 1662 2426 .
1962 2405 2042 2441 324.
2057 2409 2075 2434 1

1198 2443 1340 2476 Censura
1357 2444 1574 2479 Ecclefiastica
1588 2468 1598 2484 ‚
1626 2444 1901 2489 quamvisinjusta
1914 2470 1926 2485 ,
1953 2447 2078 2492 sempet

1247 2494 1392 2528 timenda
1404 2520 1411 2527 .
1987 2508 2041 2545 59.
2058 2509 2074 2533 1

1198 2543 1416 2578 Censurarum
1432 2545 1636 2579 irreverentia
1648 2571 1658 2586 ‚
1672 2555 1769 2590 atque
1780 2544 1836 2579 sub
1855 2545 2017 2582 nullitatis
2029 2550 2078 2583 fu-

1247 2606 1288 2627 co
1301 2594 1457 2629 violentia
1467 2621 1477 2636 ,
1505 2595 1550 2630 est
1561 2606 1631 2629 vera
1646 2594 1784 2630 haerefis.
1965 2596 2039 2644 348.
2053 2612 2077 2637 2

1199 2645 1415 2679 Censurarum
1429 2657 1485 2688 pro
1496 2647 1643 2688 pecuniis
1654 2646 1817 2682 absolutio
1830 2644 2076 2693 damnata.98.2

1249 2694 1323 2729 vide
1335 2699 1609 2729 Excommunicatio
1621 2722 1627 2729 .

1201 2745 1414 2780 Charatzium
1428 2769 1438 2783 ‚
1464 2746 1542 2789 quid
1562 2747 1597 2780 sit
1619 2746 1740 2781 Turcis
1757 2749 1770 2781 ?
1798 2752 1917 2794 5²⁴6·
1933 2760 1963 2785 2·
1989 2747 2078 2782 Cha-

1250 2797 1341 2831 ratzii
1353 2798 1460 2829 auc'tio
1477 2821 1487 2837 ,
1513 2798 1547 2831 &
1561 2809 1614 2840 per
1625 2809 1721 2841 quem
1735 2798 1751 2830 ?
2013 2811 2042 2844 7.
2058 2809 2074 2834 1

1202 2846 1405 2881 Charismata
1419 2847 1545 2881 nonnifi
1560 2858 1650 2881 certo
1663 2859 1808 2890 tempore
1820 2847 1956 2882 durant.
1978 2860 2030 2893 17.
2049 2858 2074 2881 1.

1254 2895 1458 2944 Qtibusdam
1484 2899 1516 2930 in
1547 2898 1628 2931 locis
1658 2898 1831 2942 viguerunt
1854 2908 2001 2939 tempore
2022 2898 2076 2931 SS.

1252 2947 1667 2990 Chrysostomi&lrenaei:
1689 2947 1760 2982 lm&
1773 2949 1872 2981 etiam
1898 2948 2010 2982 nostro
2030 2949 2079 2982 sae-

1249 2999 1346 3032 culo.
1990 3009 2043 3045 17.
2057 3011 2081 3035 2

1201 3047 1353 3082 Charitas
1366 3050 1504 3091 perfecta
1518 3059 1584 3082 non
1600 3048 1771 3089 requiritur
1783 3072 1793 3088 ,
1805 3057 1841 3080 ut
1854 3047 1925 3090 quis
1938 3048 1973 3081 sit
1984 3059 2080 3090 aptus

1250 3100 1314 3133 Dei
1326 3109 1443 3144 regno.
1457 3109 1556 3145 311.1.
1571 3099 1719 3131 Maxime
1734 3098 1765 3131 id
1780 3109 1886 3131 verum
1902 3098 1932 3130 in
1944 3099 2082 3140 illis‚qui

1250 3148 1454 3192 baptizantur
1469 3160 1501 3181 in
1515 3151 1629 3182 mortis
1641 3150 1745 3188 exitu,
1758 3149 1902 3190 quicum
1918 3148 2008 3181 bono
2021 3150 2083 3182 La-

1248 3210 1342 3233 trone
1353 3200 1599 3233 audiunt:Hodie
1607 3210 1717 3231 mecum
1725 3205 1783 3231 eris
1794 3209 1826 3230 m
1832 3197 1984 3241 Paradzsb.
2001 3198 2081 3233 ibid.

1200 3249 1350 3284 Charitas
1360 3274 1370 3291 ,
1398 3260 1466 3292 quae
1486 3248 1596 3282 saltern
1620 3248 1733 3282 affestu
1764 3250 1798 3281 sit
1833 3257 1923 3290 luper
1945 3251 2058 3282 omnia
2070 3275 2085 3292 ,

1251 3301 1425 3344 requiritur
1438 3309 1473 3332 ut
1485 3300 1557 3343 quis
1581 3310 1756 3342 reponatur
1777 3300 1812 3331 in
1841 3298 1989 3332 divinam
2011 3310 2084 3342 gra-

1253 3352 1332 3383 tiam
1344 3375 1352 3382 .
1965 3358 2044 3393 215.
2063 3360 2079 3385 1

1253 3400 1342 3433 Vide
1355 3404 1475 3432 Attritio
1486 3424 1499 3439 ,
1526 3404 1671 3432 contritio
1684 3424 1694 3440 ‚
1722 3403 1906 3432 Poenitentia
1916 3422 1923 3428 .

1201 3452 1232 3486 S.
1246 3449 1475 3493 Chryrostomi
1487 3450 1526 3485 de
1544 3449 1747 3484 Eucharistia
1758 3450 1856 3483 fides.
1886 3458 1962 3495 193-
1981 3458 2009 3482 1-
2032 3448 2085 3481 In-

1952 3497 2041 3532 vehi-
