2352 3756
908 133 1476 185 CONc1L1UM.

272 239 422 268 nocentius
449 237 536 275 Papa
563 239 595 265 in
615 229 680 274 suis
697 228 901 264 Decretalibus
923 229 1066 261 mandat.
1096 226 1156 261 Af-

273 288 381 319 firmat
394 284 486 318 istam
499 284 674 317 clausulam
688 306 697 321 ,
710 292 777 314 non
791 280 830 313 ad
843 278 977 322 aliquod
988 278 1006 311 ἐ
1018 289 1157 322 quatuor

271 335 474 378 temporibus
486 359 495 372 ,
525 335 575 367 sed
590 330 629 364 ad
645 333 748 364 solum
760 331 914 363 omnium
929 339 1069 371 quatuor
1081 338 1157 361 tem·

274 398 391 429 porum
414 383 588 420 Sabbatum
600 383 661 416 esse
675 380 873 415 referendam
892 405 900 413 .
929 378 1012 413 Vult
1033 378 1074 412 ab
1102 378 1155 411 illa

275 437 406 475 sanciri,
420 446 455 468 ut
472 435 534 467 illae
548 434 696 467 Ecclefiae
706 443 796 475 ‚quae
807 428 951 463 Sabbatis
966 429 1076 471 passim
1088 440 1154 462 non

273 486 420 530 jejunant
434 510 444 525 ‚
468 484 612 527 jejunent
627 482 764 517 Sabbata
788 490 929 524 quatuor
950 489 1134 521 temporum
1148 503 1156 510 .

275 536 385 569 Remo
399 535 493 568 verba
507 535 560 567 illa
575 537 740 567 mutuatus
752 530 796 563 est
818 528 859 563 ab
887 529 1055 563 Amalario
1080 529 1156 562 For·

214 587 217 590 ’
274 595 411 625 tunam,
438 584 528 626 cujus
542 581 741 626 temporibus
759 581 910 614 Romana
937 579 1078 613 Ecclesia
1101 577 1156 612 ad-

275 635 339 669 huc
350 634 493 668 omnin&
504 634 647 667 servabat
659 633 830 673 antiquum
848 641 973 663 morem
984 653 993 661 .

327 685 478 718 Romana
491 683 577 717 cert&
601 683 742 717 Ecclefia
764 682 887 714 avitum
913 681 1006 713 suum
1029 688 1155 711 morem

273 746 350 769 ante
361 735 452 768 istam
465 732 635 776 synodum
650 744 716 764 non
731 731 888 764 mutavit.
908 728 1079 772 insigniter
1092 727 1156 760 hoc

275 786 474 818 demonstrat
483 783 598 817 Guido
611 783 722 816 Abbas
737 780 964 823 Micrologus:
994 781 1154 820 Gregorius

276 838 364 875 Papa
372 833 528 875 septimus,
536 843 601 865 cum
614 831 776 873 Apostolicae
785 831 852 861 Sedi
862 827 1044 868 pra-fideret,
1056 827 1152 867 consti·

275 892 332 916 tuit
344 893 375 915 ut
380 885 532 924 jejunium
545 906 555 921 ‚
566 883 648 923 quod
659 883 766 912 dicetur
782 882 905 916 Martii,
938 883 970 909 in
977 883 1077 918 prima
1088 876 1156 910 beb-

274 934 407 966 domada
429 929 674 976 ‚Quadraegefimae
697 935 813 961 omnino
835 928 1007 968 celebretur,
1029 927 1101 968 ficut
1120 929 1155 961 Θ

275 983 379 1016 sanc‘li
392 985 500 1015 Patres
520 982 596 1014 illud
604 979 751 1020 instituisse
762 981 897 1022 leguntur
908 1002 916 1009 .
931 982 1016 1009 Nam
1026 977 1154 1010 Sanctus

277 1037 431 1076 Gregorius
444 1035 532 1072 Papa
541 1036 659 1072 primus
673 1054 683 1068 ,
707 1034 809 1061 tamin
820 1030 1053 1060 sacramentario
1063 1030 1156 1069 quam

275 1090 306 1115 in
319 1082 468 1115 Graduali
478 1081 552 1114 libro
564 1104 574 1119 ,
582 1077 646 1123 sive
660 1077 874 1119 Antiphonario
887 1102 897 1117 ,
925 1079 1014 1119 officia
1025 1076 1093 1122 ejus
1087 1079 1154 1110 dem

270 1136 383 1176 Jejunii
395 1128 545 1174 adscripsit
553 1136 661 1170 primae
676 1127 932 1171 Quadragefimali
943 1126 1134 1160 bebdomadae
1145 1153 1151 1159 .

274 1188 350 1217 Item
362 1189 394 1215 in
406 1182 480 1214 libro
491 1185 616 1212 Comitis
625 1182 645 1212 5
646 1179 750 1211 amqus
763 1183 948 1216 Hieronymus
961 1177 1110 1209 LeHiones
1119 1178 1153 1210 ὁ·

273 1233 450 1276 Evangelia
463 1233 500 1264 de
510 1231 732 1270 eodemjejunto
743 1230 880 1267 injunxit
891 1228 986 1259 eidem
998 1225 1152 1259 hebdoma-

274 1286 323 1316 dae
335 1308 342 1315 .
357 1281 427 1325 Ipsa
435 1286 516 1314 enim
527 1290 639 1313 vacans
657 1282 808 1310 Dominica
819 1302 828 1317 ‚
842 1289 932 1320 quam
943 1276 1068 1310 sancius
1083 1280 1153 1322 Gre-

269 1344 373 1376 gorius
384 1338 415 1364 in
429 1328 668 1374 ‚Quadragefima
676 1326 835 1371 secundam
845 1327 897 1369 effe
909 1328 1002 1359 voluit
1014 1352 1023 1366 ,
1035 1328 1149 1359 eviden-

272 1384 371 1423 tiffime
385 1381 528 1423 infinum,
558 1380 638 1423 quod
652 1381 804 1419 jejunium
830 1381 940 1409 Martii
963 1375 1152 1409 nibilominus

272 1440 351 1465 omni
363 1443 443 1464 anno
451 1429 548 1473 ipsam
559 1436 591 1462 in
598 1434 702 1471 prima
713 1427 896 1460 bebdomada
914 1428 1084 1468 praecedere
1104 1428 1149 1459 de·

272 1483 342 1515 beat
355 1506 362 1514 .
390 1487 463 1514 Non
473 1486 551 1513 enim
564 1480 665 1513 eadem
679 1483 830 1510 Domintca
840 1478 959 1518 proprie
970 1488 1085 1509 vacans
1106 1478 1151 1508 di-

272 1541 383 1567 ceretur
397 1555 407 1571 ‚
413 1530 445 1572 fi
451 1541 507 1563 non
519 1529 680 1562 sabbatum
693 1528 841 1560 duodecim
858 1526 1027 1559 Lec‘lionum
1038 1529 1053 1559 ἐ
1067 1526 1152 1565 vesti-

267 1590 318 1626 gio
327 1582 548 1625 subſsqueretur
558 1604 569 1620 ‚
592 1580 669 1621 quod
672 1584 827 1620 proprium
840 1576 877 1616 est
885 1583 1012 1609 omnium
1023 1578 1151 1609 Domini-

270 1644 374 1665 carum
382 1635 559 1663 uacantium
569 1654 581 1669 ,
606 1640 673 1670 quae
683 1629 749 1660 cum
758 1633 879 1668 proprio
898 1635 1020 1660 careant
1044 1628 1133 1668 officio
1141 1652 1151 1667 ,

270 1695 309 1716 ex
317 1680 502 1722 praecedenti
512 1677 700 1711 bebdomada
713 1677 907 1717 inofficiantur
916 1702 925 1709 .
946 1677 1029 1708 Unde
1043 1678 1077 1709 (J
1088 1676 1152 1708 baec

273 1734 426 1763 Dominica
439 1754 448 1767 ‚
462 1730 498 1761 de
511 1739 568 1770 qua
579 1733 694 1770 agimus
706 1750 715 1766 ,
728 1737 766 1759 ex
779 1733 886 1767 quarta
890 1725 976 1766 feria
982 1726 1152 1765 praeceden-

271 1789 296 1814 ti
303 1781 418 1821 jejunii
431 1778 563 1818 Officium
572 1768 726 1808 mutuaa'sit
740 1799 748 1806 .
775 1775 895 1817 Necesse
908 1774 946 1813 est
959 1776 1024 1817 ergb
1036 1798 1046 1813 ‚
1071 1784 1104 1805 ut
1112 1776 1150 1807 il-

270 1833 328 1864 lud
335 1831 417 1862 illam
424 1828 577 1870 praecedat
587 1849 597 1866 ,
608 1837 671 1857 cum
683 1835 739 1857 non
751 1825 886 1862 aliunde,
900 1821 997 1863 nisiex
1010 1825 1074 1862 ejus
1083 1831 1151 1864 pre-

271 1881 380 1919 ceffione
392 1879 496 1911 eadem
507 1879 664 1909 Dominica
685 1884 787 1907 nomen
804 1876 838 1907 (τ
858 1874 978 1914 officium
1000 1872 1130 1905 obtineat
1142 1898 1148 1905 .

269 1932 331 1963 sed
337 1929 477 1968 &junior
491 1929 578 1967 Papa
590 1928 762 1965 Gregorius,
771 1921 906 1964 scribens
919 1923 955 1953 de
965 1922 1149 1953 ordinatione

268 1979 373 2014 sam‘li
385 1974 537 2017 Bonifacii
549 1971 756 2016 Arcbiepiscopi
766 1973 809 2004 ad
820 1968 1149 2014 Moguntiacensesspre-

269 2034 347 2071 cepit
357 2037 388 2060 ut
400 2027 548 2058 ordinatio
558 2048 568 2063 ‚
582 2034 648 2064 quae
656 2024 771 2063 jejunio
785 2025 890 2052 Martii
903 2019 1082 2061 adscribitur
1094 2045 1106 2060 ,
1116 2027 1148 2053 in

269 2078 394 2122 ingressu
409 2070 649 2118 ,Quadragefimae
659 2081 722 2103 cum
734 2072 832 2103 eodem
843 2071 960 2110 jejunio
971 2067 1088 2111 semper
1108 2081 1147 2103 ce-

269 2129 393 2162 lebretur
407 2151 413 2158 .
427 2124 616 2163 Beatiffimus
629 2132 740 2163 quoque
753 2124 841 2161 Papa
854 2122 912 2152 Leo
922 2125 1038 2159 primus
1048 2124 1079 2150 in
1086 2118 1148 2161 Jer-

268 2189 351 2211 mone
361 2178 397 2210 de
401 2177 522 2217 jejunio
526 2170 647 2217 septimi
659 2168 759 2209 menlt‘s
770 2195 780 2211 ,
799 2180 923 2202 vernum
937 2176 970 2200 in
983 2171 1147 2212 quadrage·

262 2228 339 2271 fima
350 2251 360 2266 ‚
388 2225 522 2265 aesttvum
541 2229 573 2256 t'n
588 2220 749 2259 Pentecoste
761 2243 771 2259 ,
799 2219 1012 2252 autumnalem
1020 2217 1147 2261 septimo

267 2275 366 2319 mense
377 2274 579 2308 celebrandum
589 2272 638 2315 effe
653 2272 846 2303 denuntiavit
862 2273 954 2302 ‚Item
966 2271 1079 2301 Beatus
1092 2272 1146 2302 Ge-

267 2326 353 2368 lafius
369 2328 497 2365 Papam
509 2319 711 2356 Decretalt'bus
719 2318 744 2362 s
739 2325 783 2351 uis
790 2318 932 2358 constituit
945 2343 955 2358 ,
980 2328 1014 2351 ut
1026 2320 1145 2351 ordina-

268 2384 361 2410 tiones
376 2374 609 2410 Presbyterorum
630 2373 664 2405 65
687 2374 881 2402 Diaconorum
904 2381 962 2401 non
987 2367 1042 2409 nisi*
1056 2374 1144 2402 certis

269 2424 444 2467 temporibus
453 2423 533 2464 fiant
541 2445 552 2461 ,
562 2427 671 2464 quippe
683 2426 715 2453 in
719 2421 837 2460 jejunio
846 2425 962 2461 quarti,
973 2419 1006 2451 Θ
1011 2416 1146 2460 septimi,

269 2479 304 2511 ά·
314 2477 419 2509 decimi
431 2470 531 2512 menfis
546 2496 555 2512 ,
565 2471 598 2503 id
608 2470 645 2511 est
650 2474 680 2515 J
685 2474 747 2504 unii
758 2494 768 2509 ,
779 2469 958 2510 Septembris
968 2493 978 2508 ,
990 2476 1078 2510 atque
1091 2471 1143 2501 De·
1157 2480 1161 2502 ι

269 2525 393 2559 cambris
406 2547 416 2563 ,
427 2534 476 2555 nec
489 2534 543 2554 non
556 2518 827 2564 ‚Quadragefimalis
834 2520 948 2562 jejunii
959 2523 1055 2558 initio,
1066 2519 1147 2560 quod

264 2576 368 2619 procul
377 2572 464 2607 dubio
474 2576 580 2604 Martii
600 2571 791 2612 intelligitur.
825 2566 949 2609 Videsne
972 2579 1038 2610 ergo
1049 2590 1059 2606 ,
1082 2579 1145 2600 cum

268 2626 372 2667 aperte
382 2624 615 2663 idemjejunium
625 2631 688 2652 cum
698 2620 881 2651 ordinatione
886 2617 944 2660 sua
953 2622 1050 2658 prime
1061 2620 1146 2661 ‚Qua-

269 2674 452 2719 dragefimali
462 2671 654 2705 hebdomada·
667 2666 915 2711 adfi·ribatur‚cur
926 2676 988 2699 tam
993 2666 1145 2710 signanter

269 2722 541 2769 ,Quadragefimalis
552 2725 631 2752 initii
643 2721 796 2760 jejunium
818 2723 1032 2760 cognominetur
1045 2718 1058 2750 ?
1086 2724 1146 2752 Hoc

266 2786 366 2809 autem
376 2779 493 2806 initium
506 2767 746 2814 ,Quadragesi'mae
758 2780 815 2801 non
828 2770 847 2800 ἆ
858 2773 953 2809 capite
959 2764 1146 2809 jejunii‚sed

267 2828 287 2857 a?
296 2823 483 2867 subsequenti
494 2825 646 2854 Dominica
656 2819 694 2860 est
703 2818 948 2860 computandum.
962 2818 1090 2850 Nullum
1096 2829 1142 2850 au—

267 2888 328 2908 tem
340 2881 529 2910 commoveat,
536 2871 617 2914 quod
626 2879 752 2911 tempore
760 2871 878 2902 Henrici
885 2866 1007 2910 secundi
1017 2871 1147 2908 Impera.

267 2925 502 2964 toris,duodecim
514 2919 654 2963 Episcopi
663 2923 821 2963 Moguntiae
831 2923 995 2961 congregati
1007 2919 1094 2950 aliter
1106 2920 1143 2952 de

267 2975 317 3007 boc
319 2976 435 3015 jejunio
436 2971 565 3014 statuisse
574 2972 711 3014 leguntur
719 2995 726 3001 .
739 2973 814 3000 Cum
822 2974 900 3001 enim
911 2969 995 3008 apud
1002 2964 1078 3010 ipsos
1086 2980 1142 3002 non

266 3025 380 3056 modica
391 3028 526 3056 varietas
538 3022 574 3054 de
585 3018 751 3062 hujusmodi
767 3020 900 3060 jejuniis
921 3018 1064 3050 accideret
1075 3042 1086 3058 ,
1110 3023 1142 3053 ee,

266 3074 349 3115 quad
356 3077 511 3114 antiquam
519 3069 543 3112 s
538 3071 689 3103 anctorum
701 3071 830 3101 Patrum
841 3068 1034 3100 traditionem
1046 3073 1077 3099 in
1088 3068 1141 3103 bac

265 3124 403 3156 reminus
413 3122 605 3154 attenderent
618 3143 628 3158 ,
636 3128 692 3161 pro
703 3117 871 3161 hujusmodi
883 3115 1040 3158 confusione
1054 3126 1138 3153 corr1.

260 3175 362 3217 ganda
371 3171 448 3204 hanc
459 3171 511 3213 fibi
522 3170 654 3212 regulam
660 3168 871 3211 proposuerunt
883 3191 892 3205 ,
917 3176 953 3200 ut
959 3167 1092 3210 deinceps
1106 3176 1138 3203 in

260 3231 363 3266 prima
376 3230 485 3263 quarta
490 3219 575 3260 feria
587 3221 706 3257 MartII,
719 3219 752 3251 (5
766 3224 797 3250 in
804 3217 936 3261 secunda
940 3220 971 3261 J
975 3223 1048 3256 unii,
1062 3221 1095 3252 ὰ
1105 3226 1135 3252 ιη

263 3280 355 3307 tertia
366 3274 385 3304 5
387 3270 544 3313 eptembris
554 3291 565 3307 ‚
577 3273 654 3301 omni
667 3280 745 3300 anno
748 3269 924 3307 jejunarent
936 3291 942 3297 .
957 3269 976 3299 5
977 3269 1017 3299 ed
1026 3267 1085 3300 baec
1095 3281 1136 3302 re·

258 3325 332 3367 gula
348 3322 511 3364 apostolica
527 3318 705 3352 authoritati
713 3318 912 3358 praejudicare
925 3327 976 3349 nec
983 3318 1072 3358 potest
1087 3332 1134 3353 nec

261 3375 363 3406 debet.
394 3369 567 3412 PraesertIm
587 3379 652 3400 cum
662 3368 871 3406 evidentzffime
883 3368 1013 3399 Statutis
1023 3367 1134 3409 sando-

260 3433 326 3455 rum
340 3425 463 3455 Parvum
477 3420 615 3454 videatur
628 3426 807 3461 repugnare.
829 3419 859 3451 5i
870 3419 1132 3459 enimpraedu‘lam

1941 160 2029 205 355

1220 228 1348 271 regulam
1358 232 1516 258 annuatim
1526 227 1727 273 observamus,
1738 234 1882 267 multoties
1896 245 1952 267 non
1958 233 1982 276 s
1978 236 2051 267 olum
2063 242 2095 268 in

1222 274 1457 322 Quadragefima
1467 300 1477 315 ‚
1494 274 1520 318 s
1514 278 1553 308 ed
1562 284 1653 310 etiam
1663 291 1731 314 ante
1742 282 2095 328 ,Quadragest‘mamjeju-

1223 328 1360 360 nabimus
1374 352 1381 358 .
1401 329 1479 358 Cum
1492 327 1527 359 ὁ*
1537 329 1658 359 statuta
1668 331 1882 369 Apostolicorum
1896 341 2027 367 virorum
2039 359 2050 374 ,
2063 336 2097 368 (Ὗ

1222 379 1377 420 officiorum
1387 375 1526 416 institutio
1535 377 1613 410 illud
1625 377 1709 418 infra
1731 381 1993 425 ‚Quadragest'mam
2006 408 2016 422 ,
2043 390 2095 416 im-

1223 430 1269 460 mo
1280 434 1313 459 in
1317 434 1420 468 prima
1429 426 1674 470 ‚Quadragefimae
1676 426 1845 470 septimana
1853 431 1965 473 semper
1975 434 2095 467 celebra-

1221 490 1253 511 re
1272 479 1432 510 decernant
1444 502 1451 509 .
1482 478 1697 511 Indubitanter
1722 489 1789 521 ergo
1806 478 1939 519 refutare
1959 483 2095 517 debemus

1222 529 1372 570 quidquid
1382 537 1447 560 tam
1468 529 1625 561 evidenter
1649 527 1812 570 Apostolicae
1835 528 2011 562 authoritati
2031 543 2093 566 con.

1221 583 1315 611 traire
1334 578 1473 611 videmus
1485 600 1496 615 ,
1519 580 1598 612 unde
1622 584 1712 611 totius
1735 577 1915 618 Christiana·
1937 580 2093 624 Religionis

1221 629 1255 661 Co*
1267 629 1379 661 ordinis
1388 628 1543 660 exordium
1554 627 1728 670 &fhrmam
1739 633 1904 671 accepimus
1913 653 1922 661 .
1949 629 1994 663 Et
2015 630 2097 666 Gui-

1222 678 1266 712 do
1279 677 1345 711 haec
1359 677 1500 720 pluribus
1510 678 1700 712 confirmat.

1271 726 1374 774 Qudd
1387 728 1490 772 longo
1512 728 1589 762 item
1611 737 1756 771 tempore
1778 727 1932 764 Romana
1953 728 2098 765 Ecclesia

1223 778 1293 812 secu
1300 779 1399 811 ndum
1410 788 1549 822 quatuor
1558 788 1741 822 temporum
1751 778 1910 821 jejunium
1918 779 2099 815 celebrave-

1221 828 1262 862 rit
1277 828 1310 861 in
1325 828 1530 862 pentecostes
1541 826 1745 863 hebdomada
1757 853 1768 868 ,
1794 828 1881 862 idem
1892 823 2025 873 scriptur
2043 829 2097 865 de-

1222 878 1401 912 monstrat:
1429 879 1615 918 Beatiffimus
1628 882 1689 912 Leo
1699 881 1788 921 Papa
1798 883 1829 911 in
1839 878 1914 912 libro
1927 878 2094 922 sermonum

1221 934 1323 970 quarti
1330 927 1433 970 mensis
1436 931 1589 969 jejunium
1601 940 1658 962 non
1665 928 1909 970 nifibebdomada
1917 929 2096 969 Pentecoste:
2111 915 2186 954 cap·
2204 923 2251 952 ²5·

1220 978 1427 1011 celebrandum
1435 980 1486 1021 effe
1497 980 1701 1013 denuncIavit.
1721 982 1788 1013 Nec
1799 978 1850 1012 boc
1861 987 1982 1012 tantum
1993 984 2025 1012 itt
2037 990 2096 1012 uno

1216 1026 1349 1070 sermone
1358 1026 1427 1070 ,sed
1433 1033 1466 1061 in
1473 1029 1610 1071 pluribus
1620 1053 1631 1069 ,
1643 1041 1714 1071 quos
1727 1031 1766 1062 de
1777 1028 1939 1070 Pentecoste
1949 1035 1981 1062 in
1991 1030 2096 1063 diver-

1215 1076 1255 1118 fis
1268 1084 1356 1110 annis
1362 1078 1460 1121 ficiffe'
1469 1080 1576 1122 legitur
1587 1102 1594 1111 .
1615 1079 1661 1112 lbi
1670 1084 1750 1113 enim
1758 1080 1967 1119 evidenttffime
1973 1080 2095 1113 docetur

1221 1127 1415 1169 exApostolica
1425 1130 1588 1162 traditione
1594 1128 1686 1170 hujus
1690 1132 1803 1170 jejunii
1810 1127 2032 1172 observantiam
2044 1131 2096 1164 de·

1217 1176 1356 1220 scendere
1369 1202 1380 1218 ‚
1394 1189 1445 1210 nec
1455 1177 1587 1220 divisam
1598 1203 1610 1218 ,
1617 1178 1672 1220 sed
1678 1184 1846 1212 continuam
1851 1177 1915 1221 pist
1925 1180 2006 1212 diem
2016 1185 2094 1215 Pen-

1220 1226 1330 1266 tecostes
1344 1228 1486 1260 celebrari
1496 1227 1598 1260 debere
1607 1253 1614 1260 .
1633 1230 1653 1260 5
1654 1230 1694 1261 ed
1711 1240 1748 1261 ne
1769 1230 1880 1272 aliquis
1900 1239 1968 1262 eum
1983 1228 2035 1262 boc
2055 1231 2094 1263 de

1221 1276 1596 1321 QuadragefimaliJeJunio
1606 1301 1616 1317 ,
1629 1279 1709 1320 quod
1711 1278 1774 1320 post
1782 1278 1964 1319 Pentecosten
1972 1285 2070 1323 agitur
2079 1304 2093 1321 ,

1222 1339 1279 1359 non
1289 1328 1326 1360 de
1330 1329 1446 1369 jejunio
1454 1333 1555 1369 quarti
1565 1327 1666 1369 mensis
1671 1328 1838 1372 praecepisse
1844 1336 1971 1370 putaret
1978 1353 1989 1369 ,
1995 1327 2095 1372 subse-

1221 1386 1343 1418 quenter
1355 1378 1532 1410 decernendo
1544 1379 1681 1411 admonet
1690 1404 1700 1420 ,
1713 1386 1744 1411 ut
1755 1377 1841 1420 infra
1853 1379 1975 1411 eandem
1986 1378 2095 1412 bebdo-

1218 1428 1342 1459 madam
1351 1437 1461 1469 quarta
1469 1425 1599 1470 &Ji-xta
1604 1427 1688 1470 feria
1693 1430 1847 1470 jejunetur
1856 1453 1867 1469 ‚
1894 1428 1929 1462 (5
1938 1433 1971 1460 in
1980 1428 2096 1463 sabba-

1219 1476 1269 1509 tho
1278 1478 1361 1518 apud
1371 1476 1509 1510 sanarum
1522 1480 1644 1517 Petrum
1655 1481 1767 1522 vigiliae
1777 1478 1960 1511 celebrentur
1971 1502 1979 1510 .
1991 1480 2094 1521 „Quem

1218 1528 1449 1560 denuntiationis
1462 1529 1580 1560 modum
1587 1530 1667 1570 pene
1678 1534 1710 1561 in
1721 1526 1854 1561 omnibus
1873 1525 1937 1570 fitis
1952 1526 2094 1570 sermoni·

1218 1577 1272 1609 bus
1282 1577 1419 1615 obtinuit,
1428 1579 1619 1618 cumjejuma
1630 1582 1756 1620 quatuor
1764 1586 1928 1619 temporum
1938 1579 2094 1612 denuntia-

1217 1637 1263 1659 ret
1274 1653 1281 1659 .
1296 1632 1382 1660 Nam
1394 1628 1447 1660 illa
1458 1627 1691 1671 ,Quadragefima
1701 1627 1763 1670 post
1771 1627 1957 1668 Pentecosten
1969 1640 2027 1661 non
2036 1640 2095 1661 om·

1217 1676 1314 1715 nibus,
1327 1687 1359 1710 ut
1371 1676 1421 1710 hoc
1428 1680 1578 1718 jejunium
1587 1702 1598 1718 ,
1608 1675 1666 1720 sed
1667 1677 1740 1721 solis
1746 1677 1962 1719 poenitentibus
1972 1683 2096 1720 imponi-

1217 1734 1281 1757 tur.
1295 1730 1362 1757 Nec
1372 1725 1425 1758 boc
1437 1728 1559 1759 tantum
1569 1728 1673 1760 triduo
1681 1727 1768 1769 infra
1782 1727 1966 1767 Pentecosten
1980 1752 1990 1769 ,
1997 1727 2054 1771 sed
2060 1734 2094 1760 in

1216 1774 1347 1806 omnibus
1360 1776 1473 1807 triduis
1482 1799 1493 1815 ,
1505 1776 1560 1808 vel
1566 1781 1657 1808 etiam
1667 1775 1766 1810 diebus
1773 1775 1831 1819 sex
1841 1776 2097 1810 hebdomadarum

1215 1823 1347 1863 custodiri
1366 1824 1490 1862 jubetur
1499 1850 1506 1856 .
1536 1828 1691 1858 Praeterea
1717 1827 1797 1859 idem
1819 1831 1870 1859 vir
1880 1825 2053 1868 apostolicus
2061 1832 2096 1860 tn

1210 1871 1344 1914 sermone
1356 1874 1393 1905 de
1401 1875 1517 1914 jejunio
1530 1872 1651 1916 J'eptimi
1661 1875 1764 1916 mensis
1788 1880 1887 1918 inquit
1901 1888 1909 1906 τ
1928 1880 1960 1920 J
1963 1878 2096 1916 ejuniam

1216 1933 1341 1954 vernum
1353 1928 1384 1954 in
1398 1922 1631 1967 ‚Quadragefima
1640 1949 1649 1964 ,
1661 1925 1801 1965 aesst'vum
1809 1931 1843 1958 in
1857 1926 2031 1966 Pentecoste,
2042 1939 2095 1961 au-

1213 1972 1347 2004 tumnale
1359 1977 1391 2004 in
1399 1971 1521 2014 septimo
1535 1972 1631 2016 mense
1640 1975 1829 2007 celebremus.
1854 1974 1909 2007 Ubi
1919 1977 2096 2017 evidentiffi.

1213 2023 1259 2054 me?
1267 2023 1426 2062 judicavit
1434 2024 1585 2063 jejunium
1598 2029 1696 2064 quarti
1707 2023 1810 2064 mensis
1824 2023 1975 2065 nonnifitn
1988 2025 2095 2059 bebdo-

1212 2073 1304 2102 mada
1317 2071 1497 2110 Pentecostes
1513 2072 1564 2115 effe
1580 2073 1783 2106 celebrandum
1797 2099 1804 2105 .
1830 2075 1862 2106 si
1882 2079 1963 2107 enim
1972 2074 2051 2116 istud
2060 2081 2094 2108 in

1204 2122 1236 2163 J
1239 2124 1307 2151 unio
1319 2118 1413 2161 mense
1425 2143 1435 2159 ‚
1442 2119 1514 2160 ficut
1525 2131 1579 2153 aut
1589 2124 1762 2156 autumnale
1771 2129 1805 2155 in
1814 2123 1998 2164 septembri,
2015 2123 2097 2167 sem.

1207 2178 1263 2210 per
1278 2170 1482 2209 jejunandum
1503 2171 1705 2204 decerneretur
1720 2195 1734 2211 ,
1759 2183 1818 2203 non
1843 2174 1940 2204 minus
1955 2178 1988 2217 J
1990 2180 2092 2208 unium

1211 2220 1302 2260 quam
1313 2220 1511 2260 Septembrem
1523 2226 1673 2253 nominare
1677 2221 1764 2263 posset
1777 2245 1783 2252 .
1805 2223 1887 2264 Ergo
1902 2223 2001 2262 juxta
2020 2223 2091 2266 sen·

1211 2275 1336 2301 tentiam
1347 2268 1438 2309 hujus
1453 2269 1598 2310 apostonci
1608 2295 1618 2309 ,
1639 2269 1711 2311 ficut
1734 2272 1907 2304 autumnale
1926 2270 2043 2315 semper
2053 2281 2089 2308 iu

1214 2321 1232 2351 5
1234 2319 1386 2360 eptembri,
1398 2325 1443 2351 ita
1455 2319 1588 2360 aestivum
1601 2326 1632 2352 in
1645 2319 1807 2361 Pentecoste
1812 2319 1931 2363 semper
1943 2324 2088 2358 celebrare

1212 2369 1364 2403 debemus.
1380 2370 1421 2402 Et
1435 2368 1522 2403 hunc
1534 2381 1658 2403 morem
1669 2371 1768 2404 etiam
1778 2370 1988 2414 posteriorum
2002 2373 2089 2408 Pon·

1212 2419 1339 2452 tificum
1351 2418 1549 2453 authoritate
1560 2421 1733 2454 confirmat
1752 2446 1762 2461 ,
1778 2431 1874 2462 atque
1885 2422 1929 2456 ita
1942 2422 2086 2459 ostendit

1211 2468 1334 2502 dudum
1347 2493 1357 2508 ,
1368 2470 1470 2503 etiarn
1481 2470 1552 2513 post
1564 2468 1720 2514 Riculphi
1731 2472 1903 2514 Synodum
1914 2496 1925 2512 ,
1948 2474 2084 2517 viguisse

1210 2519 1243 2550 in
1258 2518 1409 2553 Romana
1424 2520 1566 2555 Ecclefia
1578 2546 1585 2552 .
1987 2524 1991 2529 '

1258 2569 1406 2616 Qaestio
1418 2569 1519 2612 prima
1529 2570 1590 2610 est,
1602 2570 1658 2604 An
1670 2570 1820 2606 Romana
1832 2573 1971 2609 Ecclesia
1984 2574 2082 2612 istum

1210 2629 1332 2651 morem
1348 2628 1512 2660 nunquam
1525 2621 1656 2654 mutarit
1667 2632 1705 2654 ac
1717 2622 1942 2658 intermiserit?
1951 2624 2080 2662 Partem

1208 2668 1432 2701 affirmativam
1454 2669 1590 2703 suadent
1614 2670 1750 2705 adducta
1771 2672 1938 2707 Gnidonis
1959 2675 2075 2711 verba:

1209 2721 1367 2760 Gregorius
1379 2721 1466 2760 Papa
1476 2717 1624 2762 septi‘mus
1635 2744 1646 2761 ,
1671 2732 1735 2754 cum
1748 2722 1910 2764 apostolica
1918 2726 1987 2758 Sedt
1997 2734 2080 2767 prae-

1201 2766 1308 2808 fideret
1319 2791 1329 2807 ,
1339 2767 1485 2808 constituit
1497 2779 1531 2802 ut
1539 2771 1710 2811 jejunium,
1736 2774 1817 2813 quod
1827 2775 1938 2807 dicitur
1948 2778 2078 2816 Martii,

1207 2824 1239 2850 in
1246 2823 1348 2859 prima
1359 2817 1543 2851 bebdomada
1553 2820 1795 2864 ,Quadragefimae
1812 2831 1891 2856 omni
1913 2836 1993 2857 anno
2012 2827 2079 2859 cele-

1206 2868 1315 2905 bretur,
1325 2867 1392 2906 licut
1402 2870 1436 2902 (Ὗ
1446 2869 1547 2902 saneti
1559 2872 1666 2903 Patres
1679 2872 1757 2905 illud
1765 2872 1910 2916 institutffe
1921 2875 2056 2918 leguntur
2066 2902 2074 2908 .

1206 2917 1249 2951 Et
1263 2918 1344 2950 infra
1357 2917 1465 2952 scribit
1479 2919 1566 2953 idem
1577 2919 1692 2954 Guido
1707 2933 1714 2952 :
1744 2925 1902 2965 Gregorius
1927 2928 2013 2964 Papa
2027 2920 2075 2967 Je-

1200 2974 1312 3009 ptimus
1324 2967 1468 3008 constituit
1478 2978 1512 3002 ut
1525 2969 1656 3009 estivale
1659 2972 1810 3011 jejunium
1832 2972 1915 3014 infra
1929 2975 2074 3007 octavam

1205 3017 1379 3056 Pentecostes
1407 3024 1564 3052 annuatim
1585 3020 1779 3054 celebraretur
1789 3047 1797 3055 .
1827 3022 1924 3056 Certe
1946 3023 2071 3067 Grego-

1203 3068 1267 3101 rius
1278 3079 1345 3101 non
1359 3069 1487 3102 tanturn
1501 3081 1559 3112 pto
1582 3071 1777 3104 Germanica
1799 3082 1855 3105 aut
1877 3071 2070 3114 Gallicana,

1203 3118 1255 3151 sed
1265 3116 1362 3151 etiam
1374 3129 1431 3161 pro
1444 3119 1569 3160 Italica,
1579 3132 1618 3154 ac
1629 3122 1695 3163 ipsa
1707 3121 1859 3154 Romana
1872 3121 2010 3156 Ecclesia
2024 3124 2069 3157 vi-

1201 3167 1292 3201 detur
1317 3168 1454 3202 sanxisse
1464 3193 1471 3200 .
1501 3169 1543 3203 Et
1563 3170 1604 3204 de
1627 3169 1719 3211 hujus
1744 3169 1908 3212 praestrtim
1921 3172 2067 3208 moribus

1202 3216 1314 3251 Guido
1325 3218 1443 3262 scripsit
1453 3243 1461 3250 .
1488 3219 1530 3252 Et
1542 3219 1693 3253 ultimum
1708 3243 1719 3259 ‚
1732 3220 1820 3262 quod
1833 3231 1891 3262 pro
1906 3220 2067 3259 Romanae

1202 3267 1349 3301 Ecclesiae
1357 3268 1494 3311 antiquo
1505 3280 1593 3302 more
1604 3269 1742 3302 adduxit
1752 3294 1763 3310 ‚
1785 3270 2008 3305 testimonium
2020 3275 2067 3308 est

1203 3317 1404 3360 Rescriptum
1417 3318 1568 3361 Gregorii
1582 3319 1728 3359 secundi,
1742 3320 1797 3362 qui
1812 3331 1866 3363 per
1878 3320 1969 3354 suum
1981 3322 2065 3366 apud

1201 3367 1381 3402 Germanos
1393 3367 1590 3410 Apostolum
1600 3369 1749 3402 Sanctum
1761 3369 1968 3404 Bonifacium
1977 3371 2064 3412 juffic

1199 3420 1300 3453 sacros
1309 3418 1452 3453 Ordines
1463 3416 1531 3453 dari
1542 3418 1574 3453 in
1597 3420 1698 3462 prima
1721 3419 1899 3463 septimana
1919 3421 2065 3465 Qadra·

1940 3471 2015 3515 gesr-
