2372 3756
424 118 445 148 1
456 109 522 163 46

345 182 442 218 Hinc
455 183 557 228 igitur
570 178 946 224 Constantinopolitanae
956 179 1106 214 Ecclefiae
1117 179 1230 213 lacera-

346 243 416 268 tam
428 232 588 267 unionem
597 241 797 276 reparaturus
805 231 986 274 Imperator
1008 231 1119 264 Ducas
1131 254 1142 270 ,
1167 239 1230 262 nec

346 284 367 317 ὲ
379 285 437 317 suo
450 281 601 323 Palatio,
626 280 716 316 nece
726 279 952 315 patriarchalis
966 280 1113 314 Ecclefiae
1128 278 1228 312 Clero

347 332 475 378 censuit
486 331 726 367 adsumendum
736 329 983 365 patriarcham:
1010 329 1116 377 Qod
1139 339 1229 362 nem-

348 382 389 426 pe
414 382 618 427 Neophytos
652 382 822 416 Palatinos
851 379 1039 414 nullatenus
1059 377 1186 414 tolerari
1210 377 1227 410 ὲ

348 432 505 467 Romana
516 431 659 466 Ecclesia
674 456 684 472 ‚
711 432 890 465 &omnem
904 431 965 463 suae
988 429 1133 463 civitatis
1155 427 1228 462 Cle-

347 493 421 517 rum
432 482 539 517 nosset
550 493 605 517 aut
617 483 723 516 favere
736 479 922 519 schismati,
949 490 1004 513 aut
1015 477 1151 513 schisma
1163 476 1227 511 ole-

347 543 402 568 re.
424 532 641 577 Hincigitur
650 529 879 565 orthodoxum
898 540 935 563 ac
956 529 1130 573 insigniter
1150 527 1226 561 San-

347 577 436 618 &um
449 583 606 617 Cosmam
619 580 801 625 promovit.
833 581 954 613 Fateor
975 577 1039 612 haec
1060 578 1078 611 a
1103 576 1227 611 Graecis

347 634 465 668 diserte
477 643 545 666 non
554 630 694 675 exprimi
706 644 717 665 :
744 628 848 678 Qod
862 627 979 672 nempe
991 628 1098 662 cunsti
1114 627 1154 660 de
1167 628 1226 661 suo

346 684 518 718 schismate
530 681 708 726 loquantur
720 678 917 724 parcissime,
945 679 979 712 &
1006 678 1112 720 ipsum
1139 677 1224 720 quasi

342 732 538 768 erubescant
553 744 567 774 ;
594 732 702 766 forsan
724 729 770 765 ob
781 730 996 764 reverentiam
1011 728 1143 761 suorum
1156 728 1225 760 Au-

344 783 515 828 gustorum
529 781 721 826 Principum
734 805 745 822 ,
771 790 910 824 quorum
922 778 1029 821 plures
1040 778 1133 811 fuere
1146 789 1225 812 con·

344 833 467 868 stanter
478 831 682 872 orthodoxi,
707 832 864 865 &tamen
880 828 1028 862 Clericos
1038 839 1077 862 ac
1104 828 1224 863 Mona-

344 883 449 923 chos,
473 893 555 926 quos
565 881 728 926 corrigere
739 890 807 914 non
832 887 1006 923 poterant,
1031 878 1068 922 in
1090 879 1145 913 sua
1168 879 1223 913 ad-

343 933 470 968 versum
491 932 631 970 Latinos
663 928 807 973 superbia
836 929 1050 973 permiserunt
1075 928 1221 963 sordere.

343 985 422 1030 Qa
434 982 467 1016 in
481 989 568 1025 parte
579 981 675 1015 suum
687 979 855 1024 imperiale
866 979 1015 1013 officium
1025 990 1093 1014 non
1116 979 1223 1022 exple-

342 1043 419 1066 runt
431 1056 441 1072 ,
466 1041 527 1065 nec
538 1032 613 1065 sunt
625 1029 837 1066 excusabiles.

391 1081 492 1115 Hanc
504 1081 637 1116 interim
651 1079 826 1115 Michaelis
837 1078 1042 1123 Parapiuacii
1067 1078 1219 1124 Legatio-

342 1142 417 1166 nem
438 1133 565 1166 summo
587 1131 711 1176 gaudio
732 1130 861 1173 excepit
884 1129 993 1165 noster
1021 1130 1221 1175 Gregorius,

342 1183 545 1226 speravitque
566 1182 672 1216 adesse
692 1190 839 1224 tempora
868 1204 878 1220 ‚
917 1179 1037 1224 quibus
1058 1181 1130 1214 suos
1151 1192 1220 1213 non

339 1232 470 1266 tanturn
482 1233 516 1266 in
528 1232 712 1266 Occidente
722 1257 732 1272 ‚
753 1231 805 1265 sed
817 1232 917 1265 etiam
931 1231 965 1263 in
978 1230 1069 1264 omni
1084 1230 1220 1265 Oriente

337 1283 453 1317 fratres
461 1283 592 1318 Sanctus
605 1282 721 1316 Petrus
731 1281 938 1315 confirmaret
951 1305 958 1312 .
987 1280 1092 1313 Lucet
1105 1292 1144 1313 ex
1155 1280 1221 1322 ejus

337 1331 482 1367 laudatis
496 1332 535 1366 ad
549 1332 779 1376 Imperatorem
805 1330 991 1365 Henricum
1016 1330 1146 1364 litteris.
1162 1330 1219 1371 (Et

337 1382 460 1426 inipsis
474 1381 622 1417 addidit:
649 1384 736 1426 ‚Quia
759 1383 867 1414 Patres
893 1379 1000 1419 nostri,
1028 1391 1151 1422 quorum
1173 1390 1219 1412 ve-

327 1431 421 1476 stigia
448 1458 457 1473 ‚
484 1434 551 1466 licit
573 1433 711 1475 indigni,
737 1428 823 1473 sequi
844 1438 999 1472 optamus,
1021 1439 1130 1472 partes
1152 1430 1219 1463 illas

330 1492 390 1524 pro
401 1481 462 1524 fide
473 1482 629 1515 Catholica
650 1480 854 1523 confirmanda
872 1478 956 1522 saepe'
979 1481 1120 1513 adierunt
1132 1505 1142 1520 ,
1169 1492 1221 1513 nos

336 1540 441 1566 autem
466 1533 568 1573 adjuti
600 1530 740 1574 precibus
766 1535 896 1564 omnium
923 1529 1176 1571 Christianorum,
1204 1529 1226 1568 fi

332 1581 452 1622 cbristo
463 1582 535 1615 duce
548 1587 604 1615 via
624 1587 759 1624 patuerit
772 1605 783 1621 ‚
808 1582 876 1614 illuc
897 1580 1020 1620 transire
1039 1589 1095 1622 pro
1117 1582 1222 1617 cadem

328 1631 417 1675 fide,
442 1634 479 1666 Θ
493 1631 727 1673 christianorum
737 1630 900 1672 defensione
909 1632 1104 1672 compellimur
1117 1656 1124 1663 .
1153 1630 1221 1664 Ad-

333 1683 443 1717 firmat
456 1682 488 1716 se
500 1693 558 1727 pro
572 1681 633 1715 isto
657 1682 795 1725 negotio
818 1692 964 1724 paratum
989 1681 1074 1716 moti
1098 1682 1131 1715 ὅ(
1154 1681 1220 1723 pati

331 1731 507 1776 quaelibet,
536 1743 574 1766 ac
600 1731 823 1774 prosequitur·,
851 1733 1016 1763 Procuravi
1039 1729 1220 1771 Christianos

329 1780 461 1826 quosque
470 1783 516 1815 ad
527 1781 577 1814 boc
585 1790 746 1824 provocare
761 1804 771 1819 ,
786 1783 829 1813 ad
840 1781 891 1815 hoc
904 1782 1049 1822 impellere
1064 1805 1074 1820 ‚
1087 1790 1121 1813 ut
1132 1789 1221 1822 appe-

330 1842 405 1866 tant
417 1855 426 1871 ,
452 1832 640 1874 defendendo
656 1835 763 1875 Legem
777 1830 887 1871 Christi
901 1854 911 1870 ‚
924 1837 1059 1863 animam
1070 1829 1159 1873 suam
1166 1839 1223 1873 pro

322 1882 484 1924 fratribus
504 1891 632 1924 ponere,
652 1884 686 1916 &²
713 1882 898 1915 nobilitatem
918 1882 1050 1923 filiorum
1075 1883 1132 1914 Det
1157 1882 1219 1915 luce

279 1950 286 1952 <
331 1934 443 1967 clarius
456 1931 609 1973 ostentare.
643 1935 745 1975 ,Quam
758 1930 1040 1969 administrationem
1065 1932 1162 1964 Italici
1187 1933 1221 1966 Θ

156 2376 209 2411 EP-
233 2382 280 2408 49·

163 2638 224 2669 Lib.
260 2650 282 2669 r.

160 2682 217 2717 Ep.
237 2685 283 2715 46.

330 1983 576 2017 Ultra-Montani
586 1982 710 2016 libenter
721 1987 870 2024 accipiunt
885 2007 896 2021 ‚
923 1983 956 2015 <9⁶
959 1983 1030 2021 jam
1041 1981 1122 2014 ultra
1134 1987 1221 2023 quin·

331 2039 482 2077 quaginta
493 2033 592 2066 mlllia
604 2035 647 2065 ad
659 2031 709 2066 hoc
717 2031 750 2074 se
757 2040 940 2073 praeparant
953 2057 963 2072 ,
990 2032 1024 2064 (θ’
1028 2030 1058 2071 ]ι“
1063 2042 1109 2064 me
1120 2032 1221 2073 poffint

331 2090 365 2117 in
375 2085 561 2126 expeditione
564 2092 621 2125 pro
637 2085 717 2116 Duce
728 2093 762 2115 ac
776 2081 915 2122 Pontifice
925 2080 1034 2114 habere
1046 2104 1056 2119 ‚
1082 2082 1221 2114 adunata

329 2145 426 2167 manu
448 2142 551 2166 contra
587 2138 717 2165 inimicos
745 2134 802 2164 Dei
828 2131 933 2163 volunt
965 2128 1112 2173 insurgere
1138 2154 1150 2170 ,
1187 2133 1221 2165 Θ

329 2181 423 2227 usque
441 2184 486 2215 ad
500 2181 690 2225 sepulchrum
716 2185 861 2221 Domini,
887 2178 949 2224 ipso
976 2182 1097 2213 ducente
1118 2205 1128 2220 ‚
1150 2189 1220 2222 per·

330 2239 451 2267 venire.
476 2234 644 2272 Litteras,
673 2231 790 2275 quibus
818 2229 1063 2271 omnesubique
1084 2231 1220 2265 Latinos

330 2283 503 2327 Principes
523 2281 564 2316 ad
590 2281 967 2325 Constantinopolitano
988 2281 1130 2323 imperio
1155 2282 1219 2314 suc·

328 2333 529 2368 currendum
551 2331 596 2365 est
618 2331 831 2371 exhortatus,
856 2330 1001 2366 habesin
1015 2331 1123 2374 primo
1134 2329 1219 2364 libro

334 2383 468 2428 Regesti
492 2408 498 2415 .
527 2382 574 2416 Et
595 2381 766 2416 adversum
793 2382 950 2425 quosdam
972 2404 984 2421 ‚
1012 2382 1054 2415 de
1079 2381 1218 2415 collecto

330 2432 576 2479 quinquaginta
603 2431 747 2466 millium
769 2429 883 2474 Papali
907 2431 1052 2465 exercitu
1077 2441 1218 2464 murmu-

335 2494 443 2519 rantes
461 2509 473 2525 ,
512 2492 628 2527 purgat
655 2483 687 2515 se
713 2482 748 2515 in
787 2479 903 2514 litteris
927 2481 969 2514 ad
996 2480 1218 2514 Guilielmum

334 2534 536 2580 Burgundiae
548 2532 715 2567 Comitem
729 2555 740 2571 ‚
768 2530 900 2565 adducit
915 2531 960 2564 sui
972 2530 1047 2566 fasti
1059 2532 1198 2564 rationes
1208 2555 1218 2572 ,

332 2597 433 2630 atque
444 2583 615 2628 adjungit:
642 2585 803 2625 speramus
814 2586 928 2621 etiam,
954 2582 1034 2623 quod
1033 2579 1145 2624 forsan
1155 2582 1218 2615 alia

334 2637 407 2670 inde
417 2636 536 2669 utilitas
547 2639 660 2666 oriatur
671 2657 682 2673 ‚
698 2631 807 2675 scilicet
817 2640 849 2663 ut
858 2636 978 2675 pacatis
991 2635 1194 2664 Nortmannis
1206 2655 1218 2672 ,

335 2684 429 2729 tranJ'
423 2696 524 2719 eamus
544 2682 825 2724 Constantinopolim
837 2688 870 2714 in
883 2682 1065 2721 adjutorium
1075 2680 1216 2722 Christia-

342 2748 444 2770 norum
469 2759 480 2775 ,
503 2740 555 2776 qui
576 2734 717 2766 nimirum
738 2732 854 2772 adflic‘lt
876 2731 1059 2765 creberrimis
1081 2731 1216 2773 morsibus

340 2789 552 2820 saracenorum
570 2783 722 2816 inhianter
741 2782 900 2826 flagitant,
926 2790 961 2815 ut
983 2793 1105 2814 manum
1132 2781 1217 2821 nostri

334 2837 449 2869 auxilii
466 2838 672 2876 porrigamus.
702 2832 787 2866 Tria
813 2832 913 2876 igitur
934 2843 988 2874 per
1007 2841 1114 2866 tantas
1136 2831 1217 2865 mili-

339 2895 412 2919 tum
433 2884 541 2917 turbas
562 2881 691 2927 parabat
716 2894 753 2916 ac
774 2881 917 2924 sperabat
928 2882 1124 2926 Gregorius.
1152 2881 1217 2914 Pri-

340 2935 421 2975 mo,
449 2934 698 2973 Nortmannos‚
725 2932 981 2975 licetinfigniter
991 2930 1217 2972 orthodoxos,

340 2996 452 3021 tamen
475 2984 642 3028 utriusque
665 2981 705 3017 ad
732 2984 921 3017 Romanam
950 2981 1127 3016 Ecclesiam
1154 2982 1218 3025 spe-

339 3036 458 3070 stantis
477 3033 598 3069 Siciliae
619 3033 776 3067 terrificos
799 3033 960 3066 invasores
978 3056 988 3072 ‚
1027 3031 1133 3066 voluit
1159 3043 1218 3066 ter-

340 3098 427 3126 rere,
454 3095 550 3127 atque
572 3084 618 3118 ita
640 3083 680 3118 ad
691 3082 914 3117 obedientiam
927 3082 1139 3125 compellere.
1167 3083 1221 3116 Se·

340 3135 473 3173 cundo,
499 3133 861 3177 Constantinopolitani
877 3132 1005 3175 Imperii
1019 3133 1053 3166 &
1065 3131 1217 3166 Christia-

343 3196 393 3218 nae
414 3184 585 3229 religionis
603 3183 776 3228 ‘sacrilegos
789 3183 977 3216 laceratores
989 3193 1026 3215 ac
1037 3181 1092 3225 ipfi
1105 3182 1218 3226 Regiae

342 3234 468 3268 civitati
478 3234 541 3276 jam
554 3234 762 3268 imminentes
778 3233 955 3267 Saracenos
977 3232 1107 3276 ejicere:
1136 3231 1216 3266 Non

342 3282 477 3317 tantum
497 3295 539 3318 ex
563 3284 708 3318 Asiatica
729 3294 766 3317 ac
791 3282 931 3317 Pontica
950 3282 1091 3317 Dioecefi
1114 3305 1126 3323 ,
1164 3281 1217 3316 sed

328 3332 444 3373 ‚etiam
466 3343 511 3365 ex
538 3333 630 3376 Syria
648 3358 660 3374 ‚
698 3331 869 3367 Palaestina
884 3357 895 3374 ,
927 3332 1048 3367 Arabia
1070 3355 1082 3371 ,
1119 3340 1218 3375 atque

346 3381 507 3428 AEgypto
526 3406 536 3414 .
570 3382 707 3418 Parabat
739 3379 862 3419 sacrum
892 3393 951 3428 pro
976 3383 1081 3418 Terta
1106 3381 1217 3418 Sancta

733 98 775 144 S.
813 95 1130 143 Gnsooan
1166 110 1401 142 septh
1438 94 1803 141 PONT11=1cls

1295 177 1418 211 bellum
1431 200 1442 217 ‚
1469 175 1559 219 quod
1573 176 1682 219 postea
1695 177 1729 210 in
1743 178 2007 214 Claromontano
2017 178 2175 216 Concilio

1295 227 1439 270 explevit
1453 225 1614 260 Urbanus
1622 226 1780 261 secundus
1792 251 1799 259 .
1826 227 1948 264 Tertio
1957 254 1969 272 ,
1979 231 2063 274 ipsos
2075 231 2176 267 etiam

1297 274 1517 311 schismaticos
1535 275 1665 310 Graecos
1688 275 1776 311 hisce
1799 276 1951 320 operibus
1968 279 2113 316 studebat
2139 281 2176 315 in

1295 336 1450 370 pavorem
1473 338 1569 372 agere
1581 351 1592 367 ,
1618 336 1718 369 atque
1737 325 1778 361 ad
1790 324 2012 362 obediendum
2023 330 2176 366 Catholi-

1294 388 1335 411 co
1364 377 1422 413 suo
1442 376 1587 422 Principi
1600 400 1612 416 ,
1636 376 1670 410 &
1682 376 1839 412 faciendae
1854 377 2068 418 Ecclefiarum
2081 383 2176 415 unio-

1295 427 1329 461 ni
1366 439 1435 463 non
1473 424 1743 462 recalcitrandum
1768 438 1885 473 cogere
1910 453 1917 462 .
1953 423 2080 464 Verum
2105 430 2174 465 haec

1291 478 1406 512 omnia
1438 477 1610 521 impedivit
1633 478 1787 512 consueta
1824 478 2012 513 Graecorum
2040 479 2074 513 in
2100 482 2175 515 suos

1291 525 1459 571 Principes
1479 528 1676 572 procacitas,
1703 528 1744 562 de
1765 539 1827 572 qua
1841 530 1987 572 praefatus
2005 529 2074 572 Joel
2088 544 2099 564 .·
2125 536 2175 563 Ci-

1291 588 1346 611 ves
1370 578 1736 623 Constantinopolitani
1750 576 1980 623 Nicephorum
1993 583 2174 614 Boioniaten

1289 634 1322 660 in
1346 632 1466 662 Oriente
1486 633 1696 671 Imperatorem
1716 630 1734 663 a
1760 628 1871 663 rebelli
1883 630 2028 664 exercitu
2040 640 2173 665 creatum

1290 680 1444 712 audientes
1457 703 1468 719 ,
1494 683 1621 723 Regiam
1647 687 1787 721 occupant
1813 705 1823 721 ,
1859 679 1985 720 custodes
2010 682 2054 714 illi
2080 687 2170 723 impo-

1288 736 1362 761 nunt
1375 753 1386 769 ‚
1424 730 1619 771 imperantem
1642 729 1822 763 Michaelem
1835 728 1906 773 solio
1924 729 2044 773 pulsum
2057 746 2077 771 ²,
2115 731 2174 763 vili

1287 778 1419 813 vehiculo
1438 790 1504 813 cum
1525 783 1626 812 Maria
1649 780 1774 823 Augusta
1793 791 1830 813 ex
1856 783 2081 814 Alamannorum
2086 791 2174 823 gene·

1289 840 1321 862 re
1337 852 1348 869 ,
1377 832 1411 863 (ν
1431 832 1493 872 filio
1515 828 1707 867 Constantino
1733 829 1999 874 Porphyrogenito,
2022 835 2054 863 in
2073 831 2172 863 studii

1288 879 1496 920 Monasterium
1522 880 1664 923 ablegant
1683 904 1694 921 ‚
1730 882 1764 915 ὦ·
1789 880 1998 913 Monacborum
2019 880 2092 913 Albo
2117 881 2171 912 ad·
2191 902 2193 904 v

1282 926 1416 970 scribunt
1429 954 1440 970 ,
1465 929 1615 966 Sabbatha
1636 931 1718 973 quod
1729 932 1835 963 dicitur
1846 933 1959 963 Lazari
1974 955 1980 962 .
2007 931 2088 964 Hoc
2098 930 2144 963 est
2159 954 2171 970 ‚

1288 980 1320 1011 in
1343 978 1509 1014 Sabbatho
1530 990 1606 1014 ante
1627 981 1842 1015 Dominicam
1869 980 2076 1014 palmarum.
2108 979 2170 1014 La-

1287 1029 1350 1062 tius
1371 1027 1439 1063 haec
1477 1029 1620 1063 referunt
1649 1030 1793 1072 Joannes
1830 1029 2025 1073 Schylitza‚
2052 1030 2086 1063 ὅ(
2113 1028 2170 1063 alii

1287 1078 1474 1113 Graecorum
1498 1080 1694 1122 Scriptores.
1721 1080 1774 1114 Sic
1785 1081 1899 1113 omnia
1915 1080 2068 1124 Gregorii
2091 1091 2171 1114 con·

1286 1129 1352 1163 filia
1373 1130 1507 1163 fuerunt
1529 1129 1696 1172 diffipata.

1336 1179 1542 1224 Degradatus
1579 1178 1725 1213 Michael
1750 1179 1839 1214 venit
1866 1179 1900 1212 in
1928 1178 2083 1218 Italiam,
2120 1178 2169 1213 sui

1287 1230 1524 1272 reparationem
1549 1229 1725 1273 postulavit
1737 1228 1777 1263 ab
1790 1230 1897 1263 amico
1910 1227 2075 1262 Pontifice
2088 1253 2099 1268 ,
2124 1239 2171 1263 at-

1286 1290 1348 1321 que
1374 1279 1419 1312 ita
1446 1279 1626 1323 Gregorius
1645 1279 1686 1312 ad
1697 1290 1812 1313 omnes
1826 1278 2170 1321 Calabriae&Apuliae

1287 1327 1466 1372 Episcopos
1486 1329 1625 1372 scripsit:
1653 1332 1768 1362 Notum
1789 1329 1840 1371 effe
1862 1329 2038 1362 Prudentiae
2063 1328 2168 1368 vestrae
2190 1338 2207 1366 L
2239 1348 2267 1367 2.
2289 1340 2323 1368 E.

1286 1390 1342 1411 non
1367 1380 1540 1412 dubitamus
1567 1403 1579 1419 ,
1610 1376 1830 1422 gloriofiffimum
1854 1372 2068 1419 Imperatofem
2097 1382 2172 1410 Con-
2187 1377 2248 1416 pist.
2276 1381 2303 1407 6.

1280 1427 1600 1468 staminopoliranum‚
1629 1426 1805 1461 Michaelem
1826 1428 1988 1467 videlicet,
2015 1427 2054 1460 ab
2077 1431 2171 1470 Impe-

1285 1480 1371 1511 rialis
1397 1482 1426 1510 E
1430 1480 1595 1512 xcellentiae
1611 1480 1737 1511 culmine
1757 1479 1881 1520 indigne
1897 1478 1998 1519 potius
2022 1479 2057 1512 &
2083 1478 2171 1511 mali·

1284 1530 1360 1562 tiore
1379 1553 1390 1570 ,
1428 1530 1518 1571 quam
1532 1528 1611 1569 jaste?
1634 1529 1668 1562 (v
1690 1527 1908 1561 rarlonabiliter
1929 1527 1981 1569 esse
2003 1528 2167 1568 dry‘ec‘lum.

1285 1581 1350 1622 ,Qut
1375 1581 1525 1612 auxilium
1545 1580 1638 1612 Beati
1661 1581 1771 1618 Petri,
1798 1588 1906 1611 necnon
1928 1576 1986 1619 filii
2014 1576 2169 1622 aniriglo-

1283 1627 1413 1670 riosrffimi
1435 1633 1528 1662 Ducis
1550 1628 1694 1669 Roberti‚
1715 1628 1910 1671 flagitaturus
1921 1627 2045 1660 Italiam
2052 1633 2164 1670 petiit.

1284 1681 1457 1722 ‚Quaporter
1477 1691 1548 1718 nos,
1579 1680 1647 1711 licet
1670 1680 1788 1721 indigni
1810 1701 1823 1717 ,
1845 1679 1929 1712 Sedis
1951 1675 2038 1720 ipstus
2063 1688 2167 1711 curam

1279 1739 1414 1773 gerentes
1439 1753 1449 1769 ,
1484 1729 1681 1770 compaffionis
1707 1727 1869 1771 visceribus
1891 1734 1961 1760 moti
1983 1751 1995 1767 ,
2026 1728 2167 1769 precibus

1284 1780 1363 1812 illius
1377 1803 1386 1819 ,
1414 1790 1522 1812 necnon
1542 1777 1673 1821 ejusdem
1696 1781 1810 1819 Ducis,
1837 1778 2032 1810 adnuendum
2041 1777 2093 1821 effe
2104 1789 2169 1812 cen-

1278 1828 1395 1872 suimus
1410 1853 1420 1868 ,
1446 1831 1480 1862 &
1500 1831 1520 1861 ἃ
1542 1828 1682 1870 fidelibus
1704 1831 1795 1861 Beati
1821 1830 1907 1861 Petri
1923 1825 2167 1869 subveniendum

1283 1881 1326 1913 illi
1357 1878 1424 1920 fore
1444 1888 1591 1921 putamus
1613 1903 1620 1911 .
1658 1878 1834 1914 Michaelis
1859 1876 2167 1922 Porphyrogenitus

1283 1930 1420 1964 duxerat
1458 1928 1600 1964 Roberti
1636 1928 1809 1963 Guiscardi
1835 1927 1941 1961 filiam
1980 1927 2166 1962 Helenam.

1283 1979 1375 2014 Hinc
1399 1979 1454 2013 ille
1474 1991 1544 2014 non
1569 1980 1699 2014 tantum
1719 1979 1737 2013 a
1761 1977 1949 2022 Gregorio,
1975 1977 2029 2011 sed
2049 1977 2091 2011 ab
2103 1977 2166 2011 isto

1283 2031 1381 2064 etiam
1406 2029 1501 2064 Duce
1522 2029 1685 2073 flagitavit
1704 2038 1801 2071 atque
1822 2026 2143 2071 impetravit-auxilia
2157 2052 2164 2059 .

1284 2080 1442 2114 Notanda
1465 2080 1541 2113 sunt
1565 2078 1718 2122 Gregorii
1733 2077 1848 2112 verba:
1877 2075 2051 2119 Afidelibus
2067 2077 2168 2110 sunm

1284 2131 1366 2162 Petri
1395 2154 1402 2161 .
1440 2129 1542 2163 Tunc
1568 2128 1657 2162 enim
1698 2126 1963 2163 Lombardorum
1990 2126 2169 2170 Episcopo-

1284 2190 1374 2218 rum,
1405 2178 1613 2222 Imperatoris
1639 2178 1803 2216 Henrici,
1828 2177 1862 2212 &
1886 2175 2041 2211 Guiberti
2067 2176 2167 2211 Anti-

1284 2230 1397 2272 Papae,
1423 2229 1509 2271 quasi
1535 2240 1591 2271 per
1614 2227 1731 2261 caudas
1751 2228 1979 2270 colligatarum
1993 2226 2139 2269 vulpium
2153 2249 2164 2266 ,

1282 2279 1315 2311 in
1341 2277 1540 2322 Gregorium
1560 2278 1729 2320 conjurata
1754 2277 1853 2310 factio
1874 2285 2009 2309 omnem
2021 2275 2166 2309 devasta-

1282 2329 1333 2362 bat
1357 2328 1509 2367 ltaliam,
1535 2337 1634 2370 atque
1658 2327 1704 2361 ita
1725 2325 1825 2360 etiam
1850 2323 1918 2359 haec
1941 2325 2060 2367 optimi
2075 2325 2164 2359 Pon·

1279 2379 1378 2412 tificis
1389 2378 1513 2420 optima
1526 2376 1656 2411 consilia
1668 2375 1860 2410 exsufflavit.
1887 2375 2022 2409 Interim
2040 2374 2164 2410 Rober·

1281 2438 1332 2462 tus
1343 2427 1604 2472 Duxinfigniter
1619 2439 1655 2461 ac
1676 2426 1804 2460 strenue
1828 2426 1972 2467 explevit
1992 2425 2160 2459 officium.
2207 2466 2209 2468 Ι

1283 2478 1414 2511 Etenim
1436 2478 1541 2520 plures
1553 2477 1734 2511 Orientalis
1746 2475 1875 2519 imperii
1887 2475 2070 2519 subjugavit
2081 2475 2161 2509 Pro-

1281 2527 1429 2568 vincias,
1454 2527 1653 2561 Michaelem
1678 2525 2055 2569 reddiditlmperialibus
2066 2537 2161 2560 orna-

1280 2580 1397 2611 mentis
1410 2602 1420 2618 ,
1447 2578 1542 2612 duxit
1565 2577 1715 2620 usquead
1732 2588 1843 2610 muros
1855 2576 2158 2618 Constantinopoli-

1279 2640 1374 2662 tanos
1399 2640 1406 2660 :
1435 2628 1576 2664 Plenum
1604 2628 1778 2662 successum
1802 2625 1926 2660 Divina
1951 2625 2158 2668 providentia

1280 2689 1347 2712 non
1372 2678 1538 2722 permisit.
1568 2677 1768 2723 Gregorius,
1794 2676 1952 2720 quoniam
1976 2674 2159 2718 corporalia

1279 2740 1364 2762 arma
1377 2740 1445 2762 non
1475 2739 1600 2771 poterat
1622 2727 1820 2771 adjungere,
1848 2726 1959 2760 saltem
1980 2725 2159 2768 spiritualia.

1277 2778 1383 2813 deesse
1404 2789 1471 2811 non
1496 2780 1602 2812 voluit
1619 2791 1631 2811 .·
1653 2775 1979 2821 Imperiiinvasorem
1990 2773 2158 2818 Nicepho-

1277 2839 1348 2862 rum
1362 2828 1509 2872 percuffit
1519 2826 1725 2863 anathemate
1736 2850 1747 2867 ‚
1772 2827 1807 2860 &
1818 2826 1925 2860 Sancti
1941 2825 2028 2858 Petri
2048 2826 2157 2858 austo-

1277 2880 1372 2912 ritate
1393 2878 1565 2912 maledixit
1583 2902 1590 2910 .
1614 2878 1700 2923 Qae
1709 2877 1824 2911 omnia
1837 2873 1984 2909 latissime
1994 2873 2159 2918 descripsit

1279 2927 1379 2962 Anna
1404 2928 1596 2962 Comnena.
1623 2929 1778 2966 Fatetur,
1806 2925 1894 2968 quod
1918 2922 2094 2958 Michaelis
2113 2935 2159 2959 re·

1278 2978 1406 3012 stitutio
1418 3002 1429 3018 ‚
1454 2979 1512 3012 nisi
1522 2977 1662 3012 Henrici
1677 2975 1827 3010 adversus
1840 2976 2029 3009 Romanam
2044 2975 2159 3008 Eccle-

1278 3029 1355 3063 siam
1368 3029 1476 3063 insani
1488 3037 1598 3063 motus
1622 3025 1859 3069 impediissent,
1886 3025 1994 3059 fuisset
2014 3022 2158 3058 omnino

1277 3079 1453 3121 processura
1466 3103 1478 3119 ,
1502 3077 1697 3112 &sortitura
1711 3074 1879 3109 effectum.
1908 3075 1953 3109 Et
1973 3084 2010 3108 ut
2025 3073 2157 3109 suadeat

1279 3129 1474 3173 Gregorium
1485 3139 1553 3162 non
1565 3126 1787 3170 fuissejustitia
1798 3125 1913 3158 nixum
1926 3148 1937 3165 ,
1951 3124 2040 3159 aliud
2054 3123 2156 3158 nescit

1281 3179 1401 3222 loquax
1414 3178 1552 3217 mulier,
1578 3177 1676 3221 quam
1687 3174 1942 3211 circumductum
1964 3175 1982 3208 a
2007 3173 2155 3207 Roberto

1277 3228 1373 3264 Duce
1382 3227 1584 3263 Michaelem
1596 3227 1715 3272 garrire
1727 3227 1838 3260 fistum
1851 3237 1888 3260 ac
1901 3222 2134 3267 supposititium
2145 3246 2153 3254 .

1277 3279 1450 3328 Qudquid
1475 3279 1533 3319 sit,
1560 3277 1627 3311 haec
1650 3276 1712 3312 fuit
1735 3276 1827 3312 radix
1848 3274 1993 3310 foeminei
2018 3271 2090 3307 odii
2119 3272 2155 3306 in

1280 3331 1425 3365 nostrum
1435 3328 1632 3375 Gregorium
1647 3352 1655 3361 .

1940 3423 1969 3457 S.
1997 3421 2108 3455 GRE·
