2352 3756
331 112 427 172 418

255 195 465 237 Presbyteros
475 191 665 226 fornicarios
678 188 792 224 frustra
807 188 982 234 exstirpare
994 199 1096 224 tentat
1105 189 1150 223 si-

301 245 446 290 gefridus
472 240 748 284 Archiepiscopus
769 239 1013 284 Moguntinus.
1042 241 1096 284 46.
1119 252 1149 276 2·

302 297 395 330 Idem
407 293 520 327 frustra
533 301 698 326 tentatum
712 291 746 325 in
761 289 888 335 Anglia
899 315 911 331 ,
920 289 1044 327 Gallia,
1055 289 1155 323 Hun-

304 346 395 390 garia
408 369 418 384 ,
444 343 477 377 &
489 342 648 376 Bohemia
662 367 669 374 .
941 349 998 385 41.
1016 351 1044 375 1.
1056 349 1117 385 42.
1133 351 1148 376 1

253 395 413 430 Probatio
427 393 569 438 vulgaris
581 392 691 426 illicita
705 416 712 424 .
1055 399 1110 435 15.
1133 402 1148 426 1

254 447 384 486 Proceffio
412 444 499 478 idem
527 443 572 478 est
598 440 766 484 antiquis,
792 437 884 482 quod
910 438 1016 472 Miffae
1043 440 1150 483 publi-

302 507 368 537 cae,
394 496 429 529 δε
456 493 604 539 publicus
629 489 745 535 populi
770 489 812 523 ad
839 490 922 534 ipsas
949 490 1150 524 concursus.

246 557 419 630 'Pszill9erizdi
432 594 548 629 modus
557 590 596 625 ab
609 589 750 635 Angelis
760 600 930 634 acceptus.
1059 602 1113 627 22-
1131 602 1147 627 1

253 646 460 681 psalmorum
473 641 715 676 recitandorum
736 651 892 675 uumerus
913 641 1005 686 Juxta
1027 640 1148 675 Decre-

303 708 376 731 tum
387 692 541 738 Gregorii
554 691 629 727 Vll.
1058 702 1115 738 25.
1127 700 1150 724 2

1062 954 1114 992 34-
1131 955 1146 979 1

403 994 685 1042 Qadragelimali
697 1005 845 1039 ternpore
857 994 1055 1028 Christianis
1068 995 1148 1028 olim

303 1057 448 1091 pugnare
461 1047 618 1079 vetitum.
639 1056 716 1092 337.
737 1055 763 1079 ι.
777 1045 968 1079 Ludovicus
982 1044 1062 1078 Pius
1072 1056 1148 1078 con—

301 1108 349 1130 tra
362 1096 486 1130 faciens
499 1093 695 1140 degradatur
708 1120 718 1135 ,
744 1095 776 1129 &
788 1096 866 1129 Ovo
881 1095 956 1129 Rex
968 1095 1149 1139 Hungariae

301 1148 458 1191 Regnum
471 1147 594 1180 amittit
607 1170 615 1177 .
1066 1143 1144 1179 ibid.

250 1196 537 1245 Qadragesimali
552 1206 696 1239 tempore
707 1196 786 1231 sitne
798 1195 928 1231 licitum
941 1196 1069 1230 caseum
1082 1220 1093 1236 ‚
1116 1195 1149 1228 &

299 1259 363 1282 ova
376 1246 547 1281 comedere
562 1247 578 1278 ἒ
1037 1256 1115 1294 359.
1131 1257 1146 1281 1

248 1297 604 1344 Qintilinoburgense
616 1296 828 1331 Concilium.
855 1307 931 1343 343.
947 1309 973 1333 1.
988 1297 1058 1344 Qr
1072 1296 1149 1330 huic

301 1348 460 1383 Concilio
484 1347 715 1382 interfuerint?
742 1347 823 1381 Ibid.
846 1347 1084 1381 Ordinationes
1104 1346 1150 1381 Si—

261 1413 265 1418 ·
299 1396 456 1432 moniace
468 1398 694 1432 ordinatorum
710 1423 720 1438 ,
745 1397 853 1441 quoad
867 1397 1080 1431 substantiam
1096 1408 1151 1430 ex·

298 1449 406 1483 sufflat
416 1474 427 1489 ‚
453 1449 488 1483 &
515 1460 583 1483 non
610 1447 741 1482 tantum
766 1448 876 1492 quoad
895 1448 1145 1483 executionem.

249 1522 251 1525 -
301 1509 381 1546 347·
399 1509 427 1535 1·

680 1600 722 1634 R.

349 1700 462 1735 Abani
474 1700 586 1734 Mauri
601 1700 694 1735 locus
708 1700 854 1735 difficilis
864 1700 904 1735 de
918 1702 1054 1739 veritate
1070 1700 1148 1734 Cor-

375 1752 510 1795 poris&
529 1751 709 1796 Sanguinis
738 1750 863 1784 Christi
887 1751 920 1783 in
944 1748 1147 1783 Eucharistia

299 1802 477 1844 exponitur
493 1826 501 1832 .
533 1812 609 1845 151.
627 1812 655 1835 1.
667 1801 747 1846 Qio
760 1800 851 1834 sensu
865 1808 961 1842 neget
973 1800 1006 1831 in
1022 1795 1150 1830 Eucha-

298 1851 386 1885 ristia
400 1853 463 1885 effe
477 1851 610 1893 Corpus
621 1850 712 1893 quod
731 1848 773 1882 de
798 1848 906 1881 Maria
932 1848 1075 1892 Virgine
1097 1857 1150 1879 na·

297 1912 371 1936 tum
382 1900 427 1934 est
441 1901 458 1932 ἒ
882 1908 957 1943 152.
974 1909 1004 1934 2·
1017 1899 1051 1931 δε
1063 1899 1148 1940 seqq.

249 1950 403 1996 Raphael
416 1948 605 1984 Patriarcha
622 1948 1017 1992 Constantinopolitanus
1028 1948 1149 1992 primus

301 2000 468 2037 Chatatzii
479 1998 615 2034 author.
1082 1996 1114 2032 6.
1128 2008 1149 2032 2

248 2053 458 2088 Ravennatis
471 2050 620 2083 Ecclefiae
631 2048 800 2091 opulentia
812 2071 819 2079 .
849 2058 925 2095 325.
941 2059 970 2084 1.
995 2046 1150 2090 Antiqui—

302 2113 370 2136 tas.
398 2097 474 2148 328.
487 2111 519 2135 2.
534 2100 571 2132 ln
587 2109 691 2141 partes
703 2098 836 2130 divisio.
1068 2095 1147 2130 ibid.

251 2153 484 2188 Ravennatum
498 2148 642 2182 Ecclesia
666 2148 854 2191 frequenter
879 2145 1047 2180 rebellavit
1075 2143 1148 2179 Sedr

303 2200 504 2246 Apostolicae
514 2223 522 2230 .
1039 2207 1116 2244 324.
1132 2207 1146 2232 1

251 2253 421 2288 Ravennae
434 2250 469 2284 in
482 2247 701 2291 Metropolim
713 2246 828 2281 crestio
843 2258 897 2290 per
907 2246 1055 2281 Leonem
1079 2247 1152 2279 Ma·

305 2313 430 2348 gnum.
458 2309 537 2346 224.
554 2310 582 2334 2·
597 2298 702 2333 Salvis
715 2308 827 2331 tamen
853 2297 1014 2332 Romanae
1030 2296 1153 2331 Cathe-

305 2354 367 2388 drae
377 2349 522 2395 antiquis
538 2350 571 2383 in
585 2349 685 2392 ipsam
698 2348 841 2391 juribus.
1071 2346 1150 2380 ibid.

254 2404 373 2449 Regiae
383 2401 556 2446 dignitatis
567 2399 684 2433 elefflo
699 2422 709 2436 ‚
734 2396 777 2430 est
791 2396 1027 2439 jurisdictionis
1040 2399 1129 2431 astus
1141 2421 1151 2436 ‚

306 2456 341 2489 δε
378 2463 447 2487 non
486 2450 546 2484 nisi
587 2450 622 2482 in
659 2448 825 2482 subditum
853 2447 958 2492 potest
984 2448 1127 2482 exerceri
1143 2472 1149 2479 .

314 2514 439 2550 141-2·

257 2556 379 2599 Regna
401 2559 486 2586 nova
509 2550 656 2595 erigendi
690 2549 830 2593 potestas
852 2559 893 2582 an
915 2548 1047 2584 resideat
1068 2548 1152 2592 apud
1217 2549 1373 2584 Romana
1396 2548 1494 2582 Sedes
1517 2573 1527 2589 ,

311 2602 542 2648 Apostolicam
562 2599 677 2635 sedem
691 2600 716 2631 ,θ’
1073 2598 1153 2633 ibid.

928 106 1438 153 INDEX.

1263 190 1326 225 'effe
1340 191 1463 236 ubique
1477 191 1599 227 rituum
1612 193 1913 232 Ecclesiasticorum
1924 200 2084 239 unitatem
2095 230 2105 237 .

1264 240 1434 299 Ibidem&
1448 243 1532 287 seqq.
1552 244 1692 278 Ecclesia
1718 247 1840 289 semper
1861 259 1980 283 conata
2000 242 2109 289 est‘ri-

1266 300 1361 326 tuum
1376 302 1537 327 unitatem
1550 306 1604 338 per
1615 306 1729 330 omnes
1741 298 1926 341 provincias
1936 299 2104 339 inducere.

1216 353 1359 475 Ro}{rti
1380 351 1554 429 guiscardi
1576 397 1755 441 progressus
1765 398 1800 431 in
1816 398 1943 434 Graecia
1954 423 1967 440 ‚
1993 401 2028 435 &
2049 401 2113 436 Ita-

1217 454 1383 528 Robaertus
1393 494 1420 527 F
1423 495 1553 530 landriae
1564 496 1686 532 Comes
1697 497 1833 534 Clerum
1845 458 2112 536 Camerac1e31i5fe1111

1265 543 1305 601 ad
1319 544 1545 580 obedientiam
1559 546 1634 581 Sedi
1646 548 1806 584 Romanae
1816 549 2026 594 praestandam
2037 563 2112 586 coe·

1216 604 1383 678 Rottbertus
1405 645 1605 691 Gregorium
1634 648 1710 688 Vll.
1730 649 1772 684 ab
1792 612 2111 695 oppreffione31313e'n22

1263 695 1321 727 rici
1334 694 1447 729 liberat
1461 721 1468 728 .
1926 718 1928 721 v
2000 712 2077 750 137.
2089 715 2112 740 2

1215 743 1377 779 Robertus
1388 746 1591 783 Guiscardus
1602 750 1682 783 Dux
1697 749 1824 793 Apuliae
1849 754 2113 788 excommunica-

1266 805 1317 829 tur
1331 795 1350 828 ὲ
1372 797 1535 842 Gregorio
1557 799 1633 833 Vll.
1657 799 1701 832 Et
1725 804 1806 836 cur?
1835 814 1888 850 19.
1906 812 1935 837 ι.
1962 801 2106 838 Iterum.

1268 857 1323 893 27.
1350 855 1383 879 2.

1139 911 1149 917 -
1216 895 1382 930 Robertus
1395 897 1593 932 Guiscardus
1605 900 1638 932 in
1652 900 1780 935 Italiam
1794 914 1834 936 ex
1849 905 1988 938 Oriente
2008 914 2110 938 revet-

1265 947 1559 990 titurGregorium
1574 949 1648 982 VlI.
1667 950 1849 992 adjuturus.
1882 951 1964 1001 338.
1978 966 2008 990 2·
2031 953 2113 989 Gre-

1264 997 1396 1041 gorium
1426 995 1501 1030 V11.
1524 997 1634 1034 Roma
1655 1000 1754 1043 eripit
1774 1027 1785 1042 ‚
1820 1004 1852 1036 ὃς
1877 1005 1918 1037 ad
1941 1004 2111 1038 Caffinum

1263 1056 1413 1080 montem
1426 1048 1576 1080 transfert
1590 1073 1598 1080 .
2033 1053 2112 1088 ibid.

1215 1096 1381 1131 Robertus
1393 1095 1591 1132 Guiscatdus
1610 1097 1813 1133 Michaelem
1827 1101 1957 1136 Ducam
1966 1104 2110 1147 Imperio

1265 1147 1424 1181 restituit.
1997 1153 2111 1197 146-2.

1216 1196 1382 1233 Robertus
1395 1198 1593 1233 Guiscardus
1605 1209 1776 1244 utramque
1798 1201 1945 1237 Siciliam
1966 1203 1984 1239 a
2008 1203 2112 1238 Nico·

1262 1249 1316 1283 lao
1329 1247 1412 1282 ILin
1424 1247 1619 1284 beneficium
1631 1251 1751 1294 accipit
1762 1276 1769 1283 .
2000 1264 2075 1302 337.
2087 1264 2110 1290 2

1216 1298 1380 1333 Robertus
1394 1297 1526 1333 invasor
1539 1301 1671 1344 quidem
1681 1326 1691 1342 ‚
1702 1301 1769 1343 ejus
1781 1313 1891 1338 tamen
1906 1304 2027 1338 invasio
2039 1314 2110 1338 non

1264 1349 1366 1384 caruit
1379 1349 1602 1384 fundamentis
1613 1375 1620 1383 .
2002 1363 2076 1400 137.
2086 1366 2110 1391 2

1214 1399 1371 1434 Roderici
1386 1399 1547 1434 Toletani
1565 1401 1725 1436 Historici
1738 1403 1815 1438 falsa
1830 1404 1972 1439 narratio
1989 1429 1996 1436 .
2016 1403 2072 1438 28.
2090 1413 2108 1439 1

1218 1449 1383 1495 Rogerius
1407 1450 1487 1483 Dux
1511 1474 1522 1491 ,
1561 1452 1695 1495 quando
1719 1453 1795 1487 Rex
1813 1455 1931 1489 siciliae
1953 1451 2112 1488 constitu-

1264 1500 1341 1534 tus?
1999 1500 2073 1550 138-
2087 1514 2111 1539 2

1217 1551 1367 1585 Romana
1379 1549 1543 1585 Cathedra
1556 1551 1600 1585 est
1620 1551 1849 1588 Cardinaliurn
1861 1554 2091 1589 consistorium
2102 1576 2112 1584 -

1272 1599 1350 1648 318.
1365 1614 1396 1638 2.
1423 1602 1507 1635 Item
1528 1602 1682 1638 Romana
1705 1603 1871 1640 Cathedra
1891 1607 1996 1640 totius
2015 1603 2112 1638 Chri-

1265 1652 1437 1686 stianitatis
1457 1652 1556 1695 judex
1577 1653 1612 1686 ὅ(
1632 1664 1731 1696 caput
1744 1680 1752 1688 .
1787 1665 1862 1691 1102
1889 1667 1915 1689 1.
1944 1655 2027 1688 Item
2041 1654 2112 1686 Ro-

1261 1712 1364 1735 manae
1388 1701 1559 1735 Cathedrae
1582 1702 1743 1736 Primatus
1768 1715 1834 1737 non
1859 1704 1904 1737 est
1918 1702 2111 1737 Constanti-

1263 1750 1416 1793 nopolim
1439 1751 1630 1784 translatus.
1665 1763 1743 1797 135.
1764 1764 1793 1787 2.
1806 1753 1996 1794 Tamquam
2007 1752 2110 1789 totius

1263 1798 1521 1832 Christianitatis
1543 1800 1796 1834 fundamentum
1821 1803 1976 1846 perpetuo
2002 1801 2112 1837 custo·

1264 1847 1444 1882 diendurn.
1995 1852 2072 1900 136.
2088 1863 2107 1888 1

1214 1899 1365 1932 Romana
1388 1898 1527 1933 Ecclesia
1541 1898 1615 1933 fidei
1628 1901 1661 1933 &
1674 1900 1852 1944 disciplinae
1864 1903 2063 1946 principium
2075 1902 2110 1935 δε

1263 1958 1381 1980 mater.
2061 1975 2067 1983 .

1213 1997 1365 2031 Romana
1378 1996 1519 2030 Ecclesia
1531 1996 1596 2029 labi
1610 2009 1679 2031 non
1693 1999 1796 2041 potest
1808 2000 1842 2032 in
1858 1960 2112 2042 haerefim,²rriu12-

1259 2047 1297 2080 to
1309 2046 1418 2079 minus
1430 2046 1564 2079 docere.
1996 2049 2073 2099 316.
2086 2062 2111 2087 2

1212 2097 1367 2131 Romana
1382 2095 1524 2130 Ecclesia
1536 2096 1690 2131 nimiaein
1712 2096 1917 2134 Poenitentes
1942 2101 2111 2135 facilitatis

1262 2147 1432 2181 accusata.
1850 2161 1969 2195 1142.
1995 2162 2110 2198 trs-2

1213 2199 1366 2232 Romana
1381 2196 1522 2230 Ecclesia
1548 2198 1727 2232 nonnullos
1748 2199 1827 2234 ritus
1844 2201 1862 2235 a
1883 2201 2017 2236 Francis
2040 2212 2112 2235 mu-

1263 2259 1375 2282 tuata.
2021 2262 2036 2271 ·-
2088 2263 2112 2288 2

1214 2299 1368 2332 Romana
1401 2296 1541 2331 Ecclesia
1580 2308 1760 2341 numquam
1794 2300 1911 2335 habuit
1948 2264 2107 2336 haeffggm·

1264 2346 1317 2384 68.
1330 2360 1360 2384 2-

1215 2400 1369 2433 Romana
1383 2397 1522 2432 Ecclesia
1533 2398 1613 2432 ritus
1625 2410 1804 2442 numquam
1826 2401 1952 2444 accepit
1972 2401 2014 2435 ab
2037 2401 2112 2436 aliis

1266 2449 1418 2482 Ecclefiis
1430 2473 1438 2479 .
1467 2458 1520 2493 24.
1539 2459 1567 2484 1.
1579 2449 1684 2496 Qod
1696 2460 1807 2484 tamen
1824 2462 1899 2485 curn
1915 2452 2113 2487 moderami-

1267 2510 1308 2532 ne
1322 2497 1575 2541 intelligendum
1585 2523 1594 2531 .
2030 2501 2110 2537 ibid.

1570 2546 1732 2583 habeatne
1751 2551 1942 2594 potestatem
1960 2552 2111 2597 erigendi

1266 2610 1351 2633 nova
1365 2599 1487 2642 regna?
1862 2613 1938 2647 141.
1951 2615 1982 2638 2.
1999 2614 2073 2653 143.
2090 2612 2108 2638 1

261 2653 428 2689 Reinerus
441 2653 647 2694 Reineccyus
658 2649 867 2685 Lutheranus
889 2651 979 2684 sistas
1002 2649 1155 2693 producit
1218 2650 1377 2684 Romanae
1392 2648 1535 2682 civitatis
1548 2660 1601 2692 per
1618 2647 1803 2685 Hernicum
1816 2652 2049 2696 Imperatorem
2062 2655 2112 2687 in-

314 2705 354 2738 ad
384 2704 537 2738 Sanctum
564 2701 747 2735 Annonem
784 2702 935 2736 adversus
955 2699 1155 2744 Gregoriurn

313 2754 388 2788 VII.
402 2753 522 2788 litteras
535 2777 542 2784 .

263 2804 444 2840 Restitutio
458 2803 493 2837 in
506 2804 671 2846 integrum
686 2801 851 2846 Episcopo
874 2802 954 2835 sitne
975 2800 1156 2841 reddenda,

316 2853 504 2898 priusquam
517 2852 676 2895 judicium
691 2853 824 2886 subeat?

272 2905 374 2940 Ritus
386 2905 456 2937 suos
466 2903 535 2935 aliae
546 2903 884 2937 EcclesiaeaRomana
909 2900 1056 2936 lubenter
1075 2914 1160 2935 acce-

327 2962 461 2998 perunt.
1073 2963 1129 2998 24.
1143 2965 1162 2988 2

273 3004 419 3039 Rituum
435 3002 602 3038 diversitas
627 3026 639 3043 ‚
665 3014 705 3036 an
725 3003 910 3046 provenerit
930 3002 1102 3036 dumtaxat
1124 3003 1164 3036 ab

325 3053 550 3099 ignorantium
578 3063 634 3087 aut
663 3053 904 3097 negligentium
927 3053 1166 3095 Episcoporum

324 3105 538 3149 corruptelis,
565 3115 607 3138 an
619 3103 720 3137 etiarn
742 3103 782 3137 ab
802 3103 875 3146 ipsis
899 3102 1088 3146 Apostolis,
1113 3114 1167 3136 aut

328 3155 405 3189 viris
424 3154 624 3199 Apostolicis
644 3155 657 3187 ?
694 3165 749 3191 22-
774 3164 802 3188 1.
826 3154 1022 3196 Plerumque
1040 3165 1081 3186 ex
1102 3165 1168 3187 cor-

332 3206 464 3248 ruptelis
488 3230 495 3237 .
525 3202 650 3238 Ibidem
662 3228 669 3235 .
697 3203 822 3248 Negati
834 3214 942 3237 tamen
956 3214 1024 3236 non
1039 3204 1143 3246 potest
1159 3227 1169 3243 ‚

325 3256 411 3298 quin
425 3255 532 3298 aliqua
543 3255 666 3289 rituum
687 3252 847 3288 diversitas
869 3253 907 3286 sit
931 3252 1169 3296 Apostolorum

324 3303 545 3348 'indulgentia
557 3330 568 3346 ‚
596 3304 700 3338 immo
714 3303 748 3337 &
760 3303 923 3337 institutio
934 3328 941 3335 .
1083 3314 1136 3350 23.
1153 3315 1167 3339 1

279 3354 425 3390 Rittium
462 3354 757 3391 Ecclefiasticorum
788 3353 953 3388 diversitas
976 3364 1044 3387 non
1067 3354 1170 3387 officit

331 3401 455 3440 unitati
469 3403 560 3439 fidei.
576 3414 627 3441 20.
640 3417 667 3443 2.
681 3405 847 3440 Praeslaret
860 3414 970 3444 tamen
983 3403 1167 3449 generalem

1269 2699 1427 2743 terceptio
1440 2724 1447 2731 .

1998 2710 2074 2750 331·
2091 2714 2109 2739 1

1068 2762 1123 2798 47·
1137 2762 1157 2786 2
1221 2752 1379 2786 Romanae
1390 2749 1536 2784 Ecclesiae
1548 2750 1750 2785 consuetudo
1762 2753 1912 2786 maxima:
1933 2751 2114 2788 authorita-x

1270 2803 1331 2836 tis.

2000 2803 2112 2851 3562

1049 2850 1157 2899 348.1
1224 2855 1384 2888 Romana:
1395 2851 1543 2884 Ecclefiae
1555 2850 1659 2886 dataa
1686 2852 1714 2886 S.
1737 2852 1834 2887 Petro
1857 2853 2027 2897 privilegia
2050 2865 2112 2887 nec

1274 2914 1327 2946 per
1357 2901 1584 2943 Apostolicam
1610 2902 1726 2936 sedem
1751 2904 1881 2947 possunt
1898 2903 1996 2937 everti
2018 2927 2028 2943 ,
2055 2914 2115 2939 aut

1275 2953 1411 2986 mutari.
1719 2967 1721 2969 ·
2001 2963 2076 3000 379.
2093 2965 2108 2990 1

1227 3005 1386 3038 Romanae
1399 3001 1543 3036 Ecclefiae
1553 3002 1696 3046 Legatus
1710 3027 1721 3042 ,
1747 3013 1787 3036 an
1806 3003 1871 3036 sine
1893 3001 1997 3046 Regis
2017 3004 2116 3037 venia

1278 3053 1372 3097 possit
1386 3051 1691 3096 Regnumintrare‚
1718 3052 1817 3086 autin
1832 3053 1900 3096 ipso
1922 3051 2117 3094 jurisdictio-

1278 3114 1352 3137 nem
1370 3113 1516 3135 exercere
1530 3103 1542 3134 ?
2007 3114 2083 3152 323.
2094 3114 2114 3140 1

1231 3153 1391 3188 Romanae
1404 3152 1549 3186 Ecclefiae
1561 3152 1766 3194 poffeffiones
1777 3151 1949 3187 diminutae
1969 3153 2002 3186 ὅ(
2013 3156 2030 3186 a
2044 3164 2118 3196 prae-

1277 3201 1555 3237 donibusablatae.
2028 3213 2081 3250 99.
2098 3215 2115 3240 1

1230 3253 1387 3287 Romanae
1415 3252 1559 3285 Ecclefiae
1586 3252 1771 3287 Sardiniam
1803 3253 1837 3287 δε
1859 3252 2004 3286 Siciliam
2025 3253 2117 3288 dedit

1278 3303 1466 3337 Ludovicus
1490 3301 1568 3335 Pius
1591 3303 1790 3345 Imperator.
1822 3302 2115 3350 19.1.1temApu-

1281 3353 1359 3388 liam
1381 3353 1414 3386 &
1433 3351 1622 3387 Calabriam
1643 3352 1833 3387 Ludovicus
1865 3352 1987 3386 Calvus
2008 3376 2017 3384 .
2052 3352 2118 3386 Ibi-

1280 3403 1356 3437 dem
1369 3428 1376 3436 .

2009 3453 2075 3486 Ro-
