2352 3756
366 125 433 156 na
469 103 730 156 Ro‘MANA
766 105 1201 150 EmscopoRuM
1237 113 1769 150 CONSECRATIONE.

194 208 232 232 rte
242 194 377 233 decidat,
403 193 726 237 atqueadtgnttate&
743 190 848 224 honore
859 214 871 231 ,
897 191 1067 233 qutMetro-

191 249 335 291 politanis
345 249 501 283 convenit,
527 241 731 285 propellatur.
759 246 792 275 Is
803 249 923 281 autem,
936 237 1067 281 quihuic

194 295 357 339 definitioni
382 306 440 328 non
467 293 609 327 obedierit
633 298 747 332 ettam,
773 293 808 325 6
833 289 993 324 anathema
1007 287 1065 329 fit.

196 348 278 381 Haec
288 346 399 379 omnia
410 355 468 388 pro
479 341 755 377 Patriarchalibus
767 339 913 375 Romani
936 339 1068 382 Episco-

195 397 231 440 pi
249 394 392 437 synodis
405 393 599 428 innovari&
619 391 736 426 sanciri
752 389 903 425 adversus
927 386 1069 422 Domini

196 444 445 488 Archiepiscopi
456 443 610 478 dilestum
622 441 819 486 Magistrum
834 441 1070 476 Hincmarum‚

196 497 243 531 est
256 497 315 530 suo
326 495 403 529 loco
413 493 673 528 demonstratum
686 515 694 523 .
721 489 867 525 Proinde
880 498 1003 523 certum
1024 488 1070 522 est

196 556 312 580 omnes
336 545 437 578 etiam
459 542 650 578 Gallicanos
674 541 853 584 Episcopos
873 541 1010 583 sped'tare
1030 537 1071 570 ad

197 594 372 638 synodum
399 594 434 627 ὅ(
462 592 741 627 consecrationem
766 590 913 624 Rotnani
939 588 1072 623 Patriar-

197 645 268 679 chae
289 669 297 676 .
324 644 449 678 Eorum
476 642 576 688 igitur
598 641 879 675 consecrationem
903 639 945 673 ad
970 640 1001 673 se
1028 648 1071 671 re-

197 692 326 729 trahere
350 693 491 728 omnino
518 691 672 736 potuisset
698 691 843 735 Magnus
874 690 946 724 Leo
968 702 976 721 :
1012 686 1073 721 Sed

197 744 323 779 avitam
332 740 604 778 consuetudinem
615 741 724 775 noluit
734 739 976 775 circumducere
987 762 993 769 .
1016 736 1072 769 Est

198 793 405 828 consuetudo
427 792 568 837 precaria
588 804 597 824 ε
634 790 785 826 Gratiose
804 789 934 824 indulta
961 786 1005 823 ob
1030 785 1075 820 di·

199 844 352 883 stantiam
373 842 415 877 ab
433 842 518 877 alma
540 840 655 875 Urbe.

196 1006 341 1018 ..ι-*ιν

370 1095 723 1149 CAPUT
794 1101 888 1148 VI.

202 1258 393 1313 Romanus
427 1248 631 1366 Epifiotpus
692 1247 887 1315 (stenditur
935 1251 1086 1301 eandem

302 1321 518 1392 potestatem
579 1320 682 1367 abere
716 1324 754 1368 in
789 1320 873 1369 aliis
895 1318 983 1389 fids

528 1390 773 1457 Dia‘cefibus.

312 1537 418 1571 orum
427 1532 578 1569 omniurn
589 1533 706 1568 veritas
716 1533 804 1568 lucet
817 1532 916 1569 etiam
929 1545 971 1569 ex
995 1533 1082 1569 litte-

335 1585 379 1619 ris
389 1584 535 1619 Honorii
548 1583 642 1628 primi
653 1584 828 1619 Pontificis
841 1583 881 1618 ad
891 1583 1084 1620 Honorium

200 1633 496 1674 cantuariensem,
524 1632 748 1668 &Paulinum
776 1634 976 1678 Episcopum
998 1633 1086 1669 Ebo-

201 1684 387 1718 racensem.
423 1682 672 1717 Londinensem
694 1705 706 1722 ,
742 1683 837 1725 cujus
855 1684 1020 1718 Cathedra
1043 1695 1085 1717 ex

200 1733 305 1766 caufis
314 1733 360 1765 est
372 1743 425 1774 per
436 1732 587 1765 Sanctum
604 1730 829 1775 Augustinum
851 1733 917 1766 fixa
938 1732 1085 1766 Cantua-

198 1781 275 1822 riae,
302 1782 336 1815 &
350 1779 587 1815 Eboracensem
610 1780 767 1814 Ecclesias
791 1781 938 1824 Magnus
963 1783 1087 1825 Grego-

200 1831 288 1870 rius,
314 1830 355 1866 ad
378 1830 478 1865 instar
498 1830 753 1864 Mediolanensis
775 1841 812 1863 ac
841 1829 1086 1874 Aquilejenfis,

200 1879 310 1914 voluit
331 1881 393 1914 esse
415 1881 560 1920 sorores,
586 1890 624 1913 ac
645 1890 756 1913 earum
778 1879 959 1923 Episcopos
980 1880 998 1913 ὲ
1021 1880 1084 1913 sese

201 1929 319 1964 mutuo
329 1929 508 1963 consecrari
521 1953 528 1960 .
553 1930 633 1961 Hoc
643 1928 860 1971 Privilegium
870 1927 977 1970 postea
988 1928 1087 1962 inno-

200 1979 292 2014 vavit
304 1979 338 2012 ὅ(
349 1978 490 2012 firmavit
501 1976 650 2011 laudatus
663 1976 821 2010 Pontifex
835 1977 1009 2011 Honorius
1020 2002 1031 2017 ‚
1051 1978 1084 2011 &

201 2027 332 2064 addidit
344 2028 471 2061 causam
489 2039 495 2057 :
523 2029 608 2068 ,Quia
621 2034 653 2057 ut
663 2024 726 2058 haec
737 2026 820 2058 vobis
830 2027 1054 2059 concederemus
1073 2050 1084 2066 ,

200 2080 288 2121 longa
300 2086 448 2110 terrarum
456 2074 601 2117 marisque
612 2075 776 2108 intervalla
784 2099 795 2114 ‚
817 2086 883 2117 quae
896 2080 975 2108 inter
988 2087 1040 2109 nos
1052 2076 1086 2109 eb·

202 2138 257 2162 vos
269 2125 399 2168 obsistunt
410 2151 421 2167 ‚
447 2128 490 2158 ad
499 2124 562 2158 haec
583 2135 634 2156 nos
656 2123 883 2167 condescendere
903 2134 1054 2168 coegerunt
1067 2150 1078 2166 ‚

202 2186 237 2211 ut
248 2178 329 2210 nulla
336 2177 418 2219 poffit
430 2174 623 2216 Ecclefiarum
636 2174 801 2214 vestrarum
815 2175 942 2215 jactura
960 2183 1018 2217 per
1039 2185 1085 2208 cu·

199 2226 326 2269 §uslibet
339 2223 487 2267 occafionis
499 2225 647 2258 obtentum
660 2236 771 2267 quoquo
796 2226 879 2257 modo
895 2230 1060 2267 provenire
1070 2248 1080 2265 ,

200 2275 360 2320 sedpotiics
381 2276 512 2314 commiffi
537 2276 624 2308 vobis
642 2276 743 2316 populi
764 2275 953 2308 devotionem
974 2276 1084 2317 poffitr's

197 2327 317 2368 plenius
327 2333 492 2368 propagare
505 2349 511 2355 .
525 2325 597 2358 Has
610 2325 732 2358 litteras
746 2325 808 2358 suae
821 2324 1011 2369 Anglorurn
1025 2325 1085 2358 Hi-

202 2375 455 2409 storiaeinseruit
477 2374 666 2407 venerabilis
688 2374 799 2415 Beda,
829 2375 862 2408 δε
887 2385 1086 2409 commenta-

207 2435 279 2459 tur:
308 2429 358 2457 Ne
370 2424 409 2466 fit
420 2424 520 2467 neceffe
533 2425 577 2456 ad
586 2428 755 2456 Romanam
765 2423 852 2466 usque
863 2430 1020 2458 civitatem
1029 2433 1087 2467 per

209 2483 272 2508 tam
281 2475 400 2517 prolixa
412 2483 561 2507 terrarum
574 2476 608 2507 (9·
619 2480 711 2506 maris
715 2471 822 2516 spatia
842 2484 898 2516 pro
922 2476 1087 2508 ordinando

74 2540 135 2573 Ub-
165 2550 193 2569 ,η
205 2524 322 2568 semper
350 2522 562 2567 Archiepiscopo
578 2523 714 2568 fatigari
739 2549 746 2555 .
779 2523 893 2557 Palam
917 2526 1087 2566 profitetur

73 2590 137 2619 cap.
149 2590 194 2612 ιο.
211 2585 381 2618 utramque
392 2573 497 2608 sedem
511 2575 647 2617 speritate
657 2574 698 2607 ad
709 2572 953 2607 ordinationem
965 2574 1088 2608 Roma-

211 2626 246 2659 ni
260 2624 433 2658 Pontificis
445 2648 456 2663 ‚
481 2623 664 2666 &ipsarum
676 2622 805 2657 Elestos
816 2622 931 2658 debere
942 2624 1086 2658 Romam

210 2674 362 2709 accedere
373 2698 380 2705 .
406 2673 580 2708 Honorius
589 2673 688 2707 edicit
699 2674 730 2706 se
742 2673 950 2718 privilegium
971 2685 1086 2708 conee-

210 2724 287 2759 dere
301 2722 341 2758 ad
354 2735 460 2767 preces
482 2724 646 2766 utriusque
667 2722 915 2767 Archiepiscopi
925 2748 936 2764 ,
970 2724 1005 2759 ὅ(
1023 2724 1085 2757 Re·

208 2785 288 2819 gum
300 2799 307 2806 .
335 2774 475 2807 Exstant
488 2774 578 2817 plura¹
589 2773 770 2807 istiusmodi
782 2773 967 2808 testimonia
978 2799 985 2806 .

259 2824 384 2858 Omitti
399 2825 511 2867 nequit
524 2823 670 2858 lucidum
695 2824 800 2857 Saneti
821 2824 979 2867 Cypriani
999 2823 1084 2858 testi-

210 2874 360 2908 monium
371 2896 381 2912 ,
407 2874 462 2917 qui
475 2872 622 2908 adversus
634 2873 832 2917 Antipapam
846 2874 1083 2915 Novatianum‚

210 2934 315 2957 novos
341 2923 463 2965 ubique
486 2923 543 2957 sub
565 2923 651 2958 coelo
671 2934 728 2957 aut
747 2923 834 2958 cette
862 2924 896 2957 in
926 2924 1083 2958 Romano

209 2971 433 3007 Patriarchatu
444 2974 624 3017 Episcopos
637 2975 755 3008 sacrare
766 2972 978 3008 meditantem
989 2998 998 3013 ,
1016 2973 1085 3008 scri-

210 3022 261 3057 bit
283 3022 480 3056 Antoniano
501 3023 686 3067 Episcopo:
714 3022 813 3067 ,Quali
824 3025 904 3066 poffit
926 3031 1019 3057 totum
1029 3029 1083 3057 or-

211 3073 277 3106 bem
305 3077 375 3106 novt
399 3079 520 3105 conatus
546 3073 732 3113 obstinatione
748 3081 909 3117 peragrare
929 3099 936 3106 .
969 3073 1081 3108 Palam

211 3122 320 3156 asserit
339 3131 454 3155 omnes
476 3120 596 3165 ubique
620 3123 795 3168 Episcopos
816 3125 861 3158 ob
883 3124 949 3158 loci
963 3124 1081 3157 distan-

210 3174 293 3206 tiam
308 3182 369 3205 nec
383 3172 469 3215 posse
479 3172 563 3215 apud
578 3172 738 3213 Romam,
770 3185 828 3208 nec
850 3175 885 3207 in
910 3173 974 3207 suis
996 3173 1080 3208 Sedi-

210 3222 272 3256 bus
298 3222 315 3255 ὲ
338 3221 494 3255 Romano
516 3222 679 3265 Episcopo
699 3224 879 3258 consecrari
899 3248 907 3256 .
935 3224 1079 3257 Romani

208 3271 389 3305 Pontifices
417 3271 479 3305 suis
505 3271 615 3314 paffim
640 3272 867 3315 Metropolitis
897 3274 930 3307 ὅ(
963 3273 1078 3308 horum

209 3319 473 3356 provincialibus
496 3321 664 3364 Episcopis
687 3322 912 3363 indulserunt,
939 3323 1026 3367 quod
1039 3324 1079 3358 ab

211 3369 434 3406 Antiochenis
444 3370 638 3404 patriarchis
648 3371 742 3406 fuisse
752 3372 829 3407 solis
853 3373 1079 3419 Metropolitis

309 3420 416 3461 christ.
427 3424 506 3464 Lupi
516 3425 613 3464 Opera
624 3425 657 3455 T.
673 3425 722 3455 VI.

74 3004 125 3040 Ep.
148 3010 192 3037 52.

1124 183 1288 219 indultum
1315 181 1360 217 ob
1381 184 1552 226 regionum
1572 186 1760 222 distantiam
1773 212 1784 228 ‚
1812 187 1994 222 audivimus

1127 237 1219 278 supra
1244 235 1262 267 ὲ
1285 234 1391 277 primo
1413 231 1500 275 Papa
1523 234 1720 271 Innocentio
1739 263 1746 270 .
1774 237 1897 272 Nescio
1920 238 1995 279 quis

1128 282 1359 319 Antiochenus
1370 280 1552 316 Patriarcha
1571 283 1607 315 in
1618 286 1721 328 Cypri
1733 287 1910 322 Ecclesiam
1931 289 1994 321 fuit:

1127 334 1293 369 liberalior
1304 359 1311 365 .
1338 333 1486 366 Imitatus
1497 331 1543 365 est
1555 331 1738 367 Romanam
1748 337 1971 371 liberalitatem
1984 362 1996 377 ‚

1128 397 1196 420 non
1221 383 1351 418 tantum
1374 380 1596 416 Provinciales
1616 381 1634 413 ὲ
1658 381 1883 427 Metropolitis
1905 411 1915 426 ‚
1944 385 2004 420 sed

1126 436 1226 469 etiam
1247 433 1309 467 hos
1328 433 1467 476 permifit
1487 431 1666 467 consecrari
1684 431 1702 465 ὲ
1719 430 1977 469 provincialibus
1990 461 1997 468 .

1130 482 1234 532 Qod
1249 485 1325 518 estet
1340 483 1481 517 Ecclesia
1494 481 1707 516 transmarina
1719 505 1726 513 .
1755 480 1880 516 Verum
1898 483 2001 518 indul-

1129 535 1241 579 gentia
1253 533 1387 567 nocuit.
1414 533 1519 576 Ipsam
1544 530 1661 574 Cyprii
1687 530 1909 574 Metropolitae
1931 543 2002 567 tan-

1130 583 1204 619 dem
1215 593 1378 618 verterunt
1391 583 1424 615 in
1436 582 1485 625 jus
1497 595 1507 615 .·
1534 581 1692 614 Tandem
1713 579 1929 615 obtinuerunt
1941 583 2004 624 ple-

1133 646 1208 668 nam
1219 631 1494 676 Autocephaliam
1505 657 1513 665 .
1534 631 1613 664 Hoc
1625 631 1731 674 ipsum
1741 641 1783 664 ex
1792 630 1908 665 eodem
1924 633 2006 675 prin-

1132 685 1220 728 cipio
1240 682 1389 717 obtinere
1409 681 1523 716 Galliae
1539 693 1576 715 ac
1589 681 1773 715 Germaniae
1784 680 2008 723 Metropolitis

1134 734 1271 769 tentavit
1283 734 1366 768 olim
1378 733 1580 770 Hincmarus
1590 755 1603 773 ,
1628 731 1662 766 δε
1671 730 1772 766 hodie
1782 740 1885 769 tentat
1894 730 2009 766 Domi-

1134 796 1196 818 nus
1214 782 1506 828 Archiepiscopus.

1199 833 1344 878 Infignes
1369 832 1497 878 Pelagii
1522 831 1698 867 Pontificis
1735 831 1777 866 ad
1803 831 2012 866 Walbertum

1138 883 1296 927 Aquilejae
1313 883 1535 918 Patriarcham
1552 883 1594 918 de
1614 881 1676 916 hac
1698 893 1732 916 re
1751 882 1873 916 litteras
1893 882 1928 914 in
1954 882 2014 915 suo

1137 934 1283 968 Decreto
1304 932 1484 968 custodivit
1501 932 1597 967 nobis
1615 933 1748 967 Sanetus
1759 932 1821 966 lvo
1832 932 2018 966 Cat-nuten-

1139 983 1178 1017 fis
1201 983 1404 1027 Episcopus:
1431 987 1578 1017 Miramur
1589 984 1789 1016 Prudentiam
1798 990 1882 1015 tuam
1893 986 2016 1014 Cumen-
2035 990 2121 1031 Epist.
2145 998 2175 1024 5-

1133 1031 1162 1074 fi
1179 1030 1311 1074 Ecclefiae
1330 1034 1474 1077 denegare
1495 1032 1661 1076 consecrare
1679 1032 1826 1074 Pastorem
1838 1057 1848 1072 ,
1876 1033 2016 1072 cumjam
2034 1041 2096 1071 cap·
2127 1037 2171 1066 13·

1141 1093 1171 1117 te
1191 1085 1236 1117 ad
1260 1083 1312 1116 boc
1334 1092 1531 1125 provocatum
1558 1088 1675 1117 noveris
1702 1081 1858 1125 Apostollca
1881 1081 2017 1115 exhorta-

1143 1139 1239 1167 tione.
1264 1134 1295 1166 51
1321 1138 1401 1166 enim
1420 1138 1453 1167 in
1475 1134 1540 1174 ejus
1560 1133 1700 1168 elefflone
1713 1133 1786 1175 quid
1795 1132 1852 1166 tibi
1862 1130 2016 1174 displicuit

1138 1181 1235 1226 sacris
1256 1182 1430 1216 eanonibus
1455 1182 1647 1217 interdic‘lum
1660 1207 1672 1223 ‚
1698 1184 1888 1226 ApologetIcIs
1908 1183 2019 1215 litteris

1143 1238 1206 1266 tuis
1227 1230 1401 1275 respondere
1422 1231 1507 1265 nobis
1527 1232 1683 1265 debueras.
1711 1237 1806 1265 Nunc
1818 1235 1888 1266 vera
1900 1232 1955 1265 tibi
1968 1238 2022 1264 tte-

1144 1285 1210 1316 rato
1229 1280 1411 1326 scribimus,
1437 1282 1571 1316 nolentes
1593 1283 1719 1324 alicujus
1742 1282 1876 1324 Ecclefiae
1890 1284 2024 1315 Pri-oile-

1140 1338 1225 1379 gium
1244 1332 1430 1376 infringere,
1454 1332 1524 1365 lice't
1535 1331 1692 1374 apostolica
1716 1335 1926 1375 Praerogattva
1942 1331 2025 1373 poffi-

1145 1395 1212 1416 mus
1235 1383 1274 1415 de
1293 1382 1427 1426 qualibet
1447 1380 1576 1423 Ecclesia
1601 1383 1746 1415 clericum
1768 1383 1905 1414 ordinare
1927 1406 1935 1413 .
1964 1383 2025 1412 De-

1138 1431 1202 1475 fine
1218 1434 1289 1475 jam
1308 1430 1475 1475 cuiuspiam
1486 1433 1548 1465 zelo
1558 1431 1679 1465 elellum
1690 1434 1710 1464 ἃ
1721 1433 1806 1464 clero
1816 1433 1849 1465 ὁ·
1859 1436 2025 1473 expetitum

1142 1485 1165 1521 a
1171 1484 1277 1525 populo
1289 1483 1520 1516 Lintvvardum
1547 1481 1683 1524 Cumenfi
1703 1479 1836 1521 Ecclefiae
1862 1479 2026 1519 Antistitem

1140 1535 1306 1576 protelare.
1336 1530 1455 1576 ,Quiasi
1468 1532 1693 1574 protelaveris,
1718 1533 1752 1565 (⁴2⁵
1774 1542 1839 1564 eum
1862 1529 2027 1573 consecrare

1144 1589 1228 1618 toties
1241 1587 1369 1616 monitus
1382 1593 1441 1615 non
1455 1587 1677 1622 maturaveris,
1707 1593 1772 1614 cum
1793 1582 1840 1613 ad
1863 1593 1915 1614 nor
1939 1591 2028 1613 vene-

1144 1640 1208 1674 rtt,
1230 1634 1337 1675 procul
1355 1632 1442 1665 dubio
1451 1629 1632 1674 consecratus
1655 1631 1769 1665 abibit.
1794 1633 1880 1674 ,Quia
1904 1631 1969 1663 licet
1994 1630 2031 1662 id

1146 1682 1304 1725 apostolica
1326 1682 1505 1716 authoritate
1526 1681 1627 1722 facere
1649 1683 1806 1715 valeamus
1820 1705 1831 1721 ‚
1858 1690 1906 1714 tuo
1927 1688 2030 1713 tamen

1145 1736 1304 1765 incitamur
1331 1732 1465 1771 exemplo
1488 1754 1498 1769 ‚
1533 1736 1583 1772 qut
1608 1731 1788 1775 transgreffis
1811 1736 1948 1764 terminis
1971 1728 2026 1762 tibr'

1144 1782 1293 1819 commiffis
1306 1803 1317 1819 ,
1342 1785 1375 1812 in
1389 1778 1517 1820 Ecclefia
1531 1780 1681 1821 Salonenfi
1686 1779 1866 1822 Episcopum
1887 1781 2024 1813 ordinare

1145 1831 1191 1863 ad
1200 1830 1399 1862 indecentiam
1410 1827 1575 1869 apostolica·
1586 1831 1671 1862 Sedis
1678 1828 1886 1873 praesumpfisti
1895 1854 1902 1861 .
1934 1830 2029 1872 ‚Quod

1145 1889 1268 1923 quantae
1289 1882 1556 1921 praevaricationis
1570 1877 1611 1920 fit
1634 1902 1645 1919 ‚
1681 1877 1742 1921 ipse
1756 1879 1912 1920 perpende
1934 1903 1940 1909 .
1970 1878 2024 1910 Est

1145 1941 1233 1963 error
1250 1929 1285 1962 in
1304 1928 1443 1963 nomine
1464 1939 1500 1961 ac
1523 1928 1623 1962 titulo
1643 1927 1861 1972 Aquilejenfis
1891 1929 2025 1972 Episco-

1146 1979 1194 2022 pi.
1226 1978 1293 2013 lsto
1306 1979 1398 2013 enirn
1408 1987 1556 2021 tempore
1567 1977 1782 2021 Aquilejenfis
1794 1978 1933 2012 Ecclesia
1956 1978 2027 2011 nul-

1146 2029 1215 2062 lum
1228 2027 1345 2062 habuit
1360 2027 1563 2070 Episcopum
1580 2027 1718 2061 nomine
1731 2027 1937 2060 Walbertum
1948 2052 1955 2058 .
1984 2028 2027 2060 Et

1146 2077 1375 2121 Aquilejenses
1390 2076 1546 2118 Episcopi
1559 2086 1639 2110 tunc
1655 2075 1804 2110 nondum
1823 2076 1880 2110 fibi
1903 2087 2031 2119 arroga-

1146 2135 1257 2161 verant
1284 2125 1416 2159 titulum
1438 2123 1634 2160 Patriarchae
1656 2149 1663 2157 .
1704 2125 1902 2158 Existimant
1926 2125 2028 2170 aliqui

1148 2175 1330 2219 Epistolam
1357 2174 1507 2218 scriptam
1529 2173 1570 2208 ad
1599 2173 1779 2208 Paulinum
1808 2175 2028 2218 Episcopum.

1148 2227 1216 2260 Hic
1239 2226 1329 2260 enim
1353 2233 1504 2268 potenter
1524 2224 1649 2258 studuit
1660 2225 1796 2259 dilatare
1809 2235 1933 2258 novum
1946 2235 2025 2258 tunc

1148 2274 1284 2310 schisma
1306 2274 1408 2309 trium
1419 2273 1657 2318 capitulorum,
1685 2285 1781 2318 atque
1804 2276 1848 2308 ita
1860 2275 1961 2310 etiam
1974 2277 2026 2310 Sa-

1147 2326 1291 2360 lonitani
1314 2323 1538 2368 Metropolitae
1557 2325 1836 2359 consecrationem
1856 2324 2022 2359 invadere.

1148 2376 1217 2410 Alii
1229 2375 1361 2410 censent
1378 2386 1446 2408 non
1458 2375 1520 2409 effe
1531 2374 1708 2416 credibile,
1734 2385 1771 2408 ut
1792 2375 1946 2419 Pelagius
1966 2377 2028 2409 Or-

1148 2425 1336 2461 thodoxum
1361 2424 1559 2468 Episcopum
1582 2424 1632 2458 bis
1643 2425 1850 2459 remiseritad
1868 2425 2026 2460 Schisma-

1148 2479 1251 2511 ticum
1263 2475 1535 2519 Metropolitam,
1562 2474 1596 2508 ὃς
1612 2475 1782 2518 peripsum
1804 2475 1926 2518 jusserit
1945 2487 2024 2509 con-

1149 2526 1259 2560 secrati
1275 2548 1283 2558 .
1311 2525 1404 2559 Hinc
1417 2524 1554 2559 credunt
1566 2524 1748 2568 Epistolam
1763 2536 1830 2559 non
1842 2526 1904 2559 effe
1929 2525 2023 2569 primi

1149 2587 1202 2610 aut
1215 2575 1348 2609 secundi
1361 2575 1489 2619 Pelagii
1503 2599 1513 2615 ,
1542 2574 1594 2609 sed
1607 2574 1744 2617 alicujus
1756 2575 1929 2609 Pontificis
1940 2600 1950 2615 ,
1965 2576 2023 2618 qui

1150 2626 1216 2669 post
1228 2625 1423 2660 exstinctum
1436 2623 1571 2658 schisma
1597 2625 1731 2659 sederit.
1760 2625 1803 2658 Et
1825 2624 1910 2659 certe
1932 2626 2023 2660 Wal-

1148 2676 1252 2711 bertus
1264 2675 1297 2709 &
1308 2674 1528 2709 Lintvvardus
1539 2685 1606 2709 non
1631 2677 1705 2709 sunt
1728 2675 1847 2709 Latina
1865 2676 1999 2710 nomina
2010 2700 2023 2717 ‚

1149 2726 1200 2761 sed
1212 2724 1481 2770 Longobardica.
1509 2723 1684 2772 Quidquid
1696 2724 1735 2758 fit
1750 2750 1760 2766 ,
1789 2725 1935 2769 Epistola
1958 2737 2021 2759 nos

1146 2776 1241 2811 docet
1255 2775 1343 2819 plura
1366 2800 1373 2808 .
1395 2772 1528 2815 Primo,
1554 2773 1644 2818 quod
1666 2775 1841 2809 Romanus
1862 2775 2020 2810 Pontifex

1147 2828 1179 2860 in
1192 2825 1304 2869 quavis
1313 2836 1349 2859 ac
1361 2836 1402 2859 ex
1414 2825 1528 2868 quavis
1541 2824 1680 2858 Ecclefia
1692 2825 1786 2869 poffit
1798 2838 1866 2861 non
1888 2824 2017 2860 tanturn

1149 2876 1345 2919 Episcopos,
1374 2874 1537 2909 sedetiam
1559 2875 1706 2909 Clericos
1730 2876 1934 2910 consecrare.
1964 2876 2018 2908 Se-

1145 2926 1269 2964 cundo,
1295 2924 1385 2970 quod
1398 2924 1662 2960 Occidentalium
1674 2925 1960 2970 Metropolitarum
1981 2924 2018 2958 in

1144 2975 1369 3011 consecrandis
1395 2974 1566 3019 Episcopis
1588 2976 1730 3019 potestas
1752 2977 1789 3010 fit
1807 2974 2015 3019 privilegium

1148 3025 1380 3070 Apostolicum
1406 3034 1501 3068 atque
1527 3024 1696 3059 Indultum
1721 3051 1727 3058 .
1756 3023 1895 3063 Tertio,
1924 3022 2015 3066 quod

1142 3076 1295 3110 Pontifex
1305 3076 1368 3109 fine
1378 3074 1559 3109 rationibus
1569 3086 1637 3109 non
1650 3075 1850 3110 consueverit
1863 3074 1912 3107 illi
1923 3073 2015 3107 dero·

1142 3137 1231 3171 gare.
1259 3126 1302 3159 Et
1325 3127 1400 3158 sane
1421 3124 1466 3159 ita
1496 3125 1664 3160 convenit.
1695 3125 1736 3159 Et
1759 3123 1905 3159 Romani
1929 3123 2013 3157 olim

1143 3177 1317 3211 Pontifices
1331 3174 1518 3209 constanter
1529 3175 1753 3208 observarunt.
1783 3174 1870 3208 Nam
1895 3173 1929 3207 δε
1957 3172 2011 3207 hic

1142 3226 1227 3260 vides
1242 3226 1481 3259 Lintvvardum
1495 3225 1633 3258 eleetum
1644 3224 1662 3257 ὲ
1674 3223 1837 3258 Pontifice
1851 3223 1891 3257 ad
1917 3224 2010 3256 suum

1142 3277 1387 3319 Metropolitam
1415 3276 1507 3309 fuiffe
1530 3274 1577 3307 bis=
1596 3275 1758 3308 remissum
1779 3300 1786 3306 .
1826 3271 2012 3321 Qomodo

1139 3329 1237 3362 etiam
1257 3337 1332 3359 cum
1363 3323 1583 3358 Theutboldo
1616 3324 1877 3368 Lingonensium
1899 3322 2012 3357 Elesto

1140 3377 1285 3422 processit
1309 3372 1487 3419 Stephanus
1506 3375 1630 3408 sextus.
1660 3374 1797 3414 Videtur
1823 3383 1903 3410 tunc
1920 3371 2008 3413 Papa

1888 3421 1963 3455 alie·
