2372 3756
653 167 928 212 Qniurum
963 150 1272 196 Romanuin
1307 149 1697 195 commum

252 244 300 279 Et
324 242 401 277 hinc
423 239 488 274 haec
514 237 630 272 verba:
658 239 773 269 Beatus
796 234 943 277 Eusebius
968 234 1146 271 Presbyter,

254 298 321 328 cum
329 291 475 336 praeseme
487 288 659 329 Constantio
667 287 760 328 fidem
774 286 962 319 catholicam.
980 282 1145 326 constantis-

246 344 322 386 fime
332 340 501 385 defensaret
513 364 524 380 ,
549 341 583 372 (⁰1⁵
597 338 751 370 Liberium
763 339 883 377 Papam
894 336 1006 367 doleret
1022 339 1144 366 Ariana·

250 394 392 437 perfidiae
413 388 572 433 confenfisse
585 413 595 428 ,
622 387 661 420 ab
687 393 764 420 irato
774 384 944 424 Constantio
965 387 1146 424 Imperatore

258 448 370 477 Ariane
380 441 544 474 includitur
556 445 590 471 in
600 439 727 479 quodam
737 435 862 469 cubiculo
879 431 1054 475 domussuae
1069 457 1079 472 ‚
1092 432 1146 465 ha·

256 494 343 526 bente
355 498 387 525 in
397 491 579 534 longitudine
587 490 682 530 pedes
693 484 822 528 quatuor-
831 508 838 516 .
861 483 951 539 ‘Haec
962 508 972 522 ‚
987 483 1124 526 inquam·
1135 507 1145 522 ‚

255 543 378 582 verba,
403 551 570 584 tamquam
586 539 620 570 in
636 535 807 570 Liberium
821 534 979 576 injuriosa
994 558 1003 572 ‚
1031 533 1071 567 de
1088 534 1145 566 suo

254 590 424 629 Boeviario
461 590 542 624 reste
578 585 761 629 proscripsit
797 584 953 618 Romana
980 582 1124 617 Ecclefia
1137 605 1146 615 .

257 642 364 677 Aliud
386 641 478 675 enim
493 649 559 671 non
582 636 659 669 fecit
673 634 825 670 Liberius
838 658 849 673 ,
874 633 971 676 quim
985 632 1077 675 quod
1087 630 1143 666 do·

254 694 363 727 losum
381 687 670 725 &ambidextrum
691 684 882 728 Syrmiensts
905 682 1032 726 Synodi
1054 683 1148 724 Sym-

254 743 372 777 bolum
395 742 429 774 in
454 739 540 772 resto
567 736 660 770 sensu
683 734 899 778 acceptaverit
918 757 925 763 .
954 732 1028 765 Nec
1054 731 1144 765 aliud

253 793 329 826 vult
349 789 484 824 sanstus
496 784 728 828 Hieronymus
751 786 786 818 in
813 783 956 816 virorum
970 780 1144 815 illust-rium

253 840 422 883 catalogo
436 862 447 879 ‚
474 839 560 872 acin
577 834 751 869 Eusebiani
763 831 923 868 Chronici
945 831 1143 874 supplemen-

252 901 293 924 to
309 914 319 929 ‚
345 889 511 922 affirmans
530 886 702 922 Liberium
727 882 880 918 haereticae
901 881 1051 925 pravitati
1073 881 1144 914 sub-

254 939 407 982 scripsiffe
427 964 440 976 t
465 938 528 973 Per
556 935 750 971 haereticam‘
765 933 956 976 pravitatem
983 930 1143 987 intelligit

256 990 415 1026 dolosum-
435 988 518 1023 istud
530 985 732 1030 symbolum.
762 982 865 1025 Cujus
888 982 1070 1024 acceptatio
1080 982 1143 1014 fuit

252 1040 466 1082 item‘lapsus
489 1038 669 1073 multorum
684 1034 922 1077 Episcoporurn
946 1032 980 1064 in
1004 1029 1147 1073 Synodo

256 1089 479 1124 Ariminensi.
510 1089 554 1122 Et
577 1085 622 1120 ob
644 1086 746 1129 ipsum
769 1084 920 1117 Romana
944 1080 1082 1117 Ecclesia
1102 1080 1145 1115 do

253 1142 318 1175 :suo
342 1139 513 1173 Breviar'io
532 1135 692 1179 expunxit
704 1133 890 1169 Liberium.

309 1188 484 1227 Trecenfis
494 1186 619 1230 Synodi
633 1211 643 1226 ‚
671 1185 705 1218 in
718 1195 781 1225 qua
794 1183 1008 1227 antiquorum
1020 1182 1143 1217 Roma-

258 1251 383 1275 norum
393 1236 598 1272 Pontificum
607 1235 650 1269 ab
661 1234 780 1268 Isidoro
793 1233 976 1268 Mercatore
998 1234 1033 1267 in
1047 1235 1143 1268 Fran-

257 1292 348 1326 eiam
367 1289 550 1333 deportatas
571 1285 725 1330 epistolas
746 1283 879 1318 admitti·
903 1294 1068 1327 tamquam
1090 1296 1144 1317 au-

254 1339 427 1375 zhemicas
437 1363 448 1380 ‚
473 1338 506 1371 δε
517 1335 726 1378 comprobari
749 1332 789 1367 ab
803 1334 989 1367 Hincmaro
1004 1334 1146 1367 Remen-

249 1391 288 1430 ,ζῇ
312 1387 526 1430 Metropolita
550 1386 634 1428 iuffit
648 1385 789 1427 Ioannes
811 1385 942 1418 octavus
968 1383 1144 1416 Pontifex:
1165 1398 1167 1400 ·

249 1440 396 1482 'Hi-rjus,
423 1438 579 1479 inquam,
604 1434 731 1477 Synodi
757 1433 913 1477 judicium
930 1430 1037 1465 adhuc
1060 1432 1145 1476 vige·

260 1489 322 1522 bat
330 1487 483 1531 Gregorii
493 1484 593 1519 nostri
606 1493 756 1525 tempore
765 1506 775 1522 ‚
809 1482 947 1524 ideoque
958 1480 1012 1514 hic
1025 1493 1065 1514 ex
1078 1481 1144 1514 istis

264 1537 422 1579 Epistolis
432 1559 442 1575 ,
472 1544 600 1568 necnon
615 1544 655 1567 ex
669 1532 756 1566 libro
768 1531 958 1566 Pontificali
970 1530 1144 1574 desumpsit

263 1588 388 1625 vitam,
414 1585 469 1619 seu
491 1584 644 1619 lectiones
666 1582 707 1616 de
718 1582 783 1617 vita
804 1582 985 1615 fanstorum
1007 1580 1143 1615 Pontifi-

263 1648 339 1672 cum
363 1637 397 1670 &
410 1634 596 1678 Martyrum
611 1657 618 1664 .
646 1631 756 1666 Etiam
780 1630 820 1665 de
834 1631 923 1674 lapsu
939 1631 1046 1665 Sansti
1058 1630 1145 1664 Mar-

267 1687 400 1725 cellini,
425 1695 524 1726 quem
544 1684 607 1718 effe
627 1681 868 1716 calumniosum
893 1679 1143 1714 Donatistarum

263 1738 460 1781 figmentum
470 1731 724 1769 constantiffime
734 1731 831 1765 docet
841 1731 981 1766 sanstus
990 1729 1144 1773 Augusti·

264 1797 342 1820 nus.
369 1785 504 1819 Etenim
516 1783 664 1818 adversus
678 1781 875 1815 petilianum
887 1779 1143 1814 Constantinen-

262 1837 328 1871 sem
342 1834 589 1870 Donatistarum
603 1831 798 1875 Episcopum
815 1830 923 1865 scribit
945 1828 978 1863 in
1004 1828 1143 1863 librode

70 1883 225 1920 (hp-³3³6-
262 1887 365 1920 unico
375 1883 564 1927 Baptismo:
593 1883 681 1926 ‚Quid
695 1884 766 1923 jam
787 1890 859 1923 opus
877 1879 938 1919 est,
963 1887 994 1911 ut
1020 1877 1143 1921 Episco-

256 1944 367 1978 porum
387 1938 532 1967 Romame
543 1931 698 1974 Ecclesi‘ae,
725 1943 794 1974 quos
822 1929 1044 1964 incredibilibus
1068 1930 1143 1962 calu-

259 1992 353 2019 mniis
372 1981 589 2026 inseHatusYst
605 2006 615 2022 ,
642 1981 752 2023 objecta
781 1980 820 2014 ab
843 1992 875 2014 eo
900 1986 1027 2013 crimina
1049 1980 1140 2012 dilua-

259 2040 328 2068 mus
349 2036 362 2068 ἒ
391 2034 577 2067 Marcellinus
613 2033 646 2065 ὠ·
672 2030 841 2070 Presbyteri
865 2032 930 2070 ejus
959 2029 1140 2063 Melcbiades

261 2087 297 2118 Θ
318 2084 532 2123 Marcellinus,
556 2084 590 2115 (ν
612 2080 752 2120 sylvester
773 2105 784 2121 ‚
811 2081 985 2113 traditionis
1009 2080 1142 2112 codicum

259 2137 455 2172 Dasminum,
471 2134 505 2165 (9*
517 2130 738 2171 thurificationis
749 2130 786 2162 ab
796 2140 827 2161 eo
837 2133 956 2161 crimine
966 2138 1140 2170 arguuntur,

259 2181 318 2225 sed
331 2183 485 2223 numquid
505 2182 569 2213 ide&
580 2184 790 2214 convIncuntur
803 2202 813 2218 ,
839 2185 892 2210 aut
903 2178 1026 2210 convicii
1038 2179 1141 2219 aliqua

262 2233 498 2264 documentorum
516 2229 660 2271 firmitate
671 2228 889 2267 monstrantur?
914 2226 981 2268 Ipfh
986 2225 1139 2268 sceleratos

260 2284 297 2315 6
306 2279 456 2324 sacrilegos
462 2278 551 2321 fuiffe
572 2279 646 2310 dicit
659 2302 669 2316 ‚
694 2288 743 2320 ego
752 2282 917 2309 innocentes
927 2275 1012 2318 futffe
1027 2275 1138 2318 respon-

260 2332 315 2363 deo
335 2355 342 2362 .
370 2330 460 2372 ,Quid
483 2328 608 2361 laborem
628 2326 757 2369 probare
793 2324 984 2367 defenfionem
1018 2337 1114 2358 meam
1128 2349 1139 2365 ‚

260 2383 326 2414 cum
335 2379 384 2412 ille
403 2389 454 2411 nec
475 2382 597 2410 tenuiter
607 2377 730 2418 probare
747 2384 866 2409 conatus
882 2375 922 2417 fit
932 2373 1139 2418 accusationem

255 2429 368 2475 suam?
393 2427 437 2461 Et
451 2427 521 2470 post
544 2425 708 2468 quaedam:
737 2432 803 2460 Huc
826 2427 937 2458 accedit
949 2448 959 2464 ‚
984 2431 1053 2467 quia
1064 2426 1136 2458 Mel·
1152 2429 1154 2431 ’

260 2479 366 2514 chiade
375 2486 444 2510 tunc
462 2475 605 2519 Episcopo
629 2480 771 2509 Romanae¹
790 2474 922 2517 Ecclefiae
935 2473 1110 2517 praefidente
1124 2499 1134 2515 ,

261 2542 298 2564 ex
324 2532 478 2568 Praecepto
502 2526 689 2566 Constantini
714 2530 902 2567 Imperatoris
932 2549 943 2564 ,
981 2525 1024 2558 ad
1048 2536 1132 2567 quem

259 2588 353 2611 totam
379 2579 462 2610 illam
487 2574 605 2618 causam
630 2574 807 2618 accusatores
834 2573 973 2617 Episcopi
1001 2574 1133 2607 Cartba-

255 2627 383 2672 ginensi's
411 2624 545 2666 Ecclefiae
572 2626 723 2659 Caeciliani
742 2633 797 2666 per
824 2625 984 2656 anulinum
1013 2627 1131 2657 Procon-

257 2678 351 2722 sulem
376 2677 543 2710 detulerunt
563 2699 574 2715 ‚
600 2675 679 2707 idem
704 2676 883 2707 Caecilianus
909 2679 1046 2707 innocens
1064 2682 1132 2716 pro-

261 2733 418 2761 nuntiatus
439 2725 493 2764 est.
520 2728 565 2757 De
585 2735 641 2766 quo
658 2725 769 2765 judicio
788 2725 852 2757 cum
865 2725 996 2764 Majores
1017 2722 1130 2763 istorum

260 2776 498 2819 importunisfima
514 2779 682 2816 pervicacia
701 2783 856 2806 ntemorato
878 2776 1053 2814 Imperatori
1065 2785 1130 2816 que-

260 2836 414 2865 rerentur,
444 2826 525 2867 quod
546 2836 603 2857 non
611 2825 695 2866 plene
707 2834 757 2856 nec
769 2823 843 2856 rell?
857 2822 956 2864 fuerit
975 2829 1128 2856 examina-

261 2888 326 2910 tum
344 2884 431 2918 atque
453 2876 675 2916 depromptum,
701 2873 778 2906 nihil
798 2874 835 2905 de
847 2872 1022 2906 Melchtadis
1035 2874 1129 2906 tradi-

260 2934 337 2961 tione
356 2927 408 2959 vel
416 2923 631 2966 thurificatione
651 2926 812 2956 dixerunt:
840 2922 888 2955 Ad
911 2924 995 2963 cujus
1006 2925 1128 2957 audien·

259 2983 334 3010 riam
355 2986 404 3008 nec
414 2979 517 3008 venire
529 2979 630 3016 utique
640 2973 798 3006 debuerunt
806 2996 817 3012 ‚
832 2972 882 3005 hoc
890 2974 987 3014 potius
999 2982 1052 3006 aut
1059 2971 1128 3017 sug-

254 3032 390 3071 gerentes
410 3028 605 3065 Imperatori,
630 3033 683 3056 aut
705 3032 738 3056 ut
744 3021 946 3066 suggereretur
969 3021 1127 3063 instantes,

257 3075 335 3119 quod
354 3074 437 3114 apud
445 3075 620 3107 traditorem
629 3075 770 3105 Codicum
792 3076 998 3113 Divinarum,
1022 3084 1057 3107 ac
1066 3075 1127 3106 ido·

257 3129 350 3160 lorum
367 3121 522 3165 sacrificiis
548 3127 734 3165 inquinatum
753 3147 764 3163 ,
789 3121 907 3165 causam
930 3120 1018 3165 suam
1042 3135 1126 3167 agere

255 3187 315 3209 non
338 3172 477 3206 deberent
490 3194 497 3202 .
519 3172 596 3204 Ciam
617 3174 680 3215 ergit
701 3172 751 3204 hoc
770 3183 821 3205 nec
842 3179 911 3204 ante
922 3169 1126 3216 suggefferint,

255 3236 310 3259 nec
325 3222 515 3266 posteaquam
534 3231 637 3255 contra
646 3233 692 3255 eos
709 3229 765 3263 pro
786 3223 946 3255 Caeciliano
958 3223 1123 3262 judicatum

255 3276 295 3316 est
322 3299 332 3314 ,
353 3271 459 3316 saltem
483 3270 557 3303 vicli
592 3272 626 3304 (9⁴
652 3276 723 3303 irati
747 3270 940 3313 objiciendum
961 3278 1100 3313 putarint
1113 3297 1124 3313 ,

255 3325 331 3368 quid
351 3332 426 3356 nunc
449 3326 553 3353 inanes
573 3328 638 3352 tam
656 3319 721 3362 serti
739 3320 911 3353 conneclunt
934 3322 1095 3355 calumnias
1112 3347 1122 3363 ,

254 3373 339 3416 quasi
361 3374 395 3406 (θ’
420 3374 584 3403 innocentia
609 3369 764 3403 Caeciliani
790 3370 964 3403 melchiadis
995 3375 1026 3415 J
1029 3373 1121 3405 udicis

254 3425 459 3458 decoloratione
472 3418 604 3462 fuscetur
626 3443 637 3460 ‚
663 3420 697 3453 <vt
723 3417 788 3462 ipsa
812 3422 946 3455 Romana
973 3421 1122 3465 Ecclesia?

351 3470 457 3511 Christ.
470 3474 548 3513 Lupi
558 3474 656 3512 Opera
666 3472 729 3502 ΤΥ
729 3474 753 3504 1.

1928 166 2019 205 109

1211 232 1290 264 Hoc
1313 231 1416 271 ipsum
1429 230 1631 265 Melchiadis
1649 234 1808 274 judicium
1822 235 1931 271 laudat
1953 237 1986 271 in
1999 237 2089 272 libris

1209 279 1359 316 adversus
1380 280 1639 316 parmenianum
1652 307 1663 321 ,
1689 284 1722 317 ὃς
1736 289 1837 330 pergit
1851 301 1861 320 :
1889 292 1925 320 In
1944 298 1999 330 quo
2001 289 2087 328 judi-

1207 338 1251 364 cio
1276 355 1286 370 ‚
1302 331 1379 372 ficut
1398 330 1592 370 Ecclefiastica
1616 332 1704 369 Gesta
1724 334 1866 373 testantur
1887 360 1896 375 ‚
1920 344 1992 379 quia
2012 337 2090 370 vim

1208 380 1280 425 fim‘
1290 380 1356 420 isti,
1382 382 1563 414 &innocen-s
1576 383 1754 416 caeciimnus
1778 389 1917 418 inventus
1929 387 1987 427 est,
2011 388 2086 422 Mel-

1205 432 1342 465 chiadem
1352 437 1475 463 crimine
1492 432 1665 464 traditionis
1677 431 1832 474 accusant.
1863 434 1906 467 Et
1916 436 2084 475 adversum

1208 480 1274 515 haec
1295 480 1372 514 dieti
1385 480 1537 515 Petiliani
1562 481 1654 515 verba
1669 496 1679 515 .·
1708 485 1800 516 Periit
1820 486 2084 519 etiam‘Maximia-

1207 543 1261 564 nus
1280 542 1315 563 ac
1337 531 1559 570 Diocletianus,
1587 538 1636 573 qui
1657 533 1727 564 dum
1746 532 1836 566 thura
1857 535 2058 574 praedicarent
2072 561 2090 589 ’l

1208 580 1334 622 incensis
1359 580 1506 614 codicibus
1535 584 1696 614 Dominicis
1717 606 1727 620 ,
1749 589 1868 624 primus
1896 587 2084 619 Marcellinus

1211 629 1373 673 Episcopus
1399 634 1597 668 Romanorum
1626 638 1677 672 qui
1695 631 1764 673 fuit
1785 658 1796 673 ‚
1815 631 1873 676 Jed
1898 634 1933 667 (9·
1953 634 2084 679 Cartba—

1188 693 1282 1542 lgns
1310 679 1475 724 Mensurius
1502 682 1536 714 δ’
1564 683 1743 716 caecdianus
1772 695 1810 716 ex
1844 679 1910 727 ipfis
1931 682 2086 728 sacrilegis

2103 315 2168 344 Lt-
2189 324 2216 345 c·
2229 320 2258 350 ς.·

1207 731 1333 767 flatiani:
1353 730 1518 772 utfavillae
1540 731 1596 763 vel
1614 736 1724 764 cineres
1746 732 1968 776 remanserunt.
1996 734 2089 775 His,

1206 782 1340 823 inquam
1364 806 1374 821 ,
1402 781 1506 814 verbis
1528 780 1734 824 Augustinus
1753 783 1883 826 reponit
1905 796 1911 814 :
1949 786 2083 826 Sequeris

1196 833 1269 870 ‚iam
1290 855 1301 870 ,
1329 833 1363 864 Θ
1385 829 1545 873 Epifiopos
1568 836 1705 865 nontinas
1726 855 1737 872 ‚
1762 836 1835 874 quos
1862 834 1899 865 de
1924 835 2084 868 traditione

1205 881 1333 912 codicum
1351 879 1453 922 soletis
1475 891 1595 923 arguere
1611 905 1618 912 .
1646 884 1692 914 De
1710 882 1819 924 quibus
1841 884 1937 917 &nos
1956 882 2082 925 solemus

2102 814 2159 846 L.2.
2166 823 2190 845 c·
2201 825 2253 851 92·

1208 928 1380 972 respondere
1406 944 1416 963 :
1446 936 1502 964 Aut
1528 942 1588 964 non
1606 931 1742 973 probati-s
1771 957 1782 973 ‚
1809 935 1844 967 (τ
1868 933 1915 966 ad
1936 939 2083 967 neminem

1200 985 1331 1022 pen-tinet
1354 1004 1365 1019 ,
1390 989 1445 1013 aut
1463 980 1598 1022 probatis
1619 1005 1630 1022 ‚
1657 983 1691 1015 (a
1712 983 1758 1014 ad
1777 995 1828 1016 nos
1850 993 1910 1016 non
1929 989 2073 1025 pertinet.

1204 1031 1295 1063 Suam
1319 1035 1396 1065 enim
1412 1029 1564 1073 sarcinam
1581 1040 1802 1075 portaverunt,
1831 1044 1885 1068 aut
1905 1032 2011 1067 bonam
2031 1035 2084 1068 vel

1204 1082 1332 1116 maiam.
1358 1084 1406 1115 Et
1426 1081 1532 1116 bonam
1542 1084 1663 1127 quidem
1683 1087 1831 1118 credimus
1843 1109 1855 1126 ,
1874 1082 1933 1128 sed
1951 1085 2083 1126 qualem-

1204 1131 1276 1166 libet
1297 1158 1308 1174 ‚
1336 1142 1433 1166 tamen
1447 1132 1535 1176 suam
1558 1160 1564 1166 .
1595 1135 1776 1169 Donatistae
1798 1160 1809 1176 ,
1833 1134 1901 1180 qud
1923 1132 2083 1168 Molchia-

1205 1181 1254 1216 dis
1275 1183 1426 1217 adversus
1448 1183 1623 1218 Donatum
1643 1186 1661 1218 a
1679 1184 1770 1219 Casss
1791 1187 1892 1230 nigris
1902 1196 1964 1229 pro>
1981 1185 2084 1219 Caeci-

1208 1235 1295 1267 liano
1317 1233 1564 1278 Carthaginenfi
1590 1234 1753 1277 Episcopo
1773 1235 1931 1277 judicium
1951 1246 2084 1270 evacua-

1208 1294 1277 1317 rent
1289 1308 1299 1323 ,
1326 1283 1478 1317 dixerunt
1492 1283 1596 1327 ipsum
1611 1308 1622 1324 ,
1647 1284 1907 1328 Marcellumque
1929 1287 1962 1320 &
1975 1285 2087 1328 Syl-ve·

1207 1332 1304 1367 strum
1328 1332 1419 1367 fuisse
1430 1332 1804 1368 MarcelliniPontificis
1817 1335 1984 1373 Clericus,
2007 1346 2085 1369 cum

1209 1384 1276 1424 ipso
1312 1382 1346 1415 in
1370 1383 1579 1417 Diocletiani
1607 1385 1832 1426 persecutione
1858 1385 2022 1419 tradidisse
2049 1395 2086 1418 ac

1207 1430 1400 1466 thurificasse
1425 1458 1435 1473 ,
1461 1444 1529 1467 non
1556 1435 1649 1468 fuisse
1683 1434 1851 1479 legitimos
1886 1435 2087 1476 Pontifices,

1207 1482 1346 1524 ideoque
1367 1483 1512 1525 ipsorum
1537 1483 1578 1518 de
1609 1485 1723 1525 quavis
1747 1486 1966 1520 Ecclefiastica
1993 1485 2087 1520 causa

1206 1530 1365 1574 judicium
1390 1532 1454 1566 effe
1477 1533 1688 1568 stramineum
1716 1546 1753 1569 ac
1780 1535 1910 1578 penitus
1938 1537 2085 1570 nullum..

1208 1581 1268 1614 Ast
1292 1581 1354 1615 effe
1378 1592 1446 1614 non
1469 1582 1574 1617 solum
1594 1585 1832 1618 calumniosam
1846 1609 1856 1625 ‚
1890 1586 1944 1619 sed
1962 1587 2089 1629 insuper

1209 1631 1372 1664 novellam
1399 1631 1544 1666 fabulam
1553 1634 1699 1667 ostendit
1711 1635 1842 1668 Sanetus
1861 1634 2067 1680 Augustinus
2077 1646 2086 1668 ·.

1206 1679 1306 1725 Qod
1318 1681 1434 1724 nempe
1445 1693 1506 1716 nec
1518 1683 1583 1726 ipse
1597 1684 1744 1717 Casenfis
1755 1684 1910 1718 Donatus
1923 1710 1934 1726 ,
1946 1697 2006 1719 nec
2018 1686 2092 1730 quIs

1207 1730 1303 1773 iplius
1314 1728 1452 1775 Collega
1467 1739 1523 1765 aut
1539 1733 1690 1776 defensor
1701 1732 1744 1769 de
1759 1734 1820 1768 ista
1840 1744 1919 1768 tunc
1929 1738 2093 1778 exceptio-

1209 1784 1404 1814 neautant'e
1417 1793 1474 1815 aut
1487 1782 1558 1824 post
1578 1778 1739 1824 judicium
1761 1785 1812 1818 vel
1826 1784 2009 1819 somniasset
2022 1811 2029 1818 .
2057 1787 2094 1821 Λ

1205 1830 1409 1864 Diocletiani
1422 1832 1698 1873 persecutionibus
1707 1858 1718 1874 ,
1745 1834 1836 1879 quod
1848 1834 1918 1869 illic
1928 1834 2092 1871 Constan-

1205 1881 1268 1914 tini
1288 1879 1384 1914 Pater
1407 1881 1622 1917 Constantius
1635 1883 1780 1919 Chlorus
1801 1886 2006 1929 imperasset,
2031 1887 2093 1922 im-

1205 1930 1312 1964 munis
1335 1931 1438 1965 fuerat
1459 1931 1569 1968 Gallia
1591 1958 1603 1974 ,
1630 1933 1771 1979 ideoque
1797 1935 1881 1970 nulli
1902 1935 1975 1971 istic
1996 1948 2093 1973 erant

1205 1979 1408 2021 thurificati,
1424 1982 1507 2016 nulli
1520 1982 1682 2023 libellati,
1692 1986 1775 2019 nulli
1789 1986 1962 2022 traditores
1976 2013 1982 2020 .
1994 1987 2092 2022 Hinc

1205 2032 1295 2064 suam
1305 2042 1369 2064 cun
1382 2032 1563 2067 Caeciliano
1577 2035 1705 2068 causam
1720 2036 1738 2070 a
1751 2035 1941 2072 Melchiade
1951 2038 2088 2082 quidem

1203 2079 1290 2123 Papa
1303 2080 1439 2123 judicari
1454 2083 1654 2118 admiserunt
1665 2084 1847 2121 Donatistae
1856 2113 1866 2128 ,
1890 2087 2002 2123 verum
2014 2100 2085 2123 non

1203 2129 1243 2162 ab
1259 2129 1325 2171 ejus
1338 2129 1500 2171 synodo,
1527 2133 1578 2166 sed
1603 2133 1659 2175 ipsi
1687 2136 2007 2176 perConstantinurn
2029 2139 2087 2173 ad-

1201 2178 1295 2222 jungi
1310 2178 1512 2221 postularunt
1534 2181 1728 2218 Gallicanos
1739 2184 1938 2229 Episcopus:
1964 2186 2082 2223 Postu-

1203 2229 1310 2261 larunt
1334 2229 1462 2271 Judices
1486 2231 1654 2275 integros,
1681 2233 1723 2268 de
1735 2234 1920 2270 traditionis
1931 2247 1987 2271 aut
1999 2238 2085 2273 fimi-

1202 2277 1395 2313 liscriminis
1416 2281 1504 2323 lapsu
1527 2282 1701 2325 nequidem
1724 2285 1903 2327 suspectos.
1930 2287 1974 2321 Et
1987 2287 2083 2324 hasce

1201 2338 1307 2370 preces
1327 2328 1566 2365 Constantinus
1588 2332 1729 2366 omnino
1749 2335 1910 2379 explevit.
1937 2337 2079 2385 roir·

1199 2378 1236 2411 ca
1270 2377 1318 2411 illi
1341 2377 1564 2415 Melchiadem
1596 2381 1779 2418 habuerunt
1815 2397 1873 2429 pro
1899 2386 1994 2431 plene
2022 2400 2080 2433 pu-

1198 2439 1236 2461 ro
1269 2437 1370 2471 atque
1408 2430 1619 2466 immaculato
1646 2457 1653 2464 .
1692 2433 1885 2470 Maculandi
1923 2438 2013 2472 enim
2037 2450 2078 2474 ac

1196 2476 1395 2521 degradandi
1421 2480 1588 2515 Caeciliani
1610 2491 1704 2517 tanto
1724 2482 1850 2528 impetu
1872 2487 1943 2521 arsit
1964 2489 2076 2523 omnis

1195 2526 1253 2561 ista
1276 2528 1393 2570 factio,
1420 2539 1457 2564 ut
1477 2530 1546 2573 ejus
1564 2533 1662 2567 etiam
1671 2533 1906 2571 ordinatorem
1927 2538 2074 2575 Felicem

1196 2575 1446 2621 Aptungensem
1467 2580 1665 2626 Episcopum
1690 2585 1844 2620 accusarit
1865 2587 2071 2630 traditionis,

1195 2626 1228 2659 &
1241 2625 1295 2660 hic
1307 2627 1406 2662 etiam
1419 2640 1487 2663 non
1511 2630 1616 2666 solt‘im
1632 2631 1855 2670 Ecciefiastico
1865 2660 1877 2676 ‚
1902 2636 1958 2671 sed
1968 2637 2070 2673 etiam

1194 2676 1423 2712 Proconsulari
1444 2678 1569 2721 judicio
1587 2681 1730 2716 debuerit
1754 2687 1948 2730 expurgari.
1975 2688 2070 2723 Hinc

1193 2726 1226 2758 in
1250 2725 1334 2759 libro
1357 2726 1398 2760 de
1409 2730 1508 2763 unico
1519 2729 1686 2774 Baptismo
1706 2734 1788 2767 reste
1809 2735 1914 2780 pergit
1933 2736 2070 2773 Sanetus

1193 2775 1418 2820 Augustinus:
1445 2784 1507 2814 Hoc
1524 2785 1614 2814 etiam
1624 2781 1707 2822 facit
1728 2785 1774 2816 ad
1789 2787 1976 2828 cogitandam
1994 2790 2069 2823 Mel-

1190 2825 1308 2859 cbiadis
1330 2827 1369 2859 ab
1378 2839 1475 2861 eorum
1495 2831 1747 2865 criminationibus
1754 2835 1937 2875 puriffimam
1949 2843 2064 2872 vitam.

1190 2875 1346 2919 Nififor.e
1356 2876 1510 2920 quisquam
1535 2881 1640 2923 tamfit
1650 2881 1787 2924 infipiens
1801 2908 1812 2924 ,
1836 2894 1870 2918 ut
1881 2889 1985 2921 credat
1994 2900 2039 2922 eos
2051 2914 2063 2930 ‚

1189 2936 1251 2957 cum
1263 2928 1356 2959 Felici
1379 2939 1437 2960 non
1456 2936 1662 2972 pepercerint,
1688 2934 1709 2965 a
1733 2945 1789 2976 quo
1811 2938 2064 2978 Caecilianusfue·

1189 2985 1240 3008 rat
1260 2977 1416 3010 ordinatus
1435 3003 1447 3019 ,
1472 2979 1633 3014 Meli-bladi
1650 2989 1773 3023 parcere
1790 2989 1909 3028 potuisse
1929 3012 1939 3026 ,
1965 2989 1985 3018 ἃ
2007 2998 2061 3029 quo

1180 3024 1288 3066 fuerat
1310 3026 1478 3069 abfhluius,
1497 3028 1525 3070 fi
1541 3031 1620 3063 illius
1643 3030 1783 3075 Epiftopi
1805 3040 1902 3067 vitam
1924 3060 1934 3075 ,
1958 3048 2061 3078 quam-

1188 3080 1237 3108 vis
1264 3075 1375 3108 nullum
1399 3079 1510 3111 vulnus
1533 3079 1714 3122 conscientia
1735 3085 1897 3125 peremiffet
1918 3110 1929 3125 ,
1950 3084 2057 3127 saltem

1188 3124 1400 3168 qualiscumque
1413 3126 1504 3167 fama
1525 3131 1678 3172 culpasset.
1705 3136 1752 3164 An
1776 3136 1847 3166 vero
1867 3136 2056 3177 qusiinforo

1187 3174 1411 3218 Aptungenſsum
1427 3177 1548 3218 fae‘lum
1566 3179 1674 3221 fuerat
1698 3180 1736 3212 ab
1761 3181 1822 3221 istis
1849 3183 2055 3227 accusaretur,

1185 3228 1219 3260 ργ
1229 3226 1307 3267 quod
1315 3231 1348 3257 in
1357 3230 1554 3261 Romanorum
1564 3231 1709 3271 Capitolio
1725 3230 1834 3272 fuerat
1848 3233 1971 3274 facium
1981 3245 2056 3271 tace·

1184 3275 1287 3310 retur?

1233 3325 1349 3368 Aperit
1371 3326 1493 3361 ibidem
1517 3328 1686 3364 calumniae
1707 3331 1889 3376 originem
1917 3339 2054 3369 Romana

1183 3379 1215 3407 in
1226 3374 1347 3416 Ecclesia
1370 3388 1421 3410 nec
1443 3379 1586 3413 damnare
1605 3392 1777 3423 quemquam
1801 3386 1980 3426 qucopum
1998 3385 2054 3427 suo

1183 3426 1380 3469 qualicumque
1412 3428 1522 3469 judicio
1563 3438 1720 3471 potuerunt
1766 3457 1779 3473 ‚
1826 3445 1877 3468 nec
1924 3437 2052 3474 aliquem

1575 3478 1606 3513 K
1888 3481 2003 3525 sitorum

2081 2812 2214 2852 capa&
