2372 3756
385 148 407 182 ί
452 145 483 177 ὁ

304 218 308 225 ”
359 145 700 257 Ᾱῐτῗωθιιὶεέηιίω
720 208 806 245 istud
830 221 898 246 non
913 210 987 249 ⁴fuit
997 209 1188 256 pacificum.

305 261 477 298 'Etenima
497 261 692 305 nequiffimo
704 259 853 296 Arnaldo
865 259 1020 295 Brixienfi
1051 259 1092 295 ad
1105 259 1193 303 Apo-

308 312 429 347 stolicae
460 311 552 347 Sedis
585 311 718 356 injurias
747 321 786 345 ae
809 309 1021 345 rebellionem
1047 309 1191 356 seductus

310 362 484 398 Romanus
501 361 640 398 ⁴Senatus
663 360 730 396 haec
762 359 803 394 de
824 360 977 405 Eugenio
1000 359 1095 394 tertio
1122 359 1194 392 scri-

307 413 371 456 psit
391 410 432 447 ad
455 411 607 451 Locharii
631 413 667 446 in
687 410 829 454 Imperio
864 411 1073 445 successorem
1094 407 1190 453 'Con-

691 124 738 174 S.
774 115 1060 176 GR'E'G‘o'ki
1080 134 1111 174 1‘
1130 134 1293 173 -serrl
1312 138 1371 171 Ml
1398 116 1770 173 'Pomrrrers

1256 207 1386 242 cesserat
1400 233 1407 241 .
1435 207 1589 244 Secundo
1612 209 1781 243 accusatur
1792 204 1992 246 *eonee'ffiffe'
2006 210 2134 247 Delma:

1254 262 1368 298 ticam,
1393 258 1540 299 mitram,
1564 259 1600 293 Θ
1619 257 1766 301 sandalia
1788 282 1796 290 .
1813 258 2061 305 'Homquidam
2087 264 2131 298 fic

1254 308 1414 350 exponit.-
1439 311 1592 353 Eugenius
1612 306 1759 350 permisit,
1786 318 1821 342 ut
1846 311 1932 343 struit
1955 331 1967 351 ,
1993 313 2060 346 licet
2078 315 2131 346 Su-

1255 356 1414 391 bur-bicarii
1429 358 1491 400 sint
1511 383 1522 399 ,
1549 357 1690 402 Episcopi
1712 357 1918 402 Episcopalem
1946 357 2131 403 constet-atio-

1254 418 1320 440 nem
1338 433 1349 448 ,
1375 414 1531 452 omniaque
1557 409 1640 450 istius
1667 410 1825 452 dignitatis
1850 419 2026 443 ornamenta
2047 416 2130 446 intra

134 443 170 480 L*
181 447 292 480 ‘'⁶⁹²⁸''
304 461 437 497 rardum
450 487 458 495 .
482 463 678 496 Concordiam
702 466 781 495 inter
802 459 929 492 Siculum
949 461 984 494 er
1003 462 1122 501 Papam
1138 457 1189 490 bu·

296 511 436 562 jusmodi
446 513 498 557 effe
508 517 672 554 accepimus
684 535 692 543 .
722 513 810 552 Papa
820 510 943 549 conceffit
968 510 1060 543 siculo
1071 512 1191 551 virgam

304 565 343 597 ό·
364 565 509 597 annulum
529 586 540 602 ,
565 562 769 594 Dalmaticam
794 561 828 593 <a
848 565 994 599 mitram,
1019 561 1053 596 (5
1073 555 1189 601 sanda-

303 615 370 655 lia,
396 615 431 648 (9¹
454 623 491 646 ne
512 613 604 645 ullum
626 616 659 644 in
679 619 792 644 terram
804 607 893 653 suam
905 614 1009 650 mittat
1021 611 1184 651 Legatum,

304 662 364 705 nist
394 673 478 705 quem
505 662 619 697 siculus
651 665 772 703 petierit
789 684 797 691 .
828 662 875 692 Et
900 660 1021 691 siculus
1055 657 1141 690 dedit
1159 665 1187 691 et

301 714 430 750 multam
446 717 607 754 pecuniam
625 719 683 754 pro
703 706 883 744 detrime‘nto
905 708 997 748 vestro
1019 708 1054 741 Θ
1077 710 1186 740 Roma-

304 769 338 800 ni
358 767 504 804 Imperii,
526 762 604 808 quod
634 765 690 794 Dei
705 765 812 805 gratia
830 758 957 798 vestrum
977 756 1092 790 exten.
1122 758 1185 792 Ex-

1252 459 1384 491 siciliam
1403 465 1552 501 accipiant
1563 484 1574 501 ,
1603 470 1653 493 nec
1673 458 1800 502 ipsorum
1823 459 1912 503 causa
1924 468 2062 504 cogantur
2073 465 2130 495 Ur-

1252 507 1317 540 bem
1343 510 1477 547 accedere
1501 534 1509 544 .
1538 509 1586 544 At
1608 520 1733 544 certum
1761 509 1807 543 est
1828 509 1895 544 labi
1919 534 1927 542 .
1951 510 2129 547 Romanus

1251 558 1338 591 enim
1353 558 1490 593 Senatus
1499 561 1625 594 accusat
1636 559 1824 604 Eugenium
1837 559 2008 595 dedonata
2016 561 2129 603 mitra,
2186 588 2189 590 >

1249 617 1349 650 quam
1373 609 1545 644 Uratislao
1565 608 1733 645 Bohemiae
1755 610 1845 644 Duci
1866 609 1959 645 fuisse
1981 611 2022 646 ab
2050 610 2129 646 Ale·
2186 603 2190 608 ¹

1220 707 1223 709 μ
1250 657 1376 694 xandro
1401 659 1542 693 secundo
1561 658 1673 694 datam
1701 659 1812 694 laudat
1839 659 1948 694 noster
1974 661 2128 704 septimus

1250 708 1430 753 Gregorius
1442 723 1453 743 .-
1481 710 1638 753 Antecffr
1665 709 1756 750 noster
1768 711 1940 744 Alexander
1951 713 2040 753 Papa
2047 717 2129 753 peti·
2144 712 2205 741 ια.
2215 709 2302 751 Epist.

1249 759 1377 792 tionibus
1398 764 1459 793 tuis
1469 758 1695 803 condescendit,
1720 761 1755 794 o·
1778 763 1823 793 ad
1825 760 1940 805 fignum
1952 766 2072 795 intimae
2083 762 2128 795 di·
2143 754 2191 788 3⁸·

2297 819 2346 843 ο

301 812 366 847 rstat
387 812 535 857 Epistola
559 812 644 856 apud
668 811 831 845 Ottonem
858 808 1058 851 Episcopum
1070 807 1182 842 Frifin-

301 864 436 911 gensem
447 889 456 898 .
483 862 582 896 Natae
595 862 680 895 inter
693 859 881 903 Eugenium
894 858 929 892 &
941 857 1089 892 Siculum
1100 868 1180 902 φιτ»

302 913 420 948 ssionis
438 937 451 953 ,
477 923 607 946 necnon
634 912 667 944 &
694 907 867 942 subsecutae
894 907 1080 942 concordiae
1100 908 1182 942 radi-

301 975 374 998 cem
388 962 488 997 edicit
501 961 666 996 Robertus
676 958 880 993 Montensis:
909 958 1085 991 Guilielmus
1113 961 1180 991 Rex

296 1014 410 1050 siciliae
442 1022 508 1045 cum
544 1013 633 1052 Papa
663 1010 797 1042 Adriano
822 1015 927 1051 quarto
944 1016 1048 1050 pacem
1077 1007 1177 1050 ficit,

299 1062 478 1100 concedendo
497 1066 525 1095 ei
551 1058 774 1103 consecrationes
792 1057 1002 1101 Episcoporum
1021 1062 1117 1101 Regni
1129 1057 1179 1101 J‘ui

298 1113 334 1146 i&
355 1115 486 1146 Ducams
499 1135 510 1153 ‚
529 1111 603 1154 ficut
625 1115 793 1152 antiquitas
813 1120 863 1143 eas
883 1107 1029 1142 babuerat
1052 1107 1176 1149 Ecclesia

299 1165 437 1196 Romana
464 1186 476 1203 ,
510 1163 593 1195 unde
633 1158 781 1204 discordia
810 1159 915 1202 fuerat
944 1163 1021 1192 inter
1052 1161 1177 1191 Patrem

293 1211 380 1263 suum
401 1217 511 1258 Regem
535 1216 690 1256 Rogerium
716 1209 1176 1252 &Innocentium&Eugenium

297 1266 448 1296 Romanos
471 1262 646 1305 Pontifices.
675 1260 789 1295 Sicilia
813 1260 847 1294 &
871 1270 973 1294 omne
984 1257 1177 1301 Neapolita-

296 1324 380 1348 num
407 1314 565 1359 Regnum
604 1309 733 1347 nullum
769 1310 851 1344 oiim
886 1308 1069 1343 habuerunt
1104 1308 1176 1341 Me-

296 1363 538 1407 tropolitanum
566 1362 790 1406 Episcopum.-
817 1359 892 1403 Jure
921 1357 1175 1401 Metropolitico

296 1413 449 1447 suberant
472 1414 631 1447 Romano
651 1409 832 1448 Pontifici,
858 1417 957 1452 atque
985 1407 1030 1442 ita
1055 1418 1174 1441 omnes

295 1462 431 1497 istarum
453 1463 603 1508 gentium
627 1460 780 1503 Episcopi
806 1470 848 1492 ex
862 1457 1177 1502 Apostolico&Ni·

295 1525 387 1547 caeno
411 1513 552 1548 Canone
572 1510 734 1545 debebant
746 1507 956 1543 consecrandi
970 1506 1115 1542 Romam
1127 1518 1175 1541 ac—

294 1561 410 1597 cedere
420 1561 460 1596 ad
472 1561 607 1606 papales
618 1570 735 1595 manus
744 1585 751 1592 .
763 1559 942 1602 Imperator
955 1558 1025 1591 Leo
1037 1558 1175 1597 Isauras,

295 1613 377 1649 dum
390 1612 557 1656 Illyricum
569 1611 725 1647 Romano
735 1607 974 1644 patriarchatui
997 1607 1155 1642 subtraxit
1167 1630 1178 1647 ‚

296 1663 454 1698 subtraxit
476 1663 576 1697 etiam
599 1662 673 1696 istas
694 1669 828 1705 genteS,
855 1657 982 1701 &apud
992 1658 1175 1692 Siculorum

293 1713 471 1756 Syracusas
481 1712 584 1747 erexit
606 1709 901 1754 Metropolitanam
914 1707 1030 1742 Sedem
1043 1730 1054 1747 ‚
1078 1718 1176 1751 atque

298 1764 348 1804 ite
379 1762 471 1797 istius
494 1761 608 1796 lnsuiae
641 1760 798 1803 Episcopi
831 1759 1022 1802 inceperunt
1047 1757 1089 1792 ab
1115 1758 1175 1791 iiio

295 1813 479 1849 consecrari
494 1838 501 1846 .
530 1813 573 1846 Et
594 1811 639 1845 ita
661 1811 724 1845 fuit
734 1810 834 1854 usque
846 1809 887 1843 ad
899 1807 1082 1843 Robertum
1094 1807 1174 1842 Gui-

295 1862 444 1898 [cardum
468 1861 573 1896 :Hic
593 1861 709 1897 Sedem
746 1859 835 1894 illam
871 1858 1031 1892 transtulit
1053 1858 1174 1893 Panor-

294 1925 407 1949 mum.
435 1913 508 1948 Nec
529 1912 596 1946 fine
607 1911 700 1946 omni
714 1911 945 1944 fundamento.
973 1908 1074 1955 Qod
1086 1909 1173 1942 enim

296 1960 555 1999 panormitanus
565 1963 744 2006 Episcopus
753 1961 834 1995 oiim
849 1958 994 1994 habuerit
1010 1959 1098 2002 pallii
1117 1956 1177 1992 ho·

296 2026 411 2049 norem
429 2039 439 2055 ,
465 2014 549 2048 lucet
562 2025 602 2047 ex
615 2012 772 2056 Epistoiis
791 2010 901 2055 magni
925 2009 1077 2054 Gregorii
1093 2033 1100 2041 .
1130 2008 1173 2042 Et

296 2065 377 2098 hinc
400 2066 566 2108 Antipapa
592 2063 773 2097 Anacletus
794 2061 852 2095 suo
863 2059 902 2093 ad
916 2059 1097 2103 Rogerium
1111 2057 1174 2092 Re·

295 2125 373 2162 gem
385 2114 558 2158 diplomati
569 2112 704 2149 inseruit
723 2112 758 2144 &
778 2108 866 2143 hune
877 2109 1070 2142 articulum:
1099 2113 1174 2140 Cen-

297 2165 428 2202 cedimus
451 2166 663 2196 Panormitano
688 2157 921 2202 Archiepiscopo,
947 2156 1062 2201 ejusque
1070 2156 1175 2206 succes-

292 2214 409 2258 soribus
431 2239 441 2255 ‚
468 2215 502 2247 ’Θ
530 2215 757 2246 Panormitanae
792 2207 923 2250 Ecclefiae
951 2205 1174 2251 consecratIones

296 2271 387 2298 trium
420 2262 632 2306 Epiftoporum
653 2262 760 2295 Siciliae
781 2283 791 2300 ‚
820 2260 958 2293 videlicet
983 2256 1175 2301 syracusani,

299 2318 482 2358 Agrigentini
509 2338 519 2353 ,
545 2314 579 2346 6·
608 2308 790 2351 Matonenfis
817 2311 869 2343 vel
892 2307 1068 2350 Catanenfis
1095 2333 1102 2340 .
1130 2311 1175 2341 De

295 2367 419 2407 reliquis
443 2362 575 2403 duobus,
599 2363 723 2404 pleniori
744 2358 833 2402 nostro
843 2358 952 2400 confilio
964 2357 1151 2402 reservamus
1164 2382 1171 2391 .

297 2416 341 2449 Et
364 2414 502 2448 credidit
525 2414 556 2446 se
570 2423 636 2446 non
660 2410 815 2444 deviare&⁴
831 2409 998 2452 Majorum
1009 2408 1171 2452 vestigiis.

297 2465 386 2498 Nam
408 2465 442 2499 δε
454 2464 659 2498 salernitano
673 2460 928 2502 Archiepiscopo
940 2459 1091 2493 omnium
1104 2458 1172 2491 suo-

294 2526 367 2550 rum
395 2512 731 2557 Comprovincialium
753 2509 1031 2544 consecrationem
1062 2507 1171 2550 elapso

298 2664 557 2700 consecrationes
588 2663 746 2697 Romanae
771 2659 920 2694 Ecciefiae
930 2658 1052 2692 restitui
1067 2657 1172 2701 posiu-

298 2716 376 2749 lavit
398 2716 468 2759 post
493 2711 724 2747 Innocentium
753 2710 930 2744 secundum
943 2709 1056 2742 tertius
1069 2708 1172 2752 Euge-

299 2766 394 2805 nius:
424 2765 466 2797 Et
490 2774 600 2797 neuter
618 2761 822 2805 impetravit.

349 2814 443 2860 Qin
466 2814 499 2847 &
511 2812 552 2846 ab
567 2812 761 2846 Arnaldistis
783 2811 963 2845 vexatus&
981 2809 1174 2852 compressus

295 2864 471 2911 Eugenius
491 2864 598 2905 aliqua
622 2873 689 2896 non
714 2861 813 2895 facile
834 2858 1044 2896 concedenda
1062 2858 1173 2892 Siculo

298 2915 475 2953 conceffit,
501 2923 598 2957 atque
612 2913 676 2946 illis
687 2911 778 2945 dedit
789 2913 900 2946 ansam
920 2920 1076 2943 novarum
1088 2908 1173 2942 caiu-

299 2966 482 2999 mniarum.
511 2962 691 2996 Accusatur
713 2961 905 2995 conceffiffef
922 2965 1041 3003 virgam
1067 2960 1100 2993 ὀ·
1120 2970 1173 2990 an-

299 3018 422 3049 nulum.
449 3015 529 3048 Hoc
542 3013 586 3047 est
599 3037 609 3052 ,
637 3012 777 3055 Regiam
801 3010 996 3044 Antistitum
1012 3008 1173 3042 investitu-

299 3077 386 3099 ram.
414 3065 515 3098 Hanc
535 3063 669 3097 enimin
689 3061 805 3095 Calisti
821 3060 953 3094 secundi
969 3058 1119 3093 manibus
1130 3058 1172 3092 ab

301 3115 495 3157 Imperatore
518 3114 668 3151 Henrico
690 3112 808 3155 quinto
819 3111 968 3154 ejuratam
981 3108 1038 3143 fibi
1051 3108 1170 3142 restitui

300 3165 337 3197 in
364 3164 481 3198 subacti
502 3163 536 3197 &
558 3163 648 3207 ejecti
669 3162 754 3196 Petri
777 3161 900 3196 Leonis
921 3160 1105 3193 mercedem
1118 3169 1171 3201 po-

301 3211 469 3246 stu'laverat
496 3215 675 3256 Imperator
687 3211 885 3249 Lotharius,
912 3210 1171 3252 necimpetrave-

299 3271 349 3301 rat
374 3286 380 3292 -
413 3261 506 3296 Hinc
531 3263 589 3296 ista
614 3262 780 3296 calumnia
807 3260 1012 3295 Conrardum
1040 3258 1082 3293 ab
1108 3258 1171 3291 Eu-

300 3311 401 3357 genio
422 3312 560 3346 alienare
580 3312 717 3346 tentavit
730 3310 998 3345 Arnaldifaffio.
1026 3309 1102 3342 Erat
1116 3307 1172 3342 firi-

300 3361 414 3396 fiffima
425 3360 587 3395 calumnia
602 3374 608 3393 :
624 3362 696 3395 Nec
706 3363 793 3395 enim
805 3359 1025 3394 investituram
1038 3384 1049 3400 ,
1061 3358 1114 3392 sed
1125 3359 1173 3391 so-

301 3411 366 3452 lam
388 3410 650 3452 nominationem
670 3410 838 3456 Eugenius
855 3408 1087 3454 dispensatorie
1097 3418 1172 3442 con-

299 2565 413 2600 saeculo
434 2564 630 2598 concesserat
651 2561 805 2595 Clemens
828 2558 988 2594 secundus
1011 2582 1022 2597 ‚
1047 2558 1081 2597 &
1097 2567 1172 2590 con-

297 2618 479 2649 firmaverat
491 2616 624 2648 Sanctus
637 2613 708 2646 Leo
722 2619 828 2644 nonus
840 2634 847 2641 .
875 2610 948 2643 Has
967 2608 1044 2652 ergo
1057 2618 1173 2641 omnes

1246 808 1375 842 iectionis
1387 834 1398 850 ,
1425 811 1506 852 quod
1517 808 1759 854 Laicaeperfhnae
1771 810 1862 844 tribur·
1881 819 1943 844 non‘
1950 809 2119 855 consuevit,

1246 865 1390 900 mitram,
1415 871 1507 903 quam
1515 859 1660 903 postulasti
1675 885 1686 900 ,
1714 862 1847 894 direxit.
1874 861 2011 895 Senatus
2031 873 2126 896 accub

1247 909 1293 944 sat
1318 909 1442 944 donata
1467 910 1634 951 sandalia,
1658 909 1791 945 mitram
1812 912 1846 946 &
1874 910 2094 945 Dalmaticam
2111 932 2123 952 ,

1244 959 1285 993 de
1307 959 1425 1003 quibus
1449 959 1484 994 in
1510 961 1654 1003 processu
1679 960 1831 995 adversus
1841 960 1974 994 Petrum
1988 961 2123 995 tertium

1245 1009 1419 1054 Aragoniae
1439 1010 1567 1056 Regem
1579 1010 1700 1053 scripsit
1711 1010 1886 1045 *Martinus
1897 1020 2049 1052 quartus:
2075 1015 2126 1045 In-

1243 1066 1391 1094 nocentius
1413 1063 1502 1103 Papa
1514 1064 1621 1095 tertius
1643 1061 1792 1102 quondam
1805 1062 1924 1094 Petrum
1935 1063 2041 1105 Regem
2053 1065 2126 1094 Ara-

1239 1118 1349 1154 gonum
1359 1135 1371 1151 ,
1397 1111 1472 1144 diiii
1497 1113 1583 1145 Petri
1606 1109 1796 1155 Aragonenfis
1822 1113 1914 1154 Regis
1938 1121 2030 1145 avum
2040 1135 2051 1151 ‚
2077 1110 2125 1144 ho-

1243 1166 1365 1194 noravit
1383 1162 1586 1202 multipliciter
1597 1183 1607 1199 ‚
1632 1159 1783 1203 honorifice*
1802 1171 1838 1193 ac
1848 1160 1972 1203 benigne
1990 1166 2123 1202 recepit,

1243 1211 1277 1244 Θ
1298 1215 1331 1243 in
1351 1210 1477 1252 Ecclesia
1497 1211 1599 1244 Sancti
1612 1213 1768 1244 Pancratii
1781 1213 1926 1248 Martyris
1939 1218 2025 1243 trans
2038 1210 2126 1249 Tybe-

1241 1265 1319 1299 rim,
1340 1268 1395 1302 per
1421 1263 1543 1293 Petrum
1567 1259 1758 1303 Portuenscm
1778 1259 1958 1303 Episcopum
1962 1260 2081 1304 fatiens
2092 1266 2125 1293 in

1244 1313 1351 1352 Regem
1364 1315 1467 1353 inungi
1477 1333 1487 1348 ,
1503 1310 1612 1342 deinde
1618 1315 1755 1351 propriis
1765 1310 1903 1343 manibus
1913 1309 2077 1350 coronavit,
2090 1320 2125 1344 at
2152 1341 2156 1345 .

1243 1360 1367 1403 Regalia
1378 1357 1659 1403 insignia-universa
1670 1382 1682 1399 ,
1706 1367 1843 1392 mantum
1854 1361 1991 1391 videlicet
2003 1382 2013 1397 ,
2038 1361 2073 1392 ό·
2082 1370 2126 1392 co-

1241 1409 1348 1442 lobium
1359 1434 1370 1449 ,
1384 1408 1533 1453 sceptrum
1546 1433 1557 1449 ,
1581 1411 1616 1443 Θ
1621 1417 1740 1450 pomum
1750 1433 1761 1448 ,
1786 1419 1921 1442 coronam
1936 1410 1971 1442 ὑ
1980 1413 2124 1450 mitram,

1241 1470 1310 1501 quae
1319 1461 1363 1492 ad
1373 1468 1446 1502 opus
1459 1458 1546 1501 ipsius
1559 1470 1618 1492 non
1624 1457 1718 1502 solum
1723 1457 1854 1501 speciosa
1863 1482 1874 1499 ,
1890 1457 1949 1501 ftd
1958 1463 2048 1492 etiam
2054 1466 2124 1501 prc-

1242 1507 1315 1552 tiosa
1333 1516 1440 1551 parari
1455 1509 1593 1550 fecerat,
1619 1519 1658 1542 ex
1672 1519 1750 1542 more
1766 1514 1799 1540 in
1809 1512 1923 1551 Regum
1933 1513 2124 1542 coronationi·

1242 1559 1297 1592 bus
1321 1559 1507 1603 observando
1528 1560 1654 1603 largitus
1665 1558 1703 1598 est
1717 1583 1725 1591 .
1751 1557 2023 1601 Exstatdiploma
2035 1557 2121 1602 apud

1241 1660 1374 1702 antiqua
1386 1659 1574 1693 Innocentii
1585 1659 1671 1693 tertii
1685 1670 1739 1703 per
1750 1658 1970 1693 Dominicum
1991 1658 2123 1693 Franci—

1243 1710 1330 1743 scum
1356 1709 1570 1751 Bosquettum
1590 1708 1754 1752 publicata
1766 1709 1831 1742 vita
1846 1732 1855 1747 ‚
1867 1718 1966 1752 atque
1978 1708 2022 1741 ita
2036 1708 2123 1742 lucet

1242 1759 1343 1802 ipsam
1356 1761 1418 1794 effe
1430 1757 1653 1794 authenticam
1669 1783 1676 1790 .
1685 1758 1806 1792 Tantae
1819 1759 1853 1792 in
1866 1757 2000 1792 Petrum
2013 1758 2129 1792 secun·

1241 1809 1319 1843 dum
1341 1810 1470 1853 Papalis
1494 1808 1716 1844 beneficentiae
1741 1806 1880 1842 radicem
1916 1808 2054 1851 exponit
2086 1808 2123 1842 in

1241 1858 1370 1894 decimo
1393 1860 1626 1903 Hispaniarum
1648 1870 1753 1893 rerum
1775 1858 1860 1892 libro
1883 1857 2006 1892 Lucius
2022 1857 2125 1892 Mari·

1242 1921 1327 1943 naeus
1340 1923 1347 1942 :
1362 1914 1426 1943 Rex
1440 1914 1542 1943 Romae
1553 1914 1741 1943 renuntiavit
1744 1910 1819 1950 jura
1835 1911 2019 1941 Patronatus
2030 1931 2041 1948 ,
2052 1919 2122 1950 quae

1240 1961 1409 1993 sacerdotia
1429 1962 1464 1993 Θ
1487 1960 1623 2002 beneficia
1651 1960 1782 2004 gentilia
1815 1959 1927 1991 Latin?
1958 1959 2121 1999 dicuntur,

1240 2015 1368 2043 omnium
1391 2009 1582 2052 Ecclefiarum
1610 2008 1660 2052 sui
1700 2012 1893 2050 Principaius
1918 2033 1926 2040 .
1953 2010 2047 2048 CuJ‘us
2077 2013 2124 2042 rei

1239 2059 1326 2102 causa
1341 2058 1473 2103 summus
1499 2059 1641 2101 Pontifex
1663 2064 1849 2092 Innocentius
1872 2062 1899 2091 ei
1919 2058 2063 2098 conceffit,
2087 2066 2123 2091 ut

1240 2108 1301 2152 ipse
1312 2109 1516 2153 &succeffivres
1530 2111 1594 2149 ejus
1618 2114 1649 2141 in
1677 2108 1854 2150 Pontificatu
1864 2108 2009 2141 vexillum
2021 2107 2122 2141 Eccle-

1232 2158 1286 2201 fiae
1294 2159 1412 2201 ferrent
1423 2171 1488 2193 cum
1499 2164 1594 2192 armis
1607 2162 1762 2202 dragoniae
1771 2182 1782 2198 ,
1812 2169 1878 2200 quae
1895 2155 1968 2200 sunt
1987 2162 2073 2190 crocei
2084 2158 2120 2191 ὰ

1238 2210 1321 2242 rubri
1334 2210 1432 2243 colori.
1459 2210 1596 2248 Concefflt
1605 2214 1694 2240 etiam
1713 2217 1746 2241 ut
1756 2219 1853 2241 omnes
1865 2209 1964 2240 Bullae
1975 2230 1986 2247 ,
2011 2218 2079 2248 quae
2098 2208 2121 2238 ἃ

1237 2262 1374 2291 Romana
1397 2264 1478 2291 curia
1498 2263 1686 2291 mitterentur
1702 2280 1712 2295 ‚
1737 2257 1825 2299 essent
1845 2256 1969 2288 munit'ae
1994 2256 2120 2289 cordulis·

1233 2309 1448 2350 praedic‘lorum
1457 2309 1578 2341 colorum
1587 2331 1595 2339 .
1621 2308 1728 2340 Verum
1739 2311 1818 2338 enim
1830 2308 1902 2339 vero
1925 2309 2094 2349 Aragonum
2107 2329 2119 2345 .

1238 2357 1494 2400 Barchinonaeque
1516 2361 1712 2400 Principatus
1734 2367 1831 2389 omnes
1847 2357 1885 2388 de
1900 2360 2119 2388 renunciatione

1228 2410 1312 2449 juris
1324 2411 1508 2441 Patronatus-
1523 2433 1533 2448 ,
1559 2409 1638 2450 quod
1645 2412 1688 2440 eis
1710 2408 1743 2440 &⁴
1755 2404 1887 2439 omnibus
1897 2406 2016 2447 populis
2030 2407 2119 2438 Prin-

1235 2464 1347 2499 cipatus
1370 2464 1499 2490 nocitura
1527 2458 1687 2491 videbatur
1710 2479 1720 2495 ‚
1745 2468 1802 2489 uno
1821 2467 1868 2489 ore
1890 2454 2119 2496 reclamabant,¹

1230 2507 1320 2551 seque
1343 2510 1492 2541 voluntati
1511 2509 1768 2541 &renuntiationi
1791 2509 1878 2550 Regis
1890 2517 1948 2539 non
1959 2506 2092 2548 assentiri
2103 2529 2116 2546 ,

1229 2559 1358 2599 publicis
1377 2557 1578 2597 instrumentis
1593 2557 1689 2598 testati
1708 2555 1800 2599 sunt.
1827 2556 1907 2589 Non
1928 2564 2117 2599 patronatus

1230 2608 1316 2651 juri,
1343 2608 1395 2641 sed
1424 2607 1555 2652 Regiae,
1583 2619 1654 2651 quae
1665 2607 1837 2641 electiones
1847 2606 1913 2640 fine
1934 2605 2047 2649 praevia
2058 2606 2114 2638 sua

1233 2658 1365 2697 licentia
1390 2669 1457 2691 non
1480 2657 1686 2701 permittebat
1700 2657 1791 2696 fieri,
1819 2654 1985 2690 violentiae
1995 2665 2115 2688 renun-

1233 2708 1328 2741 tiavit
1354 2708 1490 2748 Petrus,
1515 2718 1613 2751 atque
1632 2708 1665 2740 in
1689 2706 1778 2740 istius
1792 2705 1921 2748 pietatis
1934 2704 2114 2739 mercedem

1232 2759 1501 2801 accepit&varia
1524 2758 1715 2801 privilegia,
1742 2755 1881 2798 &plena
1893 2756 2114 2798 supremorum

1233 2808 1363 2852 Regum
1384 2818 1594 2843 ornamenta.
1626 2808 1671 2841 Et
1693 2804 1824 2849 quidem
1838 2806 1957 2839 inserta
1976 2806 2010 2837 in
2023 2815 2116 2838 coro·

1233 2869 1309 2891 nam
1334 2858 1427 2891 mitra
1438 2859 1482 2892 est
1506 2858 1671 2901 proprium
1697 2863 1925 2890 ornamentum
1935 2854 2036 2888 solius
2046 2853 2118 2887 Ro·

1233 2907 1320 2941 mani
1342 2908 1550 2951 Imperatoris
1569 2932 1576 2939 .
1605 2907 1778 2940 Romanus
1797 2906 1878 2949 ergo
1900 2903 1942 2938 ab
1966 2903 2119 2938 Arnaldo

1233 2958 1376 2992 seductus
1399 2958 1534 2992 Senatus
1557 2957 1717 2991 accusavit
1729 2955 1892 2998 optimum
1906 2953 2116 2998 Eugenium,

1233 3007 1321 3049 quod
1345 3008 1464 3051 plena,
1502 3019 1572 3052 qua:
1593 3006 1809 3040 Innocentius
1841 3004 1998 3038 secundus
2023 3014 2116 3038 numb

1234 3069 1329 3099 quam
1356 3059 1511 3098 dederat,
1537 3057 1650 3100 Regia:
1671 3054 1844 3099 dignitatis
1866 3063 2059 3088 ornamenta
2070 3054 2116 3087 Si-

1232 3109 1310 3141 culo
1334 3107 1478 3142 donaffet
1501 3108 1567 3140 fine
1594 3106 1739 3139 Romani
1766 3105 1974 3148 Imperatoris
1999 3102 2116 3143 venia,

1232 3168 1329 3199 atque
1342 3159 1386 3191 ita
1399 3158 1553 3202 Regnum
1568 3156 1649 3190 istud
1663 3180 1673 3196 ,
1693 3154 1788 3198 ,quod
1801 3156 1865 3188 fine
1878 3155 1932 3188 iiia
1949 3154 2044 3187 venia
2056 3162 2116 3187 neo

1233 3209 1314 3252 erigi
1331 3218 1477 3250 potuerat
1495 3231 1505 3247 ‚
1526 3218 1585 3240 nec
1599 3204 1724 3239 valebat
1737 3205 1895 3238 subfistere
1908 3229 1919 3244 ,
1945 3205 2052 3237 denuo
2064 3203 2116 3235 fir·

1235 3259 1343 3291 maffet
1353 3284 1360 3290 .
1388 3255 1495 3295 Immo
1507 3256 1596 3300 quod
1607 3257 1705 3289 etiam
1718 3254 1846 3298 propria
1858 3253 2033 3297 Imperialis
2042 3252 2116 3285 Ma·

1233 3306 1349 3350 jestatis
1372 3314 1562 3342 ornamenta
1585 3306 1730 3340 donasset
1741 3305 1874 3343 Siculo,
1900 3314 1997 3345 atque
2022 3302 2114 3335 itain

1236 3358 1400 3391 laudatam
1410 3355 1614 3400 Majestatem
1627 3356 1712 3394 varie
1723 3354 1904 3397 deliquisset
1915 3378 1922 3384 .
1949 3352 1997 3385 Ita
2012 3352 2116 3394 lmpe÷

1236 3417 1376 3442 ratorem
1397 3406 1604 3446 Conratdum
1633 3406 1752 3439 studuit
1769 3405 1802 3437 in
1815 3403 1907 3436 illum
1930 3402 2093 3435 concitare
2107 3425 2114 3434 .

2009 3453 2065 3489 An

1243 1609 1366 1643 Lucam
1379 1608 1577 1643 Dacherium
1587 1633 1596 1641 .
1622 1609 1803 1650 Desumpta
1816 1609 1891 1642 sunt
1901 1606 1995 1642 verba
2009 1607 2067 1642 ista
2079 1619 2121 1643 ex
2137 1589 2277 1664 xlma&

2137 2431 2268 2471 F01.843.
