<?xml version="1.0" encoding="UTF-8"?>
<!DOCTYPE html PUBLIC "-//W3C//DTD XHTML 1.0 Transitional//EN"
    "http://www.w3.org/TR/xhtml1/DTD/xhtml1-transitional.dtd">
<html xmlns="http://www.w3.org/1999/xhtml" xml:lang="en" lang="en">
 <head>
  <title>
</title>
<meta http-equiv="Content-Type" content="text/html;charset=utf-8" />
  <meta name='ocr-system' content='tesseract 3.04.00' />
  <meta name='ocr-capabilities' content='ocr_page ocr_carea ocr_par ocr_line ocrx_word'/>
</head>
<body>
  <div class='ocr_page' id='page_1' title='image "./operaomniastudio06lupuuoft/operaomniastudio06lupuuoft_0016.png"; bbox 0 0 2352 3762; ppageno 0'>
   <div class='ocr_carea' id='block_1_1' title="bbox 338 139 1711 200">
    <p class='ocr_par' dir='ltr' id='par_1_1' title="bbox 338 139 1711 200">
     <span class='ocr_line' id='line_1_1' title="bbox 338 139 1711 200; baseline -0.001 0"><span class='ocrx_word' id='word_1_1' title='bbox 338 165 370 200; x_wconf 85' lang='lat'><em>6</em></span> <span class='ocrx_word' id='word_1_2' title='bbox 638 153 678 197; x_wconf 90' lang='lat' dir='ltr'><em>S.</em></span> <span class='ocrx_word' id='word_1_3' title='bbox 714 148 1035 197; x_wconf 69' lang='lat' dir='ltr'><em>Gneoonn</em></span> <span class='ocrx_word' id='word_1_4' title='bbox 1070 161 1303 194; x_wconf 71' lang='lat' dir='ltr'><em>sepum</em></span> <span class='ocrx_word' id='word_1_5' title='bbox 1339 139 1711 198; x_wconf 68' lang='lat' dir='ltr'><em>P0N111=ic1s</em></span> 
     </span>
    </p>
   </div>
   <div class='ocr_carea' id='block_1_2' title="bbox 262 233 1168 3481">
    <p class='ocr_par' dir='ltr' id='par_1_2' title="bbox 262 233 1161 1329">
     <span class='ocr_line' id='line_1_2' title="bbox 268 233 1151 282; baseline -0.008 -9"><span class='ocrx_word' id='word_1_6' title='bbox 268 238 359 274; x_wconf 72' lang='lat' dir='ltr'><em>Cleri</em></span> <span class='ocrx_word' id='word_1_7' title='bbox 380 249 417 272; x_wconf 88' lang='lat' dir='ltr'><em>ae</em></span> <span class='ocrx_word' id='word_1_8' title='bbox 430 236 542 282; x_wconf 86' lang='lat' dir='ltr'><em>populi</em></span> <span class='ocrx_word' id='word_1_9' title='bbox 557 234 672 270; x_wconf 88' lang='lat' dir='ltr'><em>odium</em></span> <span class='ocrx_word' id='word_1_10' title='bbox 685 259 695 276; x_wconf 91' lang='lat'><em>,</em></span> <span class='ocrx_word' id='word_1_11' title='bbox 722 245 819 278; x_wconf 89' lang='lat' dir='ltr'><em>atque</em></span> <span class='ocrx_word' id='word_1_12' title='bbox 829 236 899 279; x_wconf 72' lang='lat' dir='ltr'><em>ejus</em></span> <span class='ocrx_word' id='word_1_13' title='bbox 909 234 1078 270; x_wconf 88' lang='lat' dir='ltr'><em>occafione</em></span> <span class='ocrx_word' id='word_1_14' title='bbox 1090 233 1151 267; x_wconf 87' lang='lat' dir='ltr'><em>Re-</em></span> 
     </span>
     <span class='ocr_line' id='line_1_3' title="bbox 267 282 1152 340; baseline -0.011 -14"><span class='ocrx_word' id='word_1_15' title='bbox 267 294 348 340; x_wconf 80' lang='lat' dir='ltr'><em>gina</em></span> <span class='ocrx_word' id='word_1_16' title='bbox 373 289 501 327; x_wconf 75' lang='lat' dir='ltr'><em>Maria,</em></span> <span class='ocrx_word' id='word_1_17' title='bbox 529 285 737 327; x_wconf 81' lang='lat' dir='ltr'><em>Christiana,</em></span> <span class='ocrx_word' id='word_1_18' title='bbox 764 284 933 321; x_wconf 85' lang='lat' dir='ltr'><em>Amuratis</em></span> <span class='ocrx_word' id='word_1_19' title='bbox 958 284 1090 320; x_wconf 85' lang='lat' dir='ltr'><em>secundi</em></span> <span class='ocrx_word' id='word_1_20' title='bbox 1109 282 1152 316; x_wconf 86' lang='lat' dir='ltr'><em>vi-</em></span> 
     </span>
     <span class='ocr_line' id='line_1_4' title="bbox 268 333 1153 384; baseline -0.008 -9"><span class='ocrx_word' id='word_1_21' title='bbox 268 345 333 379; x_wconf 82' lang='lat' dir='ltr'><em>dua</em></span> <span class='ocrx_word' id='word_1_22' title='bbox 347 367 358 384; x_wconf 91' lang='lat'><em>,</em></span> <span class='ocrx_word' id='word_1_23' title='bbox 384 337 559 375; x_wconf 85' lang='lat' dir='ltr'><em>&amp;secundi</em></span> <span class='ocrx_word' id='word_1_24' title='bbox 579 335 784 373; x_wconf 79' lang='lat' dir='ltr'><em>Mahometis</em></span> <span class='ocrx_word' id='word_1_25' title='bbox 805 346 941 372; x_wconf 89' lang='lat' dir='ltr'><em>noverca</em></span> <span class='ocrx_word' id='word_1_26' title='bbox 953 359 965 376; x_wconf 96' lang='lat'><em>,</em></span> <span class='ocrx_word' id='word_1_27' title='bbox 990 346 1050 379; x_wconf 84' lang='lat' dir='ltr'><em>pro</em></span> <span class='ocrx_word' id='word_1_28' title='bbox 1072 333 1153 368; x_wconf 83' lang='lat' dir='ltr'><em>Dio-</em></span> 
     </span>
     <span class='ocr_line' id='line_1_5' title="bbox 269 384 1155 437; baseline -0.011 -9"><span class='ocrx_word' id='word_1_29' title='bbox 269 392 362 437; x_wconf 81' lang='lat' dir='ltr'><em>nyfio</em></span> <span class='ocrx_word' id='word_1_30' title='bbox 386 388 696 432; x_wconf 81' lang='lat' dir='ltr'><em>Philippopolitano</em></span> <span class='ocrx_word' id='word_1_31' title='bbox 715 385 956 430; x_wconf 84' lang='lat' dir='ltr'><em>Metropolita,</em></span> <span class='ocrx_word' id='word_1_32' title='bbox 982 386 1040 419; x_wconf 91' lang='lat' dir='ltr'><em>suo</em></span> <span class='ocrx_word' id='word_1_33' title='bbox 1062 384 1155 434; x_wconf 76' lang='lat' dir='ltr'><em>¹Con-</em></span> 
     </span>
     <span class='ocr_line' id='line_1_6' title="bbox 270 434 1155 482; baseline -0.011 -5"><span class='ocrx_word' id='word_1_34' title='bbox 270 440 419 480; x_wconf 76' lang='lat' dir='ltr'><em>feffario,</em></span> <span class='ocrx_word' id='word_1_35' title='bbox 444 439 522 475; x_wconf 87' lang='lat' dir='ltr'><em>fecit</em></span> <span class='ocrx_word' id='word_1_36' title='bbox 542 437 632 482; x_wconf 83' lang='lat' dir='ltr'><em>quod</em></span> <span class='ocrx_word' id='word_1_37' title='bbox 658 436 781 472; x_wconf 83' lang='lat' dir='ltr'><em>habent</em></span> <span class='ocrx_word' id='word_1_38' title='bbox 807 436 929 472; x_wconf 80' lang='lat' dir='ltr'><em>eaedem</em></span> <span class='ocrx_word' id='word_1_39' title='bbox 954 436 991 470; x_wconf 72' lang='grc' dir='ltr'><em>ὅ(</em></span> <span class='ocrx_word' id='word_1_40' title='bbox 1014 434 1155 470; x_wconf 86' lang='lat' dir='ltr'><em>Politica</em></span> 
     </span>
     <span class='ocr_line' id='line_1_7' title="bbox 268 484 1158 532; baseline -0.012 -4"><span class='ocrx_word' id='word_1_41' title='bbox 268 494 302 527; x_wconf 73' lang='grc' dir='ltr'><em>δε</em></span> <span class='ocrx_word' id='word_1_42' title='bbox 321 489 551 527; x_wconf 82' lang='lat' dir='ltr'><em>Patriarchalis</em></span> <span class='ocrx_word' id='word_1_43' title='bbox 576 486 735 522; x_wconf 81' lang='lat' dir='ltr'><em>historiae:</em></span> <span class='ocrx_word' id='word_1_44' title='bbox 761 490 879 532; x_wconf 84' lang='lat' dir='ltr'><em>Regina</em></span> <span class='ocrx_word' id='word_1_45' title='bbox 911 489 1015 519; x_wconf 75' lang='lat' dir='ltr'><em>Marta</em></span> <span class='ocrx_word' id='word_1_46' title='bbox 1038 510 1050 526; x_wconf 91' lang='lat'>‚</span> <span class='ocrx_word' id='word_1_47' title='bbox 1076 484 1158 527; x_wconf 75' lang='lat' dir='ltr'><em>quod</em></span> 
     </span>
     <span class='ocr_line' id='line_1_8' title="bbox 269 535 1157 582; baseline -0.014 -4"><span class='ocrx_word' id='word_1_48' title='bbox 269 548 370 578; x_wconf 68' lang='lat' dir='ltr'><em>animo</em></span> <span class='ocrx_word' id='word_1_49' title='bbox 390 548 558 582; x_wconf 80' lang='lat' dir='ltr'><em>conceperat</em></span> <span class='ocrx_word' id='word_1_50' title='bbox 579 539 616 572; x_wconf 82' lang='lat' dir='ltr'><em>de</em></span> <span class='ocrx_word' id='word_1_51' title='bbox 637 536 763 579; x_wconf 71' lang='lat' dir='ltr'><em>Dionysio</em></span> <span class='ocrx_word' id='word_1_52' title='bbox 776 537 943 580; x_wconf 81' lang='lat' dir='ltr'><em>faciendo,</em></span> <span class='ocrx_word' id='word_1_53' title='bbox 968 536 1004 569; x_wconf 87' lang='lat' dir='ltr'><em>id</em></span> <span class='ocrx_word' id='word_1_54' title='bbox 1023 535 1157 570; x_wconf 73' lang='lat' dir='ltr'><em>etiamtn</em></span> 
     </span>
     <span class='ocr_line' id='line_1_9' title="bbox 268 587 1157 637; baseline -0.01 -11"><span class='ocrx_word' id='word_1_55' title='bbox 268 602 343 637; x_wconf 66' lang='lat' dir='ltr'><em>qous</em></span> <span class='ocrx_word' id='word_1_56' title='bbox 352 592 499 636; x_wconf 81' lang='lat' dir='ltr'><em>perduxit</em></span> <span class='ocrx_word' id='word_1_57' title='bbox 510 614 518 622; x_wconf 83' lang='lat'><strong>.</strong></span> <span class='ocrx_word' id='word_1_58' title='bbox 543 592 609 621; x_wconf 90' lang='lat' dir='ltr'><em>Duo</em></span> <span class='ocrx_word' id='word_1_59' title='bbox 618 598 747 631; x_wconf 85' lang='lat' dir='ltr'><em>namque</em></span> <span class='ocrx_word' id='word_1_60' title='bbox 759 591 942 621; x_wconf 85' lang='lat' dir='ltr'><em>Ducatorum</em></span> <span class='ocrx_word' id='word_1_61' title='bbox 958 587 1053 619; x_wconf 80' lang='lat' dir='ltr'><em>millia</em></span> <span class='ocrx_word' id='word_1_62' title='bbox 1065 591 1096 618; x_wconf 86' lang='lat' dir='ltr'><em>in</em></span> <span class='ocrx_word' id='word_1_63' title='bbox 1110 596 1157 617; x_wconf 84' lang='lat' dir='ltr'><em>ar-</em></span> 
     </span>
     <span class='ocr_line' id='line_1_10' title="bbox 264 637 1158 689; baseline -0.011 -11"><span class='ocrx_word' id='word_1_64' title='bbox 264 652 409 689; x_wconf 82' lang='lat' dir='ltr'><em>genteam</em></span> <span class='ocrx_word' id='word_1_65' title='bbox 429 643 543 675; x_wconf 88' lang='lat' dir='ltr'><em>lancem</em></span> <span class='ocrx_word' id='word_1_66' title='bbox 564 640 709 680; x_wconf 84' lang='lat' dir='ltr'><em>conJ&#39;ecit,</em></span> <span class='ocrx_word' id='word_1_67' title='bbox 732 649 795 671; x_wconf 88' lang='lat' dir='ltr'><em>cum</em></span> <span class='ocrx_word' id='word_1_68' title='bbox 822 637 871 670; x_wconf 82' lang='lat' dir='ltr'><em>bis</em></span> <span class='ocrx_word' id='word_1_69' title='bbox 893 637 936 670; x_wconf 87' lang='lat' dir='ltr'><em>ad</em></span> <span class='ocrx_word' id='word_1_70' title='bbox 943 638 1100 670; x_wconf 81' lang='lat' dir='ltr'><em>Saltanum</em></span> <span class='ocrx_word' id='word_1_71' title='bbox 1112 644 1158 667; x_wconf 84' lang='lat' dir='ltr'><em>ac-</em></span> 
     </span>
     <span class='ocr_line' id='line_1_11' title="bbox 269 686 1155 735; baseline -0.012 -8"><span class='ocrx_word' id='word_1_72' title='bbox 269 695 342 735; x_wconf 82' lang='lat' dir='ltr'><em>ceffit</em></span> <span class='ocrx_word' id='word_1_73' title='bbox 355 717 367 734; x_wconf 87' lang='lat'><em>,</em></span> <span class='ocrx_word' id='word_1_74' title='bbox 394 690 491 734; x_wconf 77' lang='lat' dir='ltr'><em>ipsum</em></span> <span class='ocrx_word' id='word_1_75' title='bbox 516 691 660 723; x_wconf 76' lang='lat' dir='ltr'><em>adoravit</em></span> <span class='ocrx_word' id='word_1_76' title='bbox 678 713 689 729; x_wconf 92' lang='lat'><em>,</em></span> <span class='ocrx_word' id='word_1_77' title='bbox 715 698 824 722; x_wconf 82' lang='lat' dir='ltr'><em>aurum</em></span> <span class='ocrx_word' id='word_1_78' title='bbox 848 686 986 721; x_wconf 75' lang='lat' dir='ltr'><em>manibus</em></span> <span class='ocrx_word' id='word_1_79' title='bbox 1007 694 1155 728; x_wconf 67' lang='lat' dir='ltr'><em>portans⁷</em></span> 
     </span>
     <span class='ocr_line' id='line_1_12' title="bbox 271 733 1161 788; baseline -0.012 -11"><span class='ocrx_word' id='word_1_80' title='bbox 271 744 364 788; x_wconf 70' lang='lat' dir='ltr'><em>‚Quod</em></span> <span class='ocrx_word' id='word_1_81' title='bbox 382 750 417 775; x_wconf 85' lang='lat' dir='ltr'><em>ut</em></span> <span class='ocrx_word' id='word_1_82' title='bbox 438 742 488 775; x_wconf 84' lang='lat' dir='ltr'><em>ille</em></span> <span class='ocrx_word' id='word_1_83' title='bbox 512 741 614 780; x_wconf 83' lang='lat' dir='ltr'><em>vidit,</em></span> <span class='ocrx_word' id='word_1_84' title='bbox 641 742 843 782; x_wconf 80' lang='lat' dir='ltr'><em>interrogavit</em></span> <span class='ocrx_word' id='word_1_85' title='bbox 864 748 954 772; x_wconf 85' lang='lat' dir='ltr'><em>eam.-</em></span> <span class='ocrx_word' id='word_1_86' title='bbox 981 737 1071 780; x_wconf 73' lang='lat' dir='ltr'><em>,Quid</em></span> <span class='ocrx_word' id='word_1_87' title='bbox 1083 733 1161 775; x_wconf 84' lang='lat' dir='ltr'><em>fibi,</em></span> 
     </span>
     <span class='ocr_line' id='line_1_13' title="bbox 270 784 1157 834; baseline -0.014 -5"><span class='ocrx_word' id='word_1_88' title='bbox 270 807 339 829; x_wconf 83' lang='lat' dir='ltr'><em>mea</em></span> <span class='ocrx_word' id='word_1_89' title='bbox 365 800 463 825; x_wconf 78' lang='lat' dir='ltr'><em>mater</em></span> <span class='ocrx_word' id='word_1_90' title='bbox 476 814 488 831; x_wconf 93' lang='lat'><em>,</em></span> <span class='ocrx_word' id='word_1_91' title='bbox 513 789 590 831; x_wconf 81' lang='lat' dir='ltr'><em>istud</em></span> <span class='ocrx_word' id='word_1_92' title='bbox 608 794 674 823; x_wconf 83' lang='lat' dir='ltr'><em>auri</em></span> <span class='ocrx_word' id='word_1_93' title='bbox 691 799 759 834; x_wconf 79' lang='lat' dir='ltr'><em>cum</em></span> <span class='ocrx_word' id='word_1_94' title='bbox 783 796 926 831; x_wconf 79' lang='lat' dir='ltr'><em>argentea</em></span> <span class='ocrx_word' id='word_1_95' title='bbox 951 786 1036 820; x_wconf 76' lang='lat' dir='ltr'><em>lance</em></span> <span class='ocrx_word' id='word_1_96' title='bbox 1060 784 1157 819; x_wconf 77' lang='lat' dir='ltr'><em>vult?</em></span> 
     </span>
     <span class='ocr_line' id='line_1_14' title="bbox 270 833 1158 887; baseline -0.012 -9"><span class='ocrx_word' id='word_1_97' title='bbox 270 843 436 887; x_wconf 70' lang='lat' dir='ltr'><em>Respondit</em></span> <span class='ocrx_word' id='word_1_98' title='bbox 457 841 537 875; x_wconf 80' lang='lat' dir='ltr'><em>haec:</em></span> <span class='ocrx_word' id='word_1_99' title='bbox 566 839 669 874; x_wconf 75' lang='lat' dir='ltr'><em>Habeo</em></span> <span class='ocrx_word' id='word_1_100' title='bbox 682 839 844 881; x_wconf 77' lang='lat' dir='ltr'><em>quemdam</em></span> <span class='ocrx_word' id='word_1_101' title='bbox 857 836 1035 872; x_wconf 80' lang='lat' dir='ltr'><em>Monachum</em></span> <span class='ocrx_word' id='word_1_102' title='bbox 1046 858 1061 875; x_wconf 90' lang='lat'>‚</span> <span class='ocrx_word' id='word_1_103' title='bbox 1083 833 1158 868; x_wconf 77' lang='lat' dir='ltr'><em>mibi</em></span> 
     </span>
     <span class='ocr_line' id='line_1_15' title="bbox 266 884 1158 939; baseline -0.011 -11"><span class='ocrx_word' id='word_1_104' title='bbox 266 899 424 939; x_wconf 82' lang='lat' dir='ltr'><em>proprium</em></span> <span class='ocrx_word' id='word_1_105' title='bbox 433 916 444 933; x_wconf 93' lang='lat'><em>,</em></span> <span class='ocrx_word' id='word_1_106' title='bbox 469 902 557 934; x_wconf 89' lang='lat' dir='ltr'><em>quem</em></span> <span class='ocrx_word' id='word_1_107' title='bbox 576 887 672 933; x_wconf 85' lang='lat' dir='ltr'><em>quaeso</em></span> <span class='ocrx_word' id='word_1_108' title='bbox 682 887 756 923; x_wconf 79' lang='lat' dir='ltr'><em>mibi</em></span> <span class='ocrx_word' id='word_1_109' title='bbox 761 896 819 931; x_wconf 84' lang='lat' dir='ltr'><em>per</em></span> <span class='ocrx_word' id='word_1_110' title='bbox 828 884 1017 927; x_wconf 62' lang='lat' dir='ltr'><em>majestatum</em></span> <span class='ocrx_word' id='word_1_111' title='bbox 1028 884 1158 927; x_wconf 72' lang='lat' dir='ltr'><em>vestram</em></span> 
     </span>
     <span class='ocr_line' id='line_1_16' title="bbox 262 937 1160 988; baseline -0.012 -9"><span class='ocrx_word' id='word_1_112' title='bbox 262 941 359 979; x_wconf 64' lang='lat' dir='ltr'><em>&gt;liceat</em></span> <span class='ocrx_word' id='word_1_113' title='bbox 378 943 483 988; x_wconf 84' lang='lat' dir='ltr'><em>facere</em></span> <span class='ocrx_word' id='word_1_114' title='bbox 507 938 717 983; x_wconf 78' lang='lat' dir='ltr'><em>Patriarcbam</em></span> <span class='ocrx_word' id='word_1_115' title='bbox 737 962 746 970; x_wconf 88' lang='lat'><strong>.</strong></span> <span class='ocrx_word' id='word_1_116' title='bbox 785 942 903 979; x_wconf 76' lang='lat' dir='ltr'><em>Accepit</em></span> <span class='ocrx_word' id='word_1_117' title='bbox 926 937 1086 975; x_wconf 73' lang='lat' dir='ltr'><em>Stultanus</em></span> <span class='ocrx_word' id='word_1_118' title='bbox 1108 945 1160 969; x_wconf 82' lang='lat' dir='ltr'><em>au-</em></span> 
     </span>
     <span class='ocr_line' id='line_1_17' title="bbox 268 985 1158 1036; baseline -0.011 -7"><span class='ocrx_word' id='word_1_119' title='bbox 268 1007 358 1035; x_wconf 85' lang='lat' dir='ltr'><em>rum,</em></span> <span class='ocrx_word' id='word_1_120' title='bbox 382 1003 508 1036; x_wconf 81' lang='lat' dir='ltr'><em>magnas</em></span> <span class='ocrx_word' id='word_1_121' title='bbox 523 998 646 1035; x_wconf 66' lang='lat' dir='ltr'><em>gratias</em></span> <span class='ocrx_word' id='word_1_122' title='bbox 664 997 798 1022; x_wconf 82' lang='lat' dir='ltr'><em>novercae</em></span> <span class='ocrx_word' id='word_1_123' title='bbox 818 985 885 1030; x_wconf 77' lang='lat' dir='ltr'><em>suae</em></span> <span class='ocrx_word' id='word_1_124' title='bbox 895 991 982 1033; x_wconf 81' lang='lat' dir='ltr'><em>egit,</em></span> <span class='ocrx_word' id='word_1_125' title='bbox 1008 997 1077 1029; x_wconf 85' lang='lat' dir='ltr'><em>quae</em></span> <span class='ocrx_word' id='word_1_126' title='bbox 1086 994 1158 1020; x_wconf 86' lang='lat' dir='ltr'><em>tan-</em></span> 
     </span>
     <span class='ocr_line' id='line_1_18' title="bbox 269 1037 1159 1084; baseline -0.009 -6"><span class='ocrx_word' id='word_1_127' title='bbox 269 1053 336 1078; x_wconf 83' lang='lat' dir='ltr'><em>tam</em></span> <span class='ocrx_word' id='word_1_128' title='bbox 361 1041 419 1084; x_wconf 78' lang='lat' dir='ltr'><em>ipfi</em></span> <span class='ocrx_word' id='word_1_129' title='bbox 438 1041 611 1081; x_wconf 78' lang='lat' dir='ltr'><em>acceffionem</em></span> <span class='ocrx_word' id='word_1_130' title='bbox 628 1037 747 1080; x_wconf 78' lang='lat' dir='ltr'><em>fecerat</em></span> <span class='ocrx_word' id='word_1_131' title='bbox 774 1063 781 1071; x_wconf 90' lang='lat'><em>.</em></span> <span class='ocrx_word' id='word_1_132' title='bbox 809 1041 891 1071; x_wconf 89' lang='lat' dir='ltr'><em>Tunc</em></span> <span class='ocrx_word' id='word_1_133' title='bbox 915 1041 943 1071; x_wconf 85' lang='lat' dir='ltr'><em>ei</em></span> <span class='ocrx_word' id='word_1_134' title='bbox 969 1037 1062 1070; x_wconf 81' lang='lat' dir='ltr'><em>dicit:</em></span> <span class='ocrx_word' id='word_1_135' title='bbox 1092 1039 1159 1070; x_wconf 72' lang='lat' dir='ltr'><em>Fac</em></span> 
     </span>
     <span class='ocr_line' id='line_1_19' title="bbox 270 1088 1157 1132; baseline -0.009 -4"><span class='ocrx_word' id='word_1_136' title='bbox 270 1105 337 1128; x_wconf 85' lang='lat' dir='ltr'><em>mea</em></span> <span class='ocrx_word' id='word_1_137' title='bbox 362 1100 458 1125; x_wconf 81' lang='lat' dir='ltr'><em>mater</em></span> <span class='ocrx_word' id='word_1_138' title='bbox 484 1114 496 1130; x_wconf 91' lang='lat'><em>,</em></span> <span class='ocrx_word' id='word_1_139' title='bbox 521 1088 598 1130; x_wconf 84' lang='lat' dir='ltr'><em>istud</em></span> <span class='ocrx_word' id='word_1_140' title='bbox 620 1089 701 1131; x_wconf 83' lang='lat' dir='ltr'><em>quod</em></span> <span class='ocrx_word' id='word_1_141' title='bbox 719 1093 791 1122; x_wconf 83' lang='lat' dir='ltr'><em>vis.</em></span> <span class='ocrx_word' id='word_1_142' title='bbox 817 1091 954 1132; x_wconf 78' lang='lat' dir='ltr'><em>Cumque</em></span> <span class='ocrx_word' id='word_1_143' title='bbox 978 1088 1157 1126; x_wconf 72' lang='lat' dir='ltr'><em>mandatum</em></span> 
     </span>
     <span class='ocr_line' id='line_1_20' title="bbox 270 1137 1158 1183; baseline -0.008 -6"><span class='ocrx_word' id='word_1_144' title='bbox 270 1144 414 1180; x_wconf 75' lang='lat' dir='ltr'><em>soltanus</em></span> <span class='ocrx_word' id='word_1_145' title='bbox 426 1139 535 1183; x_wconf 75' lang='lat' dir='ltr'><em>mistffet</em></span> <span class='ocrx_word' id='word_1_146' title='bbox 547 1162 557 1179; x_wconf 94' lang='lat'><em>,</em></span> <span class='ocrx_word' id='word_1_147' title='bbox 585 1138 730 1173; x_wconf 59' lang='lat' dir='ltr'><em>abductus</em></span> <span class='ocrx_word' id='word_1_148' title='bbox 751 1137 930 1179; x_wconf 69' lang='lat' dir='ltr'><em>estetbrono</em></span> <span class='ocrx_word' id='word_1_149' title='bbox 939 1140 1071 1177; x_wconf 78' lang='lat' dir='ltr'><em>Simeon,</em></span> <span class='ocrx_word' id='word_1_150' title='bbox 1098 1140 1158 1170; x_wconf 78' lang='lat' dir='ltr'><em>Pa-</em></span> 
     </span>
     <span class='ocr_line' id='line_1_21' title="bbox 269 1186 1156 1234; baseline -0.008 -6"><span class='ocrx_word' id='word_1_151' title='bbox 269 1191 425 1228; x_wconf 82' lang='lat' dir='ltr'><em>triarcbico</em></span> <span class='ocrx_word' id='word_1_152' title='bbox 446 1190 550 1224; x_wconf 79' lang='lat' dir='ltr'><em>bonore</em></span> <span class='ocrx_word' id='word_1_153' title='bbox 572 1191 607 1223; x_wconf 65' lang='lat' dir='ltr'><em>et</em></span> <span class='ocrx_word' id='word_1_154' title='bbox 632 1190 781 1234; x_wconf 79' lang='lat' dir='ltr'><em>dignitate</em></span> <span class='ocrx_word' id='word_1_155' title='bbox 795 1186 958 1231; x_wconf 85' lang='lat' dir='ltr'><em>spoliatus.</em></span> <span class='ocrx_word' id='word_1_156' title='bbox 985 1187 1156 1229; x_wconf 63' lang='lat' dir='ltr'><em>hainau·</em></span> 
     </span>
     <span class='ocr_line' id='line_1_22' title="bbox 269 1236 1156 1286; baseline -0.008 -7"><span class='ocrx_word' id='word_1_157' title='bbox 269 1246 322 1279; x_wconf 76' lang='lat' dir='ltr'><em>sus</em></span> <span class='ocrx_word' id='word_1_158' title='bbox 347 1241 410 1278; x_wconf 88' lang='lat' dir='ltr'><em>fuit</em></span> <span class='ocrx_word' id='word_1_159' title='bbox 436 1240 618 1286; x_wconf 78' lang='lat' dir='ltr'><em>Dionysius</em></span> <span class='ocrx_word' id='word_1_160' title='bbox 637 1264 649 1280; x_wconf 92' lang='lat'><em>,</em></span> <span class='ocrx_word' id='word_1_161' title='bbox 673 1239 707 1272; x_wconf 86' lang='lat'>&amp;</span> <span class='ocrx_word' id='word_1_162' title='bbox 732 1236 951 1274; x_wconf 79' lang='lat' dir='ltr'>patriarchale</span> <span class='ocrx_word' id='word_1_163' title='bbox 974 1237 1156 1274; x_wconf 79' lang='lat' dir='ltr'><em>Pescefium</em></span> 
     </span>
     <span class='ocr_line' id='line_1_23' title="bbox 269 1289 858 1329; baseline -0.014 0"><span class='ocrx_word' id='word_1_164' title='bbox 269 1295 372 1329; x_wconf 85' lang='lat' dir='ltr'><em>crevit</em></span> <span class='ocrx_word' id='word_1_165' title='bbox 383 1291 425 1326; x_wconf 83' lang='lat' dir='ltr'><em>ad</em></span> <span class='ocrx_word' id='word_1_166' title='bbox 435 1291 505 1326; x_wconf 89' lang='lat' dir='ltr'><em>duo</em></span> <span class='ocrx_word' id='word_1_167' title='bbox 516 1290 607 1324; x_wconf 78' lang='lat' dir='ltr'><em>milla</em></span> <span class='ocrx_word' id='word_1_168' title='bbox 625 1289 834 1324; x_wconf 85' lang='lat' dir='ltr'><em>Ducatorum</em></span> <span class='ocrx_word' id='word_1_169' title='bbox 849 1313 858 1321; x_wconf 94' lang='lat'>.</span> 
     </span>
    </p>

    <p class='ocr_par' dir='ltr' id='par_1_3' title="bbox 263 1337 1158 2287">
     <span class='ocr_line' id='line_1_24' title="bbox 318 1337 1153 1382; baseline -0.011 -4"><span class='ocrx_word' id='word_1_170' title='bbox 318 1342 446 1378; x_wconf 84' lang='lat' dir='ltr'><em>Verum</em></span> <span class='ocrx_word' id='word_1_171' title='bbox 466 1341 566 1375; x_wconf 84' lang='lat' dir='ltr'><em>etiam</em></span> <span class='ocrx_word' id='word_1_172' title='bbox 588 1339 770 1381; x_wconf 84' lang='lat' dir='ltr'><em>Dionyfius</em></span> <span class='ocrx_word' id='word_1_173' title='bbox 790 1340 889 1373; x_wconf 83' lang='lat' dir='ltr'><em>Ciero</em></span> <span class='ocrx_word' id='word_1_174' title='bbox 902 1349 939 1372; x_wconf 85' lang='lat' dir='ltr'><em>ac</em></span> <span class='ocrx_word' id='word_1_175' title='bbox 950 1337 1074 1382; x_wconf 82' lang='lat' dir='ltr'><em>populo</em></span> <span class='ocrx_word' id='word_1_176' title='bbox 1085 1346 1153 1371; x_wconf 84' lang='lat' dir='ltr'><em>non</em></span> 
     </span>
     <span class='ocr_line' id='line_1_25' title="bbox 268 1387 1156 1438; baseline -0.01 -11"><span class='ocrx_word' id='word_1_177' title='bbox 268 1394 393 1438; x_wconf 82' lang='lat' dir='ltr'>placuit</span> <span class='ocrx_word' id='word_1_178' title='bbox 405 1417 417 1433; x_wconf 92' lang='lat'><em>,</em></span> <span class='ocrx_word' id='word_1_179' title='bbox 438 1389 611 1428; x_wconf 84' lang='lat' dir='ltr'><em>calumniis</em></span> <span class='ocrx_word' id='word_1_180' title='bbox 622 1389 739 1424; x_wconf 67' lang='lat' dir='ltr'><em>fractus</em></span> <span class='ocrx_word' id='word_1_181' title='bbox 749 1389 868 1432; x_wconf 82' lang='lat' dir='ltr'><em>abjecit</em></span> <span class='ocrx_word' id='word_1_182' title='bbox 880 1387 1156 1424; x_wconf 66' lang='lat' dir='ltr'><em>patriarchatum,</em></span> 
     </span>
     <span class='ocr_line' id='line_1_26' title="bbox 267 1434 1155 1484; baseline -0.012 -6"><span class='ocrx_word' id='word_1_183' title='bbox 267 1444 364 1479; x_wconf 79' lang='lat' dir='ltr'><em>rediit</em></span> <span class='ocrx_word' id='word_1_184' title='bbox 385 1443 419 1476; x_wconf 86' lang='lat' dir='ltr'><em>in</em></span> <span class='ocrx_word' id='word_1_185' title='bbox 446 1442 554 1484; x_wconf 64' lang='lat' dir='ltr'><em>ipsum</em></span> <span class='ocrx_word' id='word_1_186' title='bbox 578 1440 711 1474; x_wconf 84' lang='lat' dir='ltr'>Simeon</span> <span class='ocrx_word' id='word_1_187' title='bbox 727 1462 738 1478; x_wconf 90' lang='lat'><em>,</em></span> <span class='ocrx_word' id='word_1_188' title='bbox 764 1439 933 1482; x_wconf 75' lang='lat' dir='ltr'>pergitque</span> <span class='ocrx_word' id='word_1_189' title='bbox 960 1434 1155 1479; x_wconf 70' lang='lat' dir='ltr'><em>Patrjarcha-</em></span> 
     </span>
     <span class='ocr_line' id='line_1_27' title="bbox 266 1483 1154 1527; baseline -0.014 0"><span class='ocrx_word' id='word_1_190' title='bbox 266 1495 310 1527; x_wconf 69' lang='lat' dir='ltr'><em>lis</em></span> <span class='ocrx_word' id='word_1_191' title='bbox 336 1492 485 1526; x_wconf 79' lang='lat' dir='ltr'><em>Historia</em></span> <span class='ocrx_word' id='word_1_192' title='bbox 498 1503 509 1524; x_wconf 90' lang='lat'><em>.·</em></span> <span class='ocrx_word' id='word_1_193' title='bbox 536 1494 601 1523; x_wconf 83' lang='lat' dir='ltr'><em>Hac</em></span> <span class='ocrx_word' id='word_1_194' title='bbox 628 1487 815 1521; x_wconf 81' lang='lat' dir='ltr'><em>Patriarcbae</em></span> <span class='ocrx_word' id='word_1_195' title='bbox 839 1487 1019 1526; x_wconf 75' lang='lat' dir='ltr'><em>restitutione</em></span> <span class='ocrx_word' id='word_1_196' title='bbox 1037 1483 1154 1524; x_wconf 56' lang='lat' dir='ltr'><em>sabla,</em></span> 
     </span>
     <span class='ocr_line' id='line_1_28' title="bbox 266 1533 1155 1579; baseline -0.012 -3"><span class='ocrx_word' id='word_1_197' title='bbox 266 1543 403 1576; x_wconf 82' lang='lat' dir='ltr'><em>abierunt</em></span> <span class='ocrx_word' id='word_1_198' title='bbox 421 1541 468 1573; x_wconf 81' lang='lat' dir='ltr'><em>nd</em></span> <span class='ocrx_word' id='word_1_199' title='bbox 487 1542 610 1573; x_wconf 81' lang='lat' dir='ltr'><em>Portam</em></span> <span class='ocrx_word' id='word_1_200' title='bbox 628 1535 682 1579; x_wconf 70' lang='lat' dir='ltr'><em>fta</em></span> <span class='ocrx_word' id='word_1_201' title='bbox 704 1537 859 1568; x_wconf 78' lang='lat' dir='ltr'><em>Palatium</em></span> <span class='ocrx_word' id='word_1_202' title='bbox 887 1533 1005 1566; x_wconf 77' lang='lat' dir='ltr'><em>suitam</em></span> <span class='ocrx_word' id='word_1_203' title='bbox 1018 1556 1029 1572; x_wconf 93' lang='lat'><em>,</em></span> <span class='ocrx_word' id='word_1_204' title='bbox 1054 1542 1087 1566; x_wconf 82' lang='lat' dir='ltr'><em>ut</em></span> <span class='ocrx_word' id='word_1_205' title='bbox 1099 1534 1155 1566; x_wconf 84' lang='lat' dir='ltr'><em>da-</em></span> 
     </span>
     <span class='ocr_line' id='line_1_29' title="bbox 266 1582 1156 1628; baseline -0.004 -8"><span class='ocrx_word' id='word_1_206' title='bbox 266 1600 331 1628; x_wconf 67' lang='lat' dir='ltr'><em>rent</em></span> <span class='ocrx_word' id='word_1_207' title='bbox 352 1592 430 1624; x_wconf 65' lang='lat' dir='ltr'><em>male</em></span> <span class='ocrx_word' id='word_1_208' title='bbox 451 1594 580 1623; x_wconf 69' lang='lat' dir='ltr'><em>Duc-atos</em></span> <span class='ocrx_word' id='word_1_209' title='bbox 600 1582 844 1627; x_wconf 80' lang='lat' dir='ltr'><em>Pescefiinomine</em></span> <span class='ocrx_word' id='word_1_210' title='bbox 856 1607 868 1623; x_wconf 92' lang='lat'><em>,</em></span> <span class='ocrx_word' id='word_1_211' title='bbox 888 1582 943 1626; x_wconf 87' lang='lat' dir='ltr'><em>seu</em></span> <span class='ocrx_word' id='word_1_212' title='bbox 957 1584 1050 1622; x_wconf 85' lang='lat' dir='ltr'><em>doni,</em></span> <span class='ocrx_word' id='word_1_213' title='bbox 1075 1584 1156 1626; x_wconf 85' lang='lat' dir='ltr'><em>quod</em></span> 
     </span>
     <span class='ocr_line' id='line_1_30' title="bbox 267 1632 1155 1684; baseline -0.008 -11"><span class='ocrx_word' id='word_1_214' title='bbox 267 1641 350 1684; x_wconf 63' lang='grc' dir='ltr'><em>φήσω</em></span> <span class='ocrx_word' id='word_1_215' title='bbox 373 1634 463 1679; x_wconf 72' lang='lat' dir='ltr'><em>iu&#39;jus</em></span> <span class='ocrx_word' id='word_1_216' title='bbox 486 1638 627 1670; x_wconf 81' lang='lat' dir='ltr'><em>simeonis</em></span> <span class='ocrx_word' id='word_1_217' title='bbox 654 1633 741 1676; x_wconf 60' lang='lat' dir='ltr'><em>culpa</em></span> <span class='ocrx_word' id='word_1_218' title='bbox 766 1632 875 1675; x_wconf 86' lang='lat' dir='ltr'><em>fuerat</em></span> <span class='ocrx_word' id='word_1_219' title='bbox 902 1633 1102 1666; x_wconf 64' lang='lat' dir='ltr'><em>introductum</em></span> <span class='ocrx_word' id='word_1_220' title='bbox 1121 1638 1155 1666; x_wconf 79' lang='lat' dir='ltr'><em>in</em></span> 
     </span>
     <span class='ocr_line' id='line_1_31' title="bbox 267 1683 1154 1731; baseline -0.012 -6"><span class='ocrx_word' id='word_1_221' title='bbox 267 1688 445 1731; x_wconf 75' lang='lat' dir='ltr'><em>Ecclefiam.</em></span> <span class='ocrx_word' id='word_1_222' title='bbox 473 1691 515 1721; x_wconf 73' lang='lat' dir='ltr'><em>At</em></span> <span class='ocrx_word' id='word_1_223' title='bbox 539 1686 604 1719; x_wconf 83' lang='lat' dir='ltr'><em>illos</em></span> <span class='ocrx_word' id='word_1_224' title='bbox 622 1684 715 1726; x_wconf 77' lang='lat' dir='ltr'><em>plane</em></span> <span class='ocrx_word' id='word_1_225' title='bbox 727 1683 866 1726; x_wconf 75' lang='lat' dir='ltr'><em>,Quaellor</em></span> <span class='ocrx_word' id='word_1_226' title='bbox 891 1689 1020 1725; x_wconf 78' lang='lat' dir='ltr'><em>accipere</em></span> <span class='ocrx_word' id='word_1_227' title='bbox 1041 1685 1154 1724; x_wconf 82' lang='lat' dir='ltr'><em>noluit,</em></span> 
     </span>
     <span class='ocr_line' id='line_1_32' title="bbox 263 1732 1154 1787; baseline -0.01 -13"><span class='ocrx_word' id='word_1_228' title='bbox 263 1741 321 1787; x_wconf 58' lang='lat' dir='ltr'><em>fid</em></span> <span class='ocrx_word' id='word_1_229' title='bbox 335 1738 508 1783; x_wconf 77' lang='lat' dir='ltr'><em>adferentes</em></span> <span class='ocrx_word' id='word_1_230' title='bbox 523 1734 663 1779; x_wconf 77' lang='lat' dir='ltr'><em>faceffere</em></span> <span class='ocrx_word' id='word_1_231' title='bbox 673 1734 755 1775; x_wconf 74' lang='lat' dir='ltr'><em>juffit</em></span> <span class='ocrx_word' id='word_1_232' title='bbox 766 1757 777 1774; x_wconf 94' lang='lat'><em>,</em></span> <span class='ocrx_word' id='word_1_233' title='bbox 800 1732 877 1777; x_wconf 78' lang='lat' dir='ltr'><em>sein</em></span> <span class='ocrx_word' id='word_1_234' title='bbox 896 1732 1061 1767; x_wconf 80' lang='lat' dir='ltr'><em>rationibus</em></span> <span class='ocrx_word' id='word_1_235' title='bbox 1071 1736 1154 1777; x_wconf 79' lang='lat' dir='ltr'><em>Regii</em></span> 
     </span>
     <span class='ocr_line' id='line_1_33' title="bbox 270 1782 1154 1834; baseline -0.01 -10"><span class='ocrx_word' id='word_1_236' title='bbox 270 1790 351 1834; x_wconf 78' lang='lat' dir='ltr'><em>Fisci</em></span> <span class='ocrx_word' id='word_1_237' title='bbox 371 1788 516 1833; x_wconf 82' lang='lat' dir='ltr'><em>scriptum</em></span> <span class='ocrx_word' id='word_1_238' title='bbox 537 1789 665 1826; x_wconf 67' lang='lat' dir='ltr'><em>reperim</em></span> <span class='ocrx_word' id='word_1_239' title='bbox 690 1785 746 1817; x_wconf 84' lang='lat' dir='ltr'><em>duo</em></span> <span class='ocrx_word' id='word_1_240' title='bbox 767 1784 861 1817; x_wconf 76' lang='lat' dir='ltr'><em>millia</em></span> <span class='ocrx_word' id='word_1_241' title='bbox 881 1782 1062 1827; x_wconf 71' lang='lat' dir='ltr'><em>Pescefium,</em></span> <span class='ocrx_word' id='word_1_242' title='bbox 1087 1795 1154 1825; x_wconf 82' lang='lat' dir='ltr'><em>quae</em></span> 
     </span>
     <span class='ocr_line' id='line_1_34' title="bbox 268 1833 1154 1882; baseline -0.008 -7"><span class='ocrx_word' id='word_1_243' title='bbox 268 1842 357 1882; x_wconf 73' lang='lat' dir='ltr'><em>buius</em></span> <span class='ocrx_word' id='word_1_244' title='bbox 369 1838 523 1882; x_wconf 77' lang='lat' dir='ltr'><em>Anteceffor</em></span> <span class='ocrx_word' id='word_1_245' title='bbox 547 1833 693 1877; x_wconf 71' lang='lat' dir='ltr'><em>Dionysus</em></span> <span class='ocrx_word' id='word_1_246' title='bbox 714 1834 860 1869; x_wconf 76' lang='lat' dir='ltr'><em>dederat.</em></span> <span class='ocrx_word' id='word_1_247' title='bbox 886 1838 1022 1867; x_wconf 78' lang='lat' dir='ltr'><em>cuicum</em></span> <span class='ocrx_word' id='word_1_248' title='bbox 1033 1833 1154 1875; x_wconf 83' lang='lat' dir='ltr'><em>refistere</em></span> 
     </span>
     <span class='ocr_line' id='line_1_35' title="bbox 269 1883 1155 1934; baseline -0.01 -9"><span class='ocrx_word' id='word_1_249' title='bbox 269 1904 326 1926; x_wconf 82' lang='lat' dir='ltr'><em>non</em></span> <span class='ocrx_word' id='word_1_250' title='bbox 347 1892 458 1934; x_wconf 66' lang='lat' dir='ltr'><em>possent</em></span> <span class='ocrx_word' id='word_1_251' title='bbox 481 1912 493 1929; x_wconf 92' lang='lat'><em>,</em></span> <span class='ocrx_word' id='word_1_252' title='bbox 520 1884 700 1920; x_wconf 73' lang='lat' dir='ltr'><em>patriarcha</em></span> <span class='ocrx_word' id='word_1_253' title='bbox 724 1886 759 1919; x_wconf 63' lang='grc' dir='ltr'>Θ</span> <span class='ocrx_word' id='word_1_254' title='bbox 786 1883 962 1924; x_wconf 76' lang='lat' dir='ltr'><em>Antislites,</em></span> <span class='ocrx_word' id='word_1_255' title='bbox 987 1884 1021 1918; x_wconf 65' lang='grc'><em>(9</em></span> <span class='ocrx_word' id='word_1_256' title='bbox 1046 1884 1155 1918; x_wconf 74' lang='lat' dir='ltr'><em>clerici</em></span> 
     </span>
     <span class='ocr_line' id='line_1_36' title="bbox 264 1935 1155 1986; baseline -0.008 -12"><span class='ocrx_word' id='word_1_257' title='bbox 264 1941 340 1986; x_wconf 74' lang='lat' dir='ltr'><em>sane</em></span> <span class='ocrx_word' id='word_1_258' title='bbox 357 1946 489 1983; x_wconf 80' lang='lat' dir='ltr'><em>petitam</em></span> <span class='ocrx_word' id='word_1_259' title='bbox 514 1939 638 1971; x_wconf 83' lang='lat' dir='ltr'><em>duorum</em></span> <span class='ocrx_word' id='word_1_260' title='bbox 659 1935 784 1970; x_wconf 81' lang='lat' dir='ltr'><em>millium</em></span> <span class='ocrx_word' id='word_1_261' title='bbox 807 1936 958 1968; x_wconf 76' lang='lat' dir='ltr'><em>summam</em></span> <span class='ocrx_word' id='word_1_262' title='bbox 988 1935 1155 1976; x_wconf 82' lang='lat' dir='ltr'><em>dederunt,</em></span> 
     </span>
     <span class='ocr_line' id='line_1_37' title="bbox 267 1983 1154 2034; baseline -0.009 -9"><span class='ocrx_word' id='word_1_263' title='bbox 267 1996 300 2026; x_wconf 63' lang='grc' dir='ltr'><em>ἐν</em></span> <span class='ocrx_word' id='word_1_264' title='bbox 322 1997 366 2024; x_wconf 81' lang='lat' dir='ltr'><em>ita</em></span> <span class='ocrx_word' id='word_1_265' title='bbox 377 1989 558 2034; x_wconf 68' lang='lat' dir='ltr'><em>‚Quaestorem</em></span> <span class='ocrx_word' id='word_1_266' title='bbox 577 1988 793 2029; x_wconf 71' lang='lat' dir='ltr'><em>placaverunt.</em></span> <span class='ocrx_word' id='word_1_267' title='bbox 821 1983 926 2018; x_wconf 80' lang='lat' dir='ltr'>Addit</span> <span class='ocrx_word' id='word_1_268' title='bbox 937 1983 1080 2019; x_wconf 73' lang='lat' dir='ltr'><em>politica</em></span> <span class='ocrx_word' id='word_1_269' title='bbox 1093 1984 1154 2018; x_wconf 88' lang='lat' dir='ltr'><em>Hi-</em></span> 
     </span>
     <span class='ocr_line' id='line_1_38' title="bbox 269 2034 1155 2084; baseline -0.01 -8"><span class='ocrx_word' id='word_1_270' title='bbox 269 2043 389 2077; x_wconf 75' lang='lat' dir='ltr'><em>storia.-</em></span> <span class='ocrx_word' id='word_1_271' title='bbox 418 2034 528 2084; x_wconf 60' lang='lat' dir='ltr'><em>Reg‘ms</em></span> <span class='ocrx_word' id='word_1_272' title='bbox 550 2036 686 2082; x_wconf 68' lang='lat' dir='ltr'><em>,Qua-fior</em></span> <span class='ocrx_word' id='word_1_273' title='bbox 709 2047 767 2069; x_wconf 86' lang='lat' dir='ltr'><em>uno</em></span> <span class='ocrx_word' id='word_1_274' title='bbox 789 2036 870 2069; x_wconf 79' lang='lat' dir='ltr'><em>mille</em></span> <span class='ocrx_word' id='word_1_275' title='bbox 880 2043 1034 2069; x_wconf 85' lang='lat' dir='ltr'><em>contentus</em></span> <span class='ocrx_word' id='word_1_276' title='bbox 1044 2035 1096 2079; x_wconf 73' lang='lat' dir='ltr'><em>effe</em></span> <span class='ocrx_word' id='word_1_277' title='bbox 1107 2046 1155 2068; x_wconf 86' lang='lat' dir='ltr'><em>no·</em></span> 
     </span>
     <span class='ocr_line' id='line_1_39' title="bbox 270 2084 1156 2135; baseline -0.012 -8"><span class='ocrx_word' id='word_1_278' title='bbox 270 2096 343 2132; x_wconf 74' lang='lat' dir='ltr'><em>luit,</em></span> <span class='ocrx_word' id='word_1_279' title='bbox 369 2095 400 2126; x_wconf 76' lang='grc' dir='ltr'>εό</span> <span class='ocrx_word' id='word_1_280' title='bbox 423 2091 501 2135; x_wconf 77' lang='lat' dir='ltr'><em>quod</em></span> <span class='ocrx_word' id='word_1_281' title='bbox 521 2095 554 2124; x_wconf 81' lang='lat' dir='ltr'><em>in</em></span> <span class='ocrx_word' id='word_1_282' title='bbox 574 2087 740 2122; x_wconf 78' lang='lat' dir='ltr'><em>rationibus</em></span> <span class='ocrx_word' id='word_1_283' title='bbox 755 2084 819 2129; x_wconf 73' lang='lat' dir='ltr'><em>suIs</em></span> <span class='ocrx_word' id='word_1_284' title='bbox 833 2087 890 2119; x_wconf 88' lang='lat' dir='ltr'><em>duo</em></span> <span class='ocrx_word' id='word_1_285' title='bbox 900 2087 995 2118; x_wconf 82' lang='lat' dir='ltr'><em>millia</em></span> <span class='ocrx_word' id='word_1_286' title='bbox 1005 2091 1156 2122; x_wconf 70' lang='lat' dir='ltr'><em>inveniret</em></span> 
     </span>
     <span class='ocr_line' id='line_1_40' title="bbox 270 2132 1155 2184; baseline -0.011 -9"><span class='ocrx_word' id='word_1_287' title='bbox 270 2142 422 2184; x_wconf 77' lang='lat' dir='ltr'><em>adscripta</em></span> <span class='ocrx_word' id='word_1_288' title='bbox 442 2138 589 2179; x_wconf 68' lang='lat' dir='ltr'><em>Dibtulio.</em></span> <span class='ocrx_word' id='word_1_289' title='bbox 616 2140 686 2170; x_wconf 74' lang='lat' dir='ltr'><em>Haec</em></span> <span class='ocrx_word' id='word_1_290' title='bbox 694 2142 773 2170; x_wconf 83' lang='lat' dir='ltr'><em>enim</em></span> <span class='ocrx_word' id='word_1_291' title='bbox 793 2138 897 2168; x_wconf 78' lang='lat' dir='ltr'><em>Tur-cis</em></span> <span class='ocrx_word' id='word_1_292' title='bbox 913 2132 1085 2176; x_wconf 80' lang='lat' dir='ltr'><em>consuetudo</em></span> <span class='ocrx_word' id='word_1_293' title='bbox 1094 2132 1131 2172; x_wconf 82' lang='lat' dir='ltr'><em>est</em></span> <span class='ocrx_word' id='word_1_294' title='bbox 1143 2156 1155 2173; x_wconf 88' lang='lat'><em>,</em></span> 
     </span>
     <span class='ocr_line' id='line_1_41' title="bbox 271 2180 1158 2231; baseline -0.014 -5"><span class='ocrx_word' id='word_1_295' title='bbox 271 2202 302 2226; x_wconf 85' lang='lat' dir='ltr'><em>ut</em></span> <span class='ocrx_word' id='word_1_296' title='bbox 326 2197 424 2225; x_wconf 77' lang='lat' dir='ltr'><em>minus</em></span> <span class='ocrx_word' id='word_1_297' title='bbox 447 2199 537 2231; x_wconf 83' lang='lat' dir='ltr'><em>quam</em></span> <span class='ocrx_word' id='word_1_298' title='bbox 559 2185 705 2230; x_wconf 83' lang='lat' dir='ltr'><em>scriptum</em></span> <span class='ocrx_word' id='word_1_299' title='bbox 727 2182 839 2225; x_wconf 76' lang='lat' dir='ltr'><em>exstet,</em></span> <span class='ocrx_word' id='word_1_300' title='bbox 865 2194 923 2217; x_wconf 86' lang='lat' dir='ltr'><em>non</em></span> <span class='ocrx_word' id='word_1_301' title='bbox 933 2189 1080 2227; x_wconf 72' lang='lat' dir='ltr'><em>exigant,</em></span> <span class='ocrx_word' id='word_1_302' title='bbox 1100 2180 1158 2225; x_wconf 86' lang='lat' dir='ltr'><em>sed</em></span> 
     </span>
     <span class='ocr_line' id='line_1_42' title="bbox 268 2239 471 2287; baseline -0.03 -11"><span class='ocrx_word' id='word_1_303' title='bbox 268 2243 367 2287; x_wconf 74' lang='lat' dir='ltr'><em>potius</em></span> <span class='ocrx_word' id='word_1_304' title='bbox 381 2239 451 2281; x_wconf 83' lang='lat' dir='ltr'><em>plus</em></span> <span class='ocrx_word' id='word_1_305' title='bbox 463 2263 471 2270; x_wconf 91' lang='lat'>.</span> 
     </span>
    </p>

    <p class='ocr_par' dir='ltr' id='par_1_4' title="bbox 269 2283 1162 2980">
     <span class='ocr_line' id='line_1_43' title="bbox 323 2283 1156 2327; baseline -0.008 -3"><span class='ocrx_word' id='word_1_306' title='bbox 323 2287 481 2325; x_wconf 84' lang='lat' dir='ltr'><em>Notanda</em></span> <span class='ocrx_word' id='word_1_307' title='bbox 514 2287 589 2321; x_wconf 90' lang='lat' dir='ltr'><em>sunt</em></span> <span class='ocrx_word' id='word_1_308' title='bbox 612 2284 709 2320; x_wconf 85' lang='lat' dir='ltr'><em>verba</em></span> <span class='ocrx_word' id='word_1_309' title='bbox 735 2298 747 2319; x_wconf 90' lang='lat'><em>.·</em></span> <span class='ocrx_word' id='word_1_310' title='bbox 774 2283 918 2318; x_wconf 74' lang='lat' dir='ltr'><em>Abierant</em></span> <span class='ocrx_word' id='word_1_311' title='bbox 941 2284 988 2318; x_wconf 79' lang='lat' dir='ltr'><em>aci</em></span> <span class='ocrx_word' id='word_1_312' title='bbox 1010 2286 1156 2327; x_wconf 80' lang='lat' dir='ltr'><em>Portam,</em></span> 
     </span>
     <span class='ocr_line' id='line_1_44' title="bbox 269 2332 1157 2387; baseline -0.01 -10"><span class='ocrx_word' id='word_1_313' title='bbox 269 2342 324 2387; x_wconf 71' lang='lat' dir='ltr'><em>seu·</em></span> <span class='ocrx_word' id='word_1_314' title='bbox 341 2339 511 2375; x_wconf 82' lang='lat' dir='ltr'><em>Palatium.</em></span> <span class='ocrx_word' id='word_1_315' title='bbox 540 2336 690 2381; x_wconf 84' lang='lat' dir='ltr'>Exponit</span> <span class='ocrx_word' id='word_1_316' title='bbox 713 2334 879 2369; x_wconf 89' lang='lat' dir='ltr'><em>Laonicus</em></span> <span class='ocrx_word' id='word_1_317' title='bbox 901 2332 1157 2378; x_wconf 82' lang='lat' dir='ltr'><em>Calchocondy·</em></span> 
     </span>
     <span class='ocr_line' id='line_1_45' title="bbox 275 2382 1155 2432; baseline -0.005 -9"><span class='ocrx_word' id='word_1_318' title='bbox 275 2394 323 2427; x_wconf 64' lang='lat' dir='ltr'><em>hx</em></span> <span class='ocrx_word' id='word_1_319' title='bbox 346 2416 358 2432; x_wconf 90' lang='lat'><em>,</em></span> <span class='ocrx_word' id='word_1_320' title='bbox 383 2389 524 2423; x_wconf 85' lang='lat' dir='ltr'><em>scribens</em></span> <span class='ocrx_word' id='word_1_321' title='bbox 550 2387 780 2422; x_wconf 76' lang='lat' dir='ltr'>solimannum</span> <span class='ocrx_word' id='word_1_322' title='bbox 801 2408 813 2424; x_wconf 91' lang='lat'><em>,</em></span> <span class='ocrx_word' id='word_1_323' title='bbox 839 2382 1034 2421; x_wconf 82' lang='lat' dir='ltr'><em>Amurathis</em></span> <span class='ocrx_word' id='word_1_324' title='bbox 1059 2384 1155 2428; x_wconf 84' lang='lat' dir='ltr'><em>primi</em></span> 
     </span>
     <span class='ocr_line' id='line_1_46' title="bbox 274 2434 1157 2480; baseline -0.01 -3"><span class='ocrx_word' id='word_1_325' title='bbox 274 2443 379 2478; x_wconf 83' lang='lat' dir='ltr'><em>filium</em></span> <span class='ocrx_word' id='word_1_326' title='bbox 394 2464 405 2480; x_wconf 93' lang='lat'>‚</span> <span class='ocrx_word' id='word_1_327' title='bbox 431 2440 524 2473; x_wconf 78' lang='lat' dir='ltr'><em>fuiffe</em></span> <span class='ocrx_word' id='word_1_328' title='bbox 547 2438 565 2471; x_wconf 73' lang='lat' dir='ltr'><em>a</em></span> <span class='ocrx_word' id='word_1_329' title='bbox 585 2438 682 2471; x_wconf 82' lang='lat' dir='ltr'><em>fratre</em></span> <span class='ocrx_word' id='word_1_330' title='bbox 701 2436 736 2470; x_wconf 72' lang='grc' dir='ltr'>ἀ</span> <span class='ocrx_word' id='word_1_331' title='bbox 757 2434 895 2470; x_wconf 83' lang='lat' dir='ltr'><em>sultano</em></span> <span class='ocrx_word' id='word_1_332' title='bbox 907 2434 1055 2479; x_wconf 79' lang='lat' dir='ltr'><em>Bajazete</em></span> <span class='ocrx_word' id='word_1_333' title='bbox 1064 2445 1157 2469; x_wconf 89' lang='lat' dir='ltr'><em>voca·</em></span> 
     </span>
     <span class='ocr_line' id='line_1_47' title="bbox 275 2485 1158 2533; baseline -0.01 -6"><span class='ocrx_word' id='word_1_334' title='bbox 275 2503 347 2527; x_wconf 88' lang='lat' dir='ltr'><em>tum</em></span> <span class='ocrx_word' id='word_1_335' title='bbox 368 2490 408 2524; x_wconf 78' lang='lat' dir='ltr'><em>ad</em></span> <span class='ocrx_word' id='word_1_336' title='bbox 435 2490 572 2533; x_wconf 82' lang='lat' dir='ltr'><em>Januas,</em></span> <span class='ocrx_word' id='word_1_337' title='bbox 596 2488 629 2522; x_wconf 91' lang='lat'>&amp;</span> <span class='ocrx_word' id='word_1_338' title='bbox 650 2486 852 2530; x_wconf 82' lang='lat' dir='ltr'><em>adjungens.-</em></span> <span class='ocrx_word' id='word_1_339' title='bbox 877 2488 924 2520; x_wconf 79' lang='lat' dir='ltr'><em>stc</em></span> <span class='ocrx_word' id='word_1_340' title='bbox 943 2485 1047 2518; x_wconf 84' lang='lat' dir='ltr'><em>aulam</em></span> <span class='ocrx_word' id='word_1_341' title='bbox 1071 2487 1158 2518; x_wconf 82' lang='lat' dir='ltr'><em>Turci</em></span> 
     </span>
     <span class='ocr_line' id='line_1_48' title="bbox 275 2534 1159 2582; baseline -0.006 -7"><span class='ocrx_word' id='word_1_342' title='bbox 275 2551 402 2576; x_wconf 79' lang='lat' dir='ltr'><em>vocant.</em></span> <span class='ocrx_word' id='word_1_343' title='bbox 429 2539 522 2573; x_wconf 86' lang='lat' dir='ltr'><em>Hinc</em></span> <span class='ocrx_word' id='word_1_344' title='bbox 545 2536 657 2572; x_wconf 78' lang='lat' dir='ltr'>scribit</span> <span class='ocrx_word' id='word_1_345' title='bbox 682 2536 791 2582; x_wconf 75' lang='lat' dir='ltr'><em>etiam,</em></span> <span class='ocrx_word' id='word_1_346' title='bbox 807 2534 849 2569; x_wconf 89' lang='lat' dir='ltr'><em>de</em></span> <span class='ocrx_word' id='word_1_347' title='bbox 874 2535 1071 2570; x_wconf 82' lang='lat' dir='ltr'>solimanno</span> <span class='ocrx_word' id='word_1_348' title='bbox 1097 2536 1159 2570; x_wconf 90' lang='lat' dir='ltr'><em>Or-</em></span> 
     </span>
     <span class='ocr_line' id='line_1_49' title="bbox 277 2583 1158 2632; baseline -0.008 -5"><span class='ocrx_word' id='word_1_349' title='bbox 277 2591 389 2627; x_wconf 84' lang='lat' dir='ltr'><em>chanis</em></span> <span class='ocrx_word' id='word_1_350' title='bbox 406 2589 497 2630; x_wconf 91' lang='lat' dir='ltr'><em>filio,</em></span> <span class='ocrx_word' id='word_1_351' title='bbox 522 2588 619 2622; x_wconf 87' lang='lat' dir='ltr'><em>fratre</em></span> <span class='ocrx_word' id='word_1_352' title='bbox 646 2585 740 2632; x_wconf 83' lang='lat' dir='ltr'><em>primi</em></span> <span class='ocrx_word' id='word_1_353' title='bbox 752 2583 967 2620; x_wconf 84' lang='lat' dir='ltr'><em>Amurathis:</em></span> <span class='ocrx_word' id='word_1_354' title='bbox 991 2585 1158 2620; x_wconf 74' lang='lat' dir='ltr'><em>Solimanus</em></span> 
     </span>
     <span class='ocr_line' id='line_1_50' title="bbox 275 2634 1158 2685; baseline -0.006 -10"><span class='ocrx_word' id='word_1_355' title='bbox 275 2647 443 2685; x_wconf 82' lang='lat' dir='ltr'><em>peregrinos</em></span> <span class='ocrx_word' id='word_1_356' title='bbox 456 2664 468 2682; x_wconf 90' lang='lat'><em>,</em></span> <span class='ocrx_word' id='word_1_357' title='bbox 493 2640 661 2681; x_wconf 72' lang='lat' dir='ltr'><em>&amp;reliquos</em></span> <span class='ocrx_word' id='word_1_358' title='bbox 665 2638 832 2679; x_wconf 78' lang='lat' dir='ltr'><em>januarum</em></span> <span class='ocrx_word' id='word_1_359' title='bbox 858 2637 968 2670; x_wconf 82' lang='lat' dir='ltr'><em>milites</em></span> <span class='ocrx_word' id='word_1_360' title='bbox 978 2634 1135 2680; x_wconf 84' lang='lat' dir='ltr'><em>adsumens</em></span> <span class='ocrx_word' id='word_1_361' title='bbox 1147 2661 1158 2678; x_wconf 83' lang='lat'><em>,</em></span> 
     </span>
     <span class='ocr_line' id='line_1_51' title="bbox 281 2686 1159 2732; baseline -0.006 -7"><span class='ocrx_word' id='word_1_362' title='bbox 281 2698 314 2725; x_wconf 84' lang='lat' dir='ltr'><em>in</em></span> <span class='ocrx_word' id='word_1_363' title='bbox 335 2695 486 2732; x_wconf 79' lang='lat' dir='ltr'><em>Europam</em></span> <span class='ocrx_word' id='word_1_364' title='bbox 507 2692 640 2731; x_wconf 71' lang='lat' dir='ltr'><em>traJecit.</em></span> <span class='ocrx_word' id='word_1_365' title='bbox 668 2688 711 2724; x_wconf 85' lang='lat' dir='ltr'><em>Et</em></span> <span class='ocrx_word' id='word_1_366' title='bbox 733 2687 775 2722; x_wconf 90' lang='lat' dir='ltr'><em>de</em></span> <span class='ocrx_word' id='word_1_367' title='bbox 800 2688 997 2730; x_wconf 83' lang='lat' dir='ltr'><em>Imperatore</em></span> <span class='ocrx_word' id='word_1_368' title='bbox 1023 2686 1159 2721; x_wconf 82' lang='lat' dir='ltr'><em>Manuo-</em></span> 
     </span>
     <span class='ocr_line' id='line_1_52' title="bbox 282 2736 1158 2783; baseline -0.006 -8"><span class='ocrx_word' id='word_1_369' title='bbox 282 2742 315 2775; x_wconf 89' lang='lat' dir='ltr'><em>le</em></span> <span class='ocrx_word' id='word_1_370' title='bbox 335 2739 533 2783; x_wconf 67' lang='lat' dir='ltr'><em>Paleologoi</em></span> <span class='ocrx_word' id='word_1_371' title='bbox 561 2739 673 2772; x_wconf 80' lang='lat' dir='ltr'><em>Filium</em></span> <span class='ocrx_word' id='word_1_372' title='bbox 689 2736 778 2781; x_wconf 88' lang='lat' dir='ltr'><em>suum</em></span> <span class='ocrx_word' id='word_1_373' title='bbox 796 2743 828 2771; x_wconf 88' lang='lat' dir='ltr'><em>in</em></span> <span class='ocrx_word' id='word_1_374' title='bbox 838 2738 944 2779; x_wconf 83' lang='lat' dir='ltr'><em>januis</em></span> <span class='ocrx_word' id='word_1_375' title='bbox 956 2740 1047 2782; x_wconf 80' lang='lat' dir='ltr'><em>Regis</em></span> <span class='ocrx_word' id='word_1_376' title='bbox 1059 2759 1070 2776; x_wconf 95' lang='lat'><em>,</em></span> <span class='ocrx_word' id='word_1_377' title='bbox 1096 2737 1158 2770; x_wconf 85' lang='lat' dir='ltr'><em>uti·</em></span> 
     </span>
     <span class='ocr_line' id='line_1_53' title="bbox 282 2786 1159 2836; baseline -0.007 -11"><span class='ocrx_word' id='word_1_378' title='bbox 282 2801 346 2836; x_wconf 86' lang='lat' dir='ltr'><em>que</em></span> <span class='ocrx_word' id='word_1_379' title='bbox 368 2789 462 2834; x_wconf 86' lang='lat' dir='ltr'><em>primi</em></span> <span class='ocrx_word' id='word_1_380' title='bbox 485 2786 695 2827; x_wconf 78' lang='lat' dir='ltr'><em>Amurathis,</em></span> <span class='ocrx_word' id='word_1_381' title='bbox 713 2787 864 2829; x_wconf 78' lang='lat' dir='ltr'><em>stipendia</em></span> <span class='ocrx_word' id='word_1_382' title='bbox 879 2786 1067 2828; x_wconf 79' lang='lat' dir='ltr'><em>facerejuffit</em></span> <span class='ocrx_word' id='word_1_383' title='bbox 1080 2798 1088 2806; x_wconf 91' lang='lat'><strong>·</strong></span> <span class='ocrx_word' id='word_1_384' title='bbox 1114 2787 1159 2820; x_wconf 88' lang='lat' dir='ltr'><em>Et</em></span> 
     </span>
     <span class='ocr_line' id='line_1_54' title="bbox 282 2836 1159 2881; baseline -0.009 -5"><span class='ocrx_word' id='word_1_385' title='bbox 282 2842 325 2876; x_wconf 87' lang='lat' dir='ltr'><em>de</em></span> <span class='ocrx_word' id='word_1_386' title='bbox 350 2838 492 2873; x_wconf 70' lang='lat' dir='ltr'><em>defuncti</em></span> <span class='ocrx_word' id='word_1_387' title='bbox 520 2836 713 2871; x_wconf 82' lang='lat' dir='ltr'><em>Amurathis</em></span> <span class='ocrx_word' id='word_1_388' title='bbox 738 2837 932 2872; x_wconf 86' lang='lat' dir='ltr'><em>Proceribus</em></span> <span class='ocrx_word' id='word_1_389' title='bbox 957 2849 965 2869; x_wconf 73' lang='grc' dir='ltr'>ε</span> <span class='ocrx_word' id='word_1_390' title='bbox 1000 2839 1084 2881; x_wconf 85' lang='lat' dir='ltr'><em>Regii</em></span> <span class='ocrx_word' id='word_1_391' title='bbox 1108 2838 1159 2871; x_wconf 81' lang='lat' dir='ltr'><em>Sa-</em></span> 
     </span>
     <span class='ocr_line' id='line_1_55' title="bbox 283 2886 1161 2933; baseline -0.003 -11"><span class='ocrx_word' id='word_1_392' title='bbox 283 2898 403 2933; x_wconf 73' lang='lat' dir='ltr'><em>trapae‚</em></span> <span class='ocrx_word' id='word_1_393' title='bbox 428 2894 479 2931; x_wconf 82' lang='lat' dir='ltr'><em>qui</em></span> <span class='ocrx_word' id='word_1_394' title='bbox 497 2890 607 2929; x_wconf 82' lang='lat' dir='ltr'><em>januis</em></span> <span class='ocrx_word' id='word_1_395' title='bbox 628 2895 785 2929; x_wconf 75' lang='lat' dir='ltr'><em>praeerant</em></span> <span class='ocrx_word' id='word_1_396' title='bbox 806 2912 815 2920; x_wconf 90' lang='lat'><strong>.</strong></span> <span class='ocrx_word' id='word_1_397' title='bbox 842 2887 887 2921; x_wconf 86' lang='lat' dir='ltr'><em>Et</em></span> <span class='ocrx_word' id='word_1_398' title='bbox 914 2887 1033 2924; x_wconf 86' lang='lat' dir='ltr'><em>iterum</em></span> <span class='ocrx_word' id='word_1_399' title='bbox 1057 2886 1099 2920; x_wconf 88' lang='lat' dir='ltr'><em>de</em></span> <span class='ocrx_word' id='word_1_400' title='bbox 1114 2886 1161 2920; x_wconf 89' lang='lat' dir='ltr'><em>di-</em></span> 
     </span>
     <span class='ocr_line' id='line_1_56' title="bbox 282 2936 1162 2980; baseline -0.005 -6"><span class='ocrx_word' id='word_1_401' title='bbox 282 2942 335 2974; x_wconf 72' lang='grc' dir='ltr'><em>ἃο</em></span> <span class='ocrx_word' id='word_1_402' title='bbox 361 2939 549 2973; x_wconf 84' lang='lat' dir='ltr'><em>Graecorum</em></span> <span class='ocrx_word' id='word_1_403' title='bbox 578 2937 774 2980; x_wconf 78' lang='lat' dir='ltr'>Imperatore</span> <span class='ocrx_word' id='word_1_404' title='bbox 797 2936 955 2971; x_wconf 87' lang='lat' dir='ltr'><em>Manuele</em></span> <span class='ocrx_word' id='word_1_405' title='bbox 981 2949 989 2969; x_wconf 92' lang='lat'>:</span> <span class='ocrx_word' id='word_1_406' title='bbox 1017 2940 1074 2970; x_wconf 83' lang='lat' dir='ltr'><em>His</em></span> <span class='ocrx_word' id='word_1_407' title='bbox 1098 2947 1162 2970; x_wconf 74' lang='lat' dir='ltr'><em>oon-</em></span> 
     </span>
    </p>

    <p class='ocr_par' dir='ltr' id='par_1_5' title="bbox 284 2987 1168 3481">
     <span class='ocr_line' id='line_1_57' title="bbox 285 2987 1159 3030; baseline -0.005 -7"><span class='ocrx_word' id='word_1_408' title='bbox 285 2988 441 3023; x_wconf 79' lang='lat' dir='ltr'><em>ditiombus</em></span> <span class='ocrx_word' id='word_1_409' title='bbox 462 2987 583 3021; x_wconf 86' lang='lat' dir='ltr'><em>Manuel</em></span> <span class='ocrx_word' id='word_1_410' title='bbox 603 2989 744 3027; x_wconf 74' lang='lat' dir='ltr'><em>Byzantii</em></span> <span class='ocrx_word' id='word_1_411' title='bbox 764 2990 898 3030; x_wconf 82' lang='lat' dir='ltr'><em>Regnum</em></span> <span class='ocrx_word' id='word_1_412' title='bbox 918 2988 939 3019; x_wconf 76' lang='grc' dir='ltr'><em>ἃ</em></span> <span class='ocrx_word' id='word_1_413' title='bbox 956 2988 1104 3027; x_wconf 81' lang='lat' dir='ltr'><em>Bajazete</em></span> <span class='ocrx_word' id='word_1_414' title='bbox 1114 2997 1159 3019; x_wconf 88' lang='lat' dir='ltr'><em>ac·</em></span> 
     </span>
     <span class='ocr_line' id='line_1_58' title="bbox 287 3035 1161 3081; baseline -0.005 -7"><span class='ocrx_word' id='word_1_415' title='bbox 287 3046 384 3081; x_wconf 81' lang='lat' dir='ltr'><em>cepit,</em></span> <span class='ocrx_word' id='word_1_416' title='bbox 407 3040 545 3072; x_wconf 83' lang='lat' dir='ltr'><em>videlicet</em></span> <span class='ocrx_word' id='word_1_417' title='bbox 566 3045 598 3071; x_wconf 89' lang='lat' dir='ltr'><em>ut</em></span> <span class='ocrx_word' id='word_1_418' title='bbox 618 3043 652 3070; x_wconf 81' lang='lat' dir='ltr'><em>in</em></span> <span class='ocrx_word' id='word_1_419' title='bbox 671 3039 790 3078; x_wconf 80' lang='lat' dir='ltr'><em>januas</em></span> <span class='ocrx_word' id='word_1_420' title='bbox 806 3035 955 3078; x_wconf 70' lang='lat' dir='ltr'><em>prffec‘lus</em></span> <span class='ocrx_word' id='word_1_421' title='bbox 981 3037 1138 3071; x_wconf 81' lang='lat' dir='ltr'><em>Tributum</em></span> <span class='ocrx_word' id='word_1_422' title='bbox 1151 3060 1161 3077; x_wconf 89' lang='lat'>‚</span> 
     </span>
     <span class='ocr_line' id='line_1_59' title="bbox 288 3084 1162 3132; baseline -0.002 -12"><span class='ocrx_word' id='word_1_423' title='bbox 288 3090 366 3132; x_wconf 86' lang='lat' dir='ltr'><em>quod</em></span> <span class='ocrx_word' id='word_1_424' title='bbox 375 3089 559 3132; x_wconf 82' lang='lat' dir='ltr'><em>imperaffet,</em></span> <span class='ocrx_word' id='word_1_425' title='bbox 578 3086 708 3131; x_wconf 60' lang='lat' dir='ltr'><em>,solveret</em></span> <span class='ocrx_word' id='word_1_426' title='bbox 723 3111 734 3127; x_wconf 89' lang='lat'><em>‚</em></span> <span class='ocrx_word' id='word_1_427' title='bbox 759 3084 918 3129; x_wconf 73' lang='lat' dir='ltr'><em>militesque</em></span> <span class='ocrx_word' id='word_1_428' title='bbox 930 3084 1067 3130; x_wconf 85' lang='lat' dir='ltr'><em>semper,</em></span> <span class='ocrx_word' id='word_1_429' title='bbox 1091 3095 1162 3130; x_wconf 87' lang='lat' dir='ltr'><em>quot</em></span> 
     </span>
     <span class='ocr_line' id='line_1_60' title="bbox 284 3137 1162 3180; baseline -0.005 -6"><span class='ocrx_word' id='word_1_430' title='bbox 284 3140 416 3180; x_wconf 75' lang='lat' dir='ltr'><em>juffiffet‚</em></span> <span class='ocrx_word' id='word_1_431' title='bbox 440 3151 509 3173; x_wconf 88' lang='lat' dir='ltr'><em>vere</em></span> <span class='ocrx_word' id='word_1_432' title='bbox 518 3146 676 3180; x_wconf 83' lang='lat' dir='ltr'><em>appetente</em></span> <span class='ocrx_word' id='word_1_433' title='bbox 699 3138 870 3170; x_wconf 82' lang='lat' dir='ltr'><em>adduceret.</em></span> <span class='ocrx_word' id='word_1_434' title='bbox 899 3137 1102 3175; x_wconf 80' lang='lat' dir='ltr'><em>Andronicus,</em></span> <span class='ocrx_word' id='word_1_435' title='bbox 1128 3138 1162 3170; x_wconf 58' lang='grc' dir='ltr'><em>(θ’</em></span> 
     </span>
     <span class='ocr_line' id='line_1_61' title="bbox 287 3187 1162 3232; baseline 0 -13"><span class='ocrx_word' id='word_1_436' title='bbox 287 3188 370 3229; x_wconf 80' lang='lat' dir='ltr'><em>filius</em></span> <span class='ocrx_word' id='word_1_437' title='bbox 391 3189 456 3228; x_wconf 79' lang='lat' dir='ltr'><em>ejus</em></span> <span class='ocrx_word' id='word_1_438' title='bbox 470 3193 612 3232; x_wconf 85' lang='lat' dir='ltr'><em>Joannes</em></span> <span class='ocrx_word' id='word_1_439' title='bbox 632 3211 643 3227; x_wconf 94' lang='lat'><em>,</em></span> <span class='ocrx_word' id='word_1_440' title='bbox 668 3197 815 3221; x_wconf 88' lang='lat' dir='ltr'><em>morantes</em></span> <span class='ocrx_word' id='word_1_441' title='bbox 836 3193 868 3218; x_wconf 82' lang='lat' dir='ltr'><em>in</em></span> <span class='ocrx_word' id='word_1_442' title='bbox 885 3188 992 3226; x_wconf 82' lang='lat' dir='ltr'><em>januis</em></span> <span class='ocrx_word' id='word_1_443' title='bbox 1013 3212 1023 3226; x_wconf 93' lang='lat'><em>,</em></span> <span class='ocrx_word' id='word_1_444' title='bbox 1050 3187 1162 3221; x_wconf 76' lang='lat' dir='ltr'><em>vic‘lum</em></span> 
     </span>
     <span class='ocr_line' id='line_1_62' title="bbox 292 3234 1164 3280; baseline -0.002 -9"><span class='ocrx_word' id='word_1_445' title='bbox 292 3237 376 3279; x_wconf 78' lang='lat' dir='ltr'><em>apud</em></span> <span class='ocrx_word' id='word_1_446' title='bbox 387 3240 492 3279; x_wconf 81' lang='lat' dir='ltr'><em>Regem</em></span> <span class='ocrx_word' id='word_1_447' title='bbox 508 3238 649 3272; x_wconf 84' lang='lat' dir='ltr'><em>habuere.</em></span> <span class='ocrx_word' id='word_1_448' title='bbox 678 3238 758 3271; x_wconf 84' lang='lat' dir='ltr'><em>Haec</em></span> <span class='ocrx_word' id='word_1_449' title='bbox 779 3235 894 3280; x_wconf 65' lang='lat' dir='ltr'><em>phrasis</em></span> <span class='ocrx_word' id='word_1_450' title='bbox 914 3234 998 3279; x_wconf 88' lang='lat' dir='ltr'><em>apud</em></span> <span class='ocrx_word' id='word_1_451' title='bbox 1009 3236 1164 3270; x_wconf 81' lang='lat' dir='ltr'><em>Turcica-</em></span> 
     </span>
     <span class='ocr_line' id='line_1_63' title="bbox 290 3285 1166 3330; baseline -0.003 -8"><span class='ocrx_word' id='word_1_452' title='bbox 290 3298 365 3322; x_wconf 71' lang='lat' dir='ltr'><em>rum</em></span> <span class='ocrx_word' id='word_1_453' title='bbox 378 3297 478 3319; x_wconf 72' lang='lat' dir='ltr'><em>rerum</em></span> <span class='ocrx_word' id='word_1_454' title='bbox 487 3287 659 3329; x_wconf 81' lang='lat' dir='ltr'><em>Scriptores</em></span> <span class='ocrx_word' id='word_1_455' title='bbox 670 3288 714 3320; x_wconf 82' lang='lat' dir='ltr'><em>est</em></span> <span class='ocrx_word' id='word_1_456' title='bbox 729 3286 996 3330; x_wconf 81' lang='lat' dir='ltr'><em>frequenriffima.</em></span> <span class='ocrx_word' id='word_1_457' title='bbox 1023 3285 1166 3320; x_wconf 69' lang='lat' dir='ltr'><em>Proinde</em></span> 
     </span>
     <span class='ocr_line' id='line_1_64' title="bbox 293 3335 1162 3381; baseline 0 -11"><span class='ocrx_word' id='word_1_458' title='bbox 293 3337 389 3381; x_wconf 74' lang='lat' dir='ltr'><em>janua</em></span> <span class='ocrx_word' id='word_1_459' title='bbox 403 3338 452 3369; x_wconf 65' lang='lat' dir='ltr'><em>{eu</em></span> <span class='ocrx_word' id='word_1_460' title='bbox 475 3346 565 3378; x_wconf 82' lang='lat' dir='ltr'><em>porta</em></span> <span class='ocrx_word' id='word_1_461' title='bbox 579 3337 625 3368; x_wconf 87' lang='lat' dir='ltr'><em>est</em></span> <span class='ocrx_word' id='word_1_462' title='bbox 647 3337 771 3371; x_wconf 83' lang='lat' dir='ltr'><em>Sultani</em></span> <span class='ocrx_word' id='word_1_463' title='bbox 787 3336 872 3370; x_wconf 81' lang='lat' dir='ltr'><em>Aula</em></span> <span class='ocrx_word' id='word_1_464' title='bbox 885 3336 938 3370; x_wconf 88' lang='lat' dir='ltr'><em>seu</em></span> <span class='ocrx_word' id='word_1_465' title='bbox 955 3335 1162 3375; x_wconf 78' lang='lat' dir='ltr'><em>Comitatus,</em></span> 
     </span>
     <span class='ocr_line' id='line_1_65' title="bbox 293 3385 1166 3428; baseline -0.003 -7"><span class='ocrx_word' id='word_1_466' title='bbox 293 3387 327 3421; x_wconf 85' lang='lat'>&amp;</span> <span class='ocrx_word' id='word_1_467' title='bbox 346 3385 488 3420; x_wconf 72' lang='lat' dir='ltr'><em>militare</em></span> <span class='ocrx_word' id='word_1_468' title='bbox 510 3385 541 3417; x_wconf 87' lang='lat' dir='ltr'><em>in</em></span> <span class='ocrx_word' id='word_1_469' title='bbox 563 3385 667 3427; x_wconf 81' lang='lat' dir='ltr'><em>januis</em></span> <span class='ocrx_word' id='word_1_470' title='bbox 682 3410 692 3424; x_wconf 93' lang='lat'><em>,</em></span> <span class='ocrx_word' id='word_1_471' title='bbox 717 3388 769 3421; x_wconf 85' lang='lat' dir='ltr'><em>seu</em></span> <span class='ocrx_word' id='word_1_472' title='bbox 794 3388 855 3420; x_wconf 79' lang='lat' dir='ltr'><em>effe</em></span> <span class='ocrx_word' id='word_1_473' title='bbox 882 3385 1074 3428; x_wconf 80' lang='lat' dir='ltr'><em>Janitzerum</em></span> <span class='ocrx_word' id='word_1_474' title='bbox 1088 3409 1098 3426; x_wconf 90' lang='lat'><em>,</em></span> <span class='ocrx_word' id='word_1_475' title='bbox 1122 3385 1166 3419; x_wconf 88' lang='lat' dir='ltr'><em>est</em></span> 
     </span>
     <span class='ocr_line' id='line_1_66' title="bbox 293 3433 1168 3481; baseline 0 -11"><span class='ocrx_word' id='word_1_476' title='bbox 293 3438 352 3471; x_wconf 74' lang='lat' dir='ltr'><em>effe</em></span> <span class='ocrx_word' id='word_1_477' title='bbox 373 3436 514 3472; x_wconf 85' lang='lat' dir='ltr'><em>militem</em></span> <span class='ocrx_word' id='word_1_478' title='bbox 533 3433 719 3470; x_wconf 77' lang='lat' dir='ltr'><em>Palatinum</em></span> <span class='ocrx_word' id='word_1_479' title='bbox 729 3437 783 3471; x_wconf 86' lang='lat' dir='ltr'><em>seu</em></span> <span class='ocrx_word' id='word_1_480' title='bbox 794 3435 1029 3472; x_wconf 80' lang='lat' dir='ltr'><em>Praetorianum</em></span> <span class='ocrx_word' id='word_1_481' title='bbox 1041 3461 1054 3478; x_wconf 87' lang='lat'><em>,</em></span> <span class='ocrx_word' id='word_1_482' title='bbox 1078 3436 1168 3481; x_wconf 83' lang='lat' dir='ltr'><em>cujus</em></span> 
     </span>
    </p>
   </div>
   <div class='ocr_carea' id='block_1_3' title="bbox 1210 231 2104 685">
    <p class='ocr_par' dir='ltr' id='par_1_6' title="bbox 1210 231 2104 685">
     <span class='ocr_line' id='line_1_67' title="bbox 1210 231 2103 281; baseline 0.011 -15"><span class='ocrx_word' id='word_1_483' title='bbox 1210 231 1336 267; x_wconf 67' lang='lat' dir='ltr'><em>militiae</em></span> <span class='ocrx_word' id='word_1_484' title='bbox 1359 232 1522 279; x_wconf 82' lang='lat' dir='ltr'><em>originem</em></span> <span class='ocrx_word' id='word_1_485' title='bbox 1533 235 1670 278; x_wconf 83' lang='lat' dir='ltr'><em>exponit</em></span> <span class='ocrx_word' id='word_1_486' title='bbox 1686 234 1774 271; x_wconf 87' lang='lat' dir='ltr'><em>idem</em></span> <span class='ocrx_word' id='word_1_487' title='bbox 1795 235 1982 281; x_wconf 85' lang='lat' dir='ltr'><em>Laonicus,</em></span> <span class='ocrx_word' id='word_1_488' title='bbox 2006 241 2103 279; x_wconf 81' lang='lat' dir='ltr'><em>adfir-</em></span> 
     </span>
     <span class='ocr_line' id='line_1_68' title="bbox 1211 282 2101 331; baseline 0.01 -14"><span class='ocrx_word' id='word_1_489' title='bbox 1211 292 1304 317; x_wconf 85' lang='lat' dir='ltr'><em>mans</em></span> <span class='ocrx_word' id='word_1_490' title='bbox 1325 282 1506 319; x_wconf 88' lang='lat' dir='ltr'><em>Turcicam</em></span> <span class='ocrx_word' id='word_1_491' title='bbox 1538 284 1771 331; x_wconf 62' lang='lat' dir='ltr'><em>Monarchiani</em></span> <span class='ocrx_word' id='word_1_492' title='bbox 1794 288 1889 323; x_wconf 67' lang='lat' dir='ltr'><em>fuiffit</em></span> <span class='ocrx_word' id='word_1_493' title='bbox 1909 289 2101 329; x_wconf 78' lang='lat' dir='ltr'>inchoatam</span> 
     </span>
     <span class='ocr_line' id='line_1_69' title="bbox 1210 333 2101 387; baseline 0.012 -20"><span class='ocrx_word' id='word_1_494' title='bbox 1210 334 1229 367; x_wconf 75' lang='lat' dir='ltr'><em>a</em></span> <span class='ocrx_word' id='word_1_495' title='bbox 1254 333 1461 377; x_wconf 86' lang='lat' dir='ltr'><em>Septemviro</em></span> <span class='ocrx_word' id='word_1_496' title='bbox 1488 337 1703 370; x_wconf 88' lang='lat' dir='ltr'><em>Ottomanno</em></span> <span class='ocrx_word' id='word_1_497' title='bbox 1728 360 1740 376; x_wconf 88' lang='lat'>‚</span> <span class='ocrx_word' id='word_1_498' title='bbox 1763 347 1862 383; x_wconf 82' lang='lat' dir='ltr'><em>atque</em></span> <span class='ocrx_word' id='word_1_499' title='bbox 1890 339 2101 387; x_wconf 81' lang='lat' dir='ltr'><em>adjungens.-</em></span> 
     </span>
     <span class='ocr_line' id='line_1_70' title="bbox 1212 383 2104 436; baseline 0.01 -19"><span class='ocrx_word' id='word_1_500' title='bbox 1212 388 1388 418; x_wconf 83' lang='lat' dir='ltr'><em>ottomanus</em></span> <span class='ocrx_word' id='word_1_501' title='bbox 1412 409 1423 425; x_wconf 95' lang='lat'><em>,</em></span> <span class='ocrx_word' id='word_1_502' title='bbox 1447 396 1520 428; x_wconf 69' lang='lat' dir='ltr'><em>quae·</em></span> <span class='ocrx_word' id='word_1_503' title='bbox 1537 387 1582 420; x_wconf 82' lang='lat' dir='ltr'><em>ad</em></span> <span class='ocrx_word' id='word_1_504' title='bbox 1599 389 1695 430; x_wconf 82' lang='lat' dir='ltr'><em>Regni</em></span> <span class='ocrx_word' id='word_1_505' title='bbox 1710 383 1839 432; x_wconf 82' lang='lat' dir='ltr'><em>salutem</em></span> <span class='ocrx_word' id='word_1_506' title='bbox 1859 395 1993 426; x_wconf 75' lang='lat' dir='ltr'><em>attinent</em></span> <span class='ocrx_word' id='word_1_507' title='bbox 2015 416 2027 433; x_wconf 93' lang='lat'><em>,</em></span> <span class='ocrx_word' id='word_1_508' title='bbox 2052 402 2104 436; x_wconf 88' lang='lat' dir='ltr'><em>op-</em></span> 
     </span>
     <span class='ocr_line' id='line_1_71' title="bbox 1212 433 2102 485; baseline 0.013 -18"><span class='ocrx_word' id='word_1_509' title='bbox 1212 435 1284 468; x_wconf 76' lang='lat' dir='ltr'><em>timi</em></span> <span class='ocrx_word' id='word_1_510' title='bbox 1294 433 1455 478; x_wconf 66' lang='lat' dir='ltr'><em>disposuit.</em></span> <span class='ocrx_word' id='word_1_511' title='bbox 1481 439 1528 468; x_wconf 86' lang='lat' dir='ltr'><em>Et</em></span> <span class='ocrx_word' id='word_1_512' title='bbox 1550 445 1585 470; x_wconf 84' lang='lat' dir='ltr'><em>ut</em></span> <span class='ocrx_word' id='word_1_513' title='bbox 1595 438 1732 481; x_wconf 82' lang='lat' dir='ltr'><em>Regnum</em></span> <span class='ocrx_word' id='word_1_514' title='bbox 1747 435 1803 479; x_wconf 79' lang='lat' dir='ltr'><em>sibi</em></span> <span class='ocrx_word' id='word_1_515' title='bbox 1807 438 1925 479; x_wconf 79' lang='lat' dir='ltr'><em>faceret</em></span> <span class='ocrx_word' id='word_1_516' title='bbox 1936 443 2102 485; x_wconf 72' lang='lat' dir='ltr'><em>quamma-</em></span> 
     </span>
     <span class='ocr_line' id='line_1_72' title="bbox 1214 485 2100 536; baseline 0.008 -18"><span class='ocrx_word' id='word_1_517' title='bbox 1214 486 1296 522; x_wconf 64' lang='lat' dir='ltr'><em>xime</em></span> <span class='ocrx_word' id='word_1_518' title='bbox 1312 485 1434 528; x_wconf 84' lang='lat' dir='ltr'><em>firmum</em></span> <span class='ocrx_word' id='word_1_519' title='bbox 1466 487 1502 520; x_wconf 64' lang='lat'><em>(5</em></span> <span class='ocrx_word' id='word_1_520' title='bbox 1523 494 1718 529; x_wconf 72' lang='lat' dir='ltr'><em>opportunum</em></span> <span class='ocrx_word' id='word_1_521' title='bbox 1739 510 1752 528; x_wconf 91' lang='lat'><em>,</em></span> <span class='ocrx_word' id='word_1_522' title='bbox 1791 489 1939 527; x_wconf 68' lang='lat' dir='ltr'><em>satellites</em></span> <span class='ocrx_word' id='word_1_523' title='bbox 1965 494 2100 536; x_wconf 79' lang='lat' dir='ltr'><em>adlegit,</em></span> 
     </span>
     <span class='ocr_line' id='line_1_73' title="bbox 1214 535 2100 591; baseline 0.009 -22"><span class='ocrx_word' id='word_1_524' title='bbox 1214 546 1285 578; x_wconf 80' lang='lat' dir='ltr'><em>quos</em></span> <span class='ocrx_word' id='word_1_525' title='bbox 1305 538 1398 580; x_wconf 74' lang='lat' dir='ltr'><em>Regis</em></span> <span class='ocrx_word' id='word_1_526' title='bbox 1417 537 1538 577; x_wconf 77' lang='lat' dir='ltr'><em>januas</em></span> <span class='ocrx_word' id='word_1_527' title='bbox 1562 535 1624 578; x_wconf 76' lang='lat' dir='ltr'><em>five</em></span> <span class='ocrx_word' id='word_1_528' title='bbox 1639 545 1749 580; x_wconf 87' lang='lat' dir='ltr'><em>portas</em></span> <span class='ocrx_word' id='word_1_529' title='bbox 1775 539 1945 581; x_wconf 78' lang='lat' dir='ltr'><em>appellavit</em></span> <span class='ocrx_word' id='word_1_530' title='bbox 1960 566 1970 575; x_wconf 86' lang='grc'><strong>.</strong></span> <span class='ocrx_word' id='word_1_531' title='bbox 1995 541 2100 591; x_wconf 81' lang='lat' dir='ltr'><em>Qod</em></span> 
     </span>
     <span class='ocr_line' id='line_1_74' title="bbox 1216 585 2102 633; baseline 0.01 -14"><span class='ocrx_word' id='word_1_532' title='bbox 1216 585 1333 629; x_wconf 78' lang='lat' dir='ltr'><em>nempe</em></span> <span class='ocrx_word' id='word_1_533' title='bbox 1355 585 1503 630; x_wconf 84' lang='lat' dir='ltr'><em>Regium</em></span> <span class='ocrx_word' id='word_1_534' title='bbox 1525 586 1610 622; x_wconf 77' lang='lat' dir='ltr'><em>latus</em></span> <span class='ocrx_word' id='word_1_535' title='bbox 1630 588 1753 632; x_wconf 83' lang='lat' dir='ltr'><em>semper</em></span> <span class='ocrx_word' id='word_1_536' title='bbox 1773 587 1948 633; x_wconf 83' lang='lat' dir='ltr'><em>stiparent,</em></span> <span class='ocrx_word' id='word_1_537' title='bbox 1973 593 2010 633; x_wconf 66' lang='grc' dir='ltr'><em>δε</em></span> <span class='ocrx_word' id='word_1_538' title='bbox 2029 604 2102 628; x_wconf 82' lang='lat' dir='ltr'><em>non</em></span> 
     </span>
     <span class='ocr_line' id='line_1_75' title="bbox 1217 635 2102 685; baseline 0.011 -16"><span class='ocrx_word' id='word_1_539' title='bbox 1217 635 1275 669; x_wconf 85' lang='lat' dir='ltr'><em>nifi</em></span> <span class='ocrx_word' id='word_1_540' title='bbox 1285 646 1345 679; x_wconf 82' lang='lat' dir='ltr'><em>per</em></span> <span class='ocrx_word' id='word_1_541' title='bbox 1363 635 1450 679; x_wconf 86' lang='lat' dir='ltr'><em>ipsos</em></span> <span class='ocrx_word' id='word_1_542' title='bbox 1472 638 1576 680; x_wconf 76' lang='lat' dir='ltr'><em>posset</em></span> <span class='ocrx_word' id='word_1_543' title='bbox 1586 637 1699 680; x_wconf 80' lang='lat' dir='ltr'><em>accedi</em></span> <span class='ocrx_word' id='word_1_544' title='bbox 1710 637 1752 672; x_wconf 82' lang='lat' dir='ltr'><em>ad</em></span> <span class='ocrx_word' id='word_1_545' title='bbox 1773 639 1919 685; x_wconf 64' lang='lat' dir='ltr'><em>Regem0</em></span> <span class='ocrx_word' id='word_1_546' title='bbox 1947 639 2102 680; x_wconf 80' lang='lat' dir='ltr'><em>Addit&amp;</em></span> 
     </span>
    </p>
   </div>
   <div class='ocr_carea' id='block_1_4' title="bbox 1216 685 2186 737">
    <p class='ocr_par' dir='ltr' id='par_1_7' title="bbox 1216 685 2186 737">
     <span class='ocr_line' id='line_1_76' title="bbox 1216 685 2186 737; baseline 0.006 -17"><span class='ocrx_word' id='word_1_547' title='bbox 1216 685 1314 720; x_wconf 77' lang='lat' dir='ltr'><em>aliam</em></span> <span class='ocrx_word' id='word_1_548' title='bbox 1338 685 1428 720; x_wconf 81' lang='lat' dir='ltr'><em>tituli</em></span> <span class='ocrx_word' id='word_1_549' title='bbox 1449 688 1581 730; x_wconf 75' lang='lat' dir='ltr'><em>causam</em></span> <span class='ocrx_word' id='word_1_550' title='bbox 1604 700 1613 720; x_wconf 71' lang='grc' dir='ltr'>ε</span> <span class='ocrx_word' id='word_1_551' title='bbox 1639 688 1788 730; x_wconf 74' lang='lat' dir='ltr'><em>Defunt‘lo</em></span> <span class='ocrx_word' id='word_1_552' title='bbox 1807 690 1991 733; x_wconf 73' lang='lat' dir='ltr'><em>Amuratbe,</em></span> <span class='ocrx_word' id='word_1_553' title='bbox 2016 695 2101 737; x_wconf 78' lang='lat' dir='ltr'><em>Regii</em></span> <span class='ocrx_word' id='word_1_554' title='bbox 2118 703 2149 732; x_wconf 72' lang='lat' dir='ltr'><em>L,</em></span> <span class='ocrx_word' id='word_1_555' title='bbox 2163 712 2186 732; x_wconf 59' lang='grc' dir='ltr'><em>χ,</em></span> 
     </span>
    </p>
   </div>
   <div class='ocr_carea' id='block_1_5' title="bbox 1215 738 2102 1188">
    <p class='ocr_par' dir='ltr' id='par_1_8' title="bbox 1215 738 2102 1188">
     <span class='ocr_line' id='line_1_77' title="bbox 1215 738 2102 783; baseline 0.008 -13"><span class='ocrx_word' id='word_1_556' title='bbox 1215 738 1376 779; x_wconf 73' lang='lat' dir='ltr'><em>Satrapae,</em></span> <span class='ocrx_word' id='word_1_557' title='bbox 1402 742 1456 780; x_wconf 79' lang='lat' dir='ltr'><em>qui</em></span> <span class='ocrx_word' id='word_1_558' title='bbox 1467 738 1578 777; x_wconf 78' lang='lat' dir='ltr'><em>januis</em></span> <span class='ocrx_word' id='word_1_559' title='bbox 1583 745 1766 780; x_wconf 67' lang='lat' dir='ltr'><em>praeerant,</em></span> <span class='ocrx_word' id='word_1_560' title='bbox 1790 742 1994 783; x_wconf 63' lang='lat' dir='ltr'><em>Bajuzetem,</em></span> <span class='ocrx_word' id='word_1_561' title='bbox 2015 746 2102 777; x_wconf 74' lang='lat' dir='ltr'><em>Amu-</em></span> 
     </span>
     <span class='ocr_line' id='line_1_78' title="bbox 1215 785 2100 836; baseline 0.009 -17"><span class='ocrx_word' id='word_1_562' title='bbox 1215 785 1318 823; x_wconf 75' lang='lat' dir='ltr'><em>ratkis</em></span> <span class='ocrx_word' id='word_1_563' title='bbox 1337 787 1435 831; x_wconf 80' lang='lat' dir='ltr'><em>filium</em></span> <span class='ocrx_word' id='word_1_564' title='bbox 1449 789 1623 829; x_wconf 79' lang='lat' dir='ltr'><em>juniorem,</em></span> <span class='ocrx_word' id='word_1_565' title='bbox 1649 794 1682 822; x_wconf 85' lang='lat' dir='ltr'><em>in</em></span> <span class='ocrx_word' id='word_1_566' title='bbox 1701 793 1828 832; x_wconf 82' lang='lat' dir='ltr'><em>Imperio</em></span> <span class='ocrx_word' id='word_1_567' title='bbox 1839 803 1945 836; x_wconf 85' lang='lat' dir='ltr'><em>magno</em></span> <span class='ocrx_word' id='word_1_568' title='bbox 1962 791 2100 836; x_wconf 70' lang='lat' dir='ltr'><em>consensu</em></span> 
     </span>
     <span class='ocr_line' id='line_1_79' title="bbox 1216 836 2100 888; baseline 0.007 -17"><span class='ocrx_word' id='word_1_569' title='bbox 1216 836 1372 871; x_wconf 80' lang='lat' dir='ltr'><em>collocant.</em></span> <span class='ocrx_word' id='word_1_570' title='bbox 1395 837 1499 873; x_wconf 42' lang='lat' dir='ltr'><em>‘Istius</em></span> <span class='ocrx_word' id='word_1_571' title='bbox 1518 838 1805 875; x_wconf 56' lang='lat' dir='ltr'><em>militial&#39;raefeffl</em></span> <span class='ocrx_word' id='word_1_572' title='bbox 1815 841 1947 886; x_wconf 81' lang='lat' dir='ltr'><em>Regem</em></span> <span class='ocrx_word' id='word_1_573' title='bbox 1966 842 2100 888; x_wconf 86' lang='lat' dir='ltr'><em>eligunt</em></span> 
     </span>
     <span class='ocr_line' id='line_1_80' title="bbox 1217 884 2099 937; baseline 0.008 -16"><span class='ocrx_word' id='word_1_574' title='bbox 1217 897 1316 931; x_wconf 76' lang='lat' dir='ltr'><em>arque</em></span> <span class='ocrx_word' id='word_1_575' title='bbox 1327 884 1578 929; x_wconf 80' lang='lat' dir='ltr'><em>inthronizant,</em></span> <span class='ocrx_word' id='word_1_576' title='bbox 1602 898 1702 934; x_wconf 87' lang='lat' dir='ltr'><em>atque</em></span> <span class='ocrx_word' id='word_1_577' title='bbox 1721 890 1767 925; x_wconf 82' lang='lat' dir='ltr'><em>ita</em></span> <span class='ocrx_word' id='word_1_578' title='bbox 1788 890 1846 936; x_wconf 82' lang='lat' dir='ltr'><em>ipfi</em></span> <span class='ocrx_word' id='word_1_579' title='bbox 1860 891 2042 937; x_wconf 79' lang='lat' dir='ltr'><em>suntjanua</em></span> <span class='ocrx_word' id='word_1_580' title='bbox 2061 892 2099 927; x_wconf 75' lang='grc' dir='ltr'><em>δε</em></span> 
     </span>
     <span class='ocr_line' id='line_1_81' title="bbox 1218 938 2099 986; baseline 0.007 -14"><span class='ocrx_word' id='word_1_581' title='bbox 1218 947 1332 981; x_wconf 81' lang='lat' dir='ltr'><em>porta„</em></span> <span class='ocrx_word' id='word_1_582' title='bbox 1349 949 1430 975; x_wconf 78' lang='lat' dir='ltr'><em>,non</em></span> <span class='ocrx_word' id='word_1_583' title='bbox 1448 938 1579 974; x_wconf 79' lang='lat' dir='ltr'><em>tantum</em></span> <span class='ocrx_word' id='word_1_584' title='bbox 1600 939 1643 974; x_wconf 84' lang='lat' dir='ltr'><em>ad</em></span> <span class='ocrx_word' id='word_1_585' title='bbox 1665 940 1795 986; x_wconf 82' lang='lat' dir='ltr'><em>Regem</em></span> <span class='ocrx_word' id='word_1_586' title='bbox 1814 966 1828 984; x_wconf 93' lang='lat'>‚</span> <span class='ocrx_word' id='word_1_587' title='bbox 1854 941 1909 979; x_wconf 82' lang='lat' dir='ltr'><em>sed</em></span> <span class='ocrx_word' id='word_1_588' title='bbox 1931 943 2035 978; x_wconf 82' lang='lat' dir='ltr'><em>etiam</em></span> <span class='ocrx_word' id='word_1_589' title='bbox 2054 942 2099 978; x_wconf 76' lang='lat' dir='ltr'><em>ad</em></span> 
     </span>
     <span class='ocr_line' id='line_1_82' title="bbox 1217 988 2101 1033; baseline 0.007 -11"><span class='ocrx_word' id='word_1_590' title='bbox 1217 988 1375 1033; x_wconf 81' lang='lat' dir='ltr'><em>Regnum</em></span> <span class='ocrx_word' id='word_1_591' title='bbox 1398 1013 1407 1022; x_wconf 87' lang='lat'><strong>.</strong></span> <span class='ocrx_word' id='word_1_592' title='bbox 1433 991 1582 1025; x_wconf 83' lang='lat' dir='ltr'><em>Omnem</em></span> <span class='ocrx_word' id='word_1_593' title='bbox 1601 989 1741 1032; x_wconf 82' lang='lat' dir='ltr'><em>istorum</em></span> <span class='ocrx_word' id='word_1_594' title='bbox 1766 991 1911 1027; x_wconf 87' lang='lat' dir='ltr'><em>militum</em></span> <span class='ocrx_word' id='word_1_595' title='bbox 1932 992 2101 1029; x_wconf 84' lang='lat' dir='ltr'><em>educatio-</em></span> 
     </span>
     <span class='ocr_line' id='line_1_83' title="bbox 1216 1038 2099 1088; baseline 0.008 -17"><span class='ocrx_word' id='word_1_596' title='bbox 1216 1049 1315 1079; x_wconf 84' lang='lat' dir='ltr'><em>nem,</em></span> <span class='ocrx_word' id='word_1_597' title='bbox 1341 1038 1472 1079; x_wconf 68' lang='lat' dir='ltr'><em>officia,</em></span> <span class='ocrx_word' id='word_1_598' title='bbox 1497 1039 1675 1085; x_wconf 78' lang='lat' dir='ltr'><em>dignitates</em></span> <span class='ocrx_word' id='word_1_599' title='bbox 1695 1039 1785 1087; x_wconf 72' lang='lat' dir='ltr'><em>large</em></span> <span class='ocrx_word' id='word_1_600' title='bbox 1793 1043 1937 1087; x_wconf 79' lang='lat' dir='ltr'><em>exponit-</em></span> <span class='ocrx_word' id='word_1_601' title='bbox 1953 1044 1991 1084; x_wconf 75' lang='lat' dir='ltr'><em>in</em></span> <span class='ocrx_word' id='word_1_602' title='bbox 2002 1043 2099 1088; x_wconf 86' lang='lat' dir='ltr'><em>quin-</em></span> 
     </span>
     <span class='ocr_line' id='line_1_84' title="bbox 1216 1089 2100 1138; baseline 0.005 -14"><span class='ocrx_word' id='word_1_603' title='bbox 1216 1099 1254 1125; x_wconf 83' lang='lat' dir='ltr'><em>to</em></span> <span class='ocrx_word' id='word_1_604' title='bbox 1265 1089 1312 1125; x_wconf 85' lang='lat' dir='ltr'><em>sui</em></span> <span class='ocrx_word' id='word_1_605' title='bbox 1334 1090 1444 1134; x_wconf 75' lang='lat' dir='ltr'><em>operis,</em></span> <span class='ocrx_word' id='word_1_606' title='bbox 1454 1089 1540 1129; x_wconf 84' lang='lat' dir='ltr'><em>libro</em></span> <span class='ocrx_word' id='word_1_607' title='bbox 1560 1090 1982 1138; x_wconf 19' lang='lat' dir='ltr'><em>idemNCalchoeondylas„</em></span> <span class='ocrx_word' id='word_1_608' title='bbox 2001 1091 2100 1128; x_wconf 82' lang='lat' dir='ltr'><em>Etde</em></span> 
     </span>
     <span class='ocr_line' id='line_1_85' title="bbox 1217 1139 2098 1188; baseline 0.002 -13"><span class='ocrx_word' id='word_1_609' title='bbox 1217 1139 1403 1176; x_wconf 62' lang='lat' dir='ltr'><em>Ammatha</em></span> <span class='ocrx_word' id='word_1_610' title='bbox 1420 1140 1567 1176; x_wconf 84' lang='lat' dir='ltr'><em>secundo</em></span> <span class='ocrx_word' id='word_1_611' title='bbox 1596 1140 1707 1176; x_wconf 84' lang='lat' dir='ltr'><em>scribit</em></span> <span class='ocrx_word' id='word_1_612' title='bbox 1727 1141 1892 1188; x_wconf 75' lang='lat' dir='ltr'><em>Georgitts</em></span> <span class='ocrx_word' id='word_1_613' title='bbox 1911 1142 2098 1180; x_wconf 75' lang='lat' dir='ltr'><em>Phranzes:</em></span> 
     </span>
    </p>
   </div>
   <div class='ocr_carea' id='block_1_6' title="bbox 1216 1192 2281 1237">
    <p class='ocr_par' dir='ltr' id='par_1_9' title="bbox 1216 1192 2281 1237">
     <span class='ocr_line' id='line_1_86' title="bbox 1216 1192 2281 1237; baseline 0.005 -13"><span class='ocrx_word' id='word_1_614' title='bbox 1216 1196 1274 1227; x_wconf 85' lang='lat' dir='ltr'><em>Hic</em></span> <span class='ocrx_word' id='word_1_615' title='bbox 1290 1195 1417 1233; x_wconf 78' lang='lat' dir='ltr'><em>primus</em></span> <span class='ocrx_word' id='word_1_616' title='bbox 1425 1192 1606 1234; x_wconf 77' lang='lat' dir='ltr'><em>Janmeris</em></span> <span class='ocrx_word' id='word_1_617' title='bbox 1621 1197 1846 1237; x_wconf 58' lang='lat' dir='ltr'><em>praerogativas</em></span> <span class='ocrx_word' id='word_1_618' title='bbox 1865 1198 2037 1237; x_wconf 79' lang='lat' dir='ltr'><em>impertiit,</em></span> <span class='ocrx_word' id='word_1_619' title='bbox 2061 1195 2099 1228; x_wconf 65' lang='grc' dir='ltr'><em>Θ</em></span> <span class='ocrx_word' id='word_1_620' title='bbox 2117 1201 2214 1233; x_wconf 81' lang='lat' dir='ltr'>L.1.c.</span> <span class='ocrx_word' id='word_1_621' title='bbox 2223 1198 2281 1236; x_wconf 67' lang='grc' dir='ltr'><em>μδ</em></span> 
     </span>
    </p>
   </div>
   <div class='ocr_carea' id='block_1_7' title="bbox 1193 1239 2103 3431">
    <p class='ocr_par' dir='ltr' id='par_1_10' title="bbox 1193 1239 2103 3073">
     <span class='ocr_line' id='line_1_87' title="bbox 1213 1239 2102 1289; baseline 0.004 -15"><span class='ocrx_word' id='word_1_622' title='bbox 1213 1242 1295 1283; x_wconf 77' lang='lat' dir='ltr'><em>quod</em></span> <span class='ocrx_word' id='word_1_623' title='bbox 1313 1239 1404 1284; x_wconf 81' lang='lat' dir='ltr'><em>usque</em></span> <span class='ocrx_word' id='word_1_624' title='bbox 1425 1241 1511 1276; x_wconf 70' lang='lat' dir='ltr'><em>bodie</em></span> <span class='ocrx_word' id='word_1_625' title='bbox 1528 1241 1698 1284; x_wconf 75' lang='lat' dir='ltr'><em>praellaent,</em></span> <span class='ocrx_word' id='word_1_626' title='bbox 1722 1253 1833 1278; x_wconf 78' lang='lat' dir='ltr'><em>munus</em></span> <span class='ocrx_word' id='word_1_627' title='bbox 1855 1244 1918 1278; x_wconf 87' lang='lat' dir='ltr'><em>illis</em></span> <span class='ocrx_word' id='word_1_628' title='bbox 1937 1243 2102 1289; x_wconf 43' lang='lat' dir='ltr'><em>imposuitff</em></span> 
     </span>
     <span class='ocr_line' id='line_1_88' title="bbox 1215 1292 2101 1338; baseline 0.008 -16"><span class='ocrx_word' id='word_1_629' title='bbox 1215 1294 1305 1324; x_wconf 77' lang='lat' dir='ltr'><em>Nam</em></span> <span class='ocrx_word' id='word_1_630' title='bbox 1321 1299 1394 1324; x_wconf 81' lang='lat' dir='ltr'><em>ante</em></span> <span class='ocrx_word' id='word_1_631' title='bbox 1405 1292 1444 1324; x_wconf 86' lang='lat' dir='ltr'><em>id</em></span> <span class='ocrx_word' id='word_1_632' title='bbox 1449 1299 1569 1332; x_wconf 86' lang='lat' dir='ltr'><em>tempus</em></span> <span class='ocrx_word' id='word_1_633' title='bbox 1589 1293 1654 1333; x_wconf 72' lang='lat' dir='ltr'><em>eius</em></span> <span class='ocrx_word' id='word_1_634' title='bbox 1667 1295 1807 1338; x_wconf 77' lang='lat' dir='ltr'><em>Legionis</em></span> <span class='ocrx_word' id='word_1_635' title='bbox 1829 1293 1894 1328; x_wconf 78' lang='lat' dir='ltr'><em>alta</em></span> <span class='ocrx_word' id='word_1_636' title='bbox 1902 1292 2076 1338; x_wconf 77' lang='lat' dir='ltr'><em>consuetudo</em></span> <span class='ocrx_word' id='word_1_637' title='bbox 2085 1317 2101 1336; x_wconf 88' lang='lat'>‚</span> 
     </span>
     <span class='ocr_line' id='line_1_89' title="bbox 1213 1338 2101 1388; baseline 0.007 -17"><span class='ocrx_word' id='word_1_638' title='bbox 1213 1338 1301 1371; x_wconf 81' lang='lat' dir='ltr'><em>aliud</em></span> <span class='ocrx_word' id='word_1_639' title='bbox 1311 1338 1432 1379; x_wconf 80' lang='lat' dir='ltr'><em>officium</em></span> <span class='ocrx_word' id='word_1_640' title='bbox 1442 1360 1455 1378; x_wconf 98' lang='lat'><em>,</em></span> <span class='ocrx_word' id='word_1_641' title='bbox 1480 1338 1516 1372; x_wconf 66' lang='grc' dir='ltr'><strong><em>Θ</em></strong></span> <span class='ocrx_word' id='word_1_642' title='bbox 1521 1348 1617 1383; x_wconf 84' lang='lat' dir='ltr'><em>genus</em></span> <span class='ocrx_word' id='word_1_643' title='bbox 1627 1341 1717 1379; x_wconf 74' lang='lat' dir='ltr'><em>vestis</em></span> <span class='ocrx_word' id='word_1_644' title='bbox 1726 1351 1812 1376; x_wconf 76' lang='lat' dir='ltr'><em>erat.</em></span> <span class='ocrx_word' id='word_1_645' title='bbox 1832 1344 1929 1388; x_wconf 81' lang='lat' dir='ltr'><em>Juffit</em></span> <span class='ocrx_word' id='word_1_646' title='bbox 1946 1350 2019 1380; x_wconf 80' lang='lat' dir='ltr'><em>item</em></span> <span class='ocrx_word' id='word_1_647' title='bbox 2029 1355 2101 1378; x_wconf 80' lang='lat' dir='ltr'><em>uxo-</em></span> 
     </span>
     <span class='ocr_line' id='line_1_90' title="bbox 1214 1387 2102 1433; baseline 0.008 -13"><span class='ocrx_word' id='word_1_648' title='bbox 1214 1397 1263 1420; x_wconf 89' lang='lat' dir='ltr'><em>res</em></span> <span class='ocrx_word' id='word_1_649' title='bbox 1285 1397 1343 1420; x_wconf 83' lang='lat' dir='ltr'><em>non</em></span> <span class='ocrx_word' id='word_1_650' title='bbox 1353 1388 1481 1426; x_wconf 85' lang='lat' dir='ltr'><em>ducere,</em></span> <span class='ocrx_word' id='word_1_651' title='bbox 1507 1398 1545 1421; x_wconf 85' lang='lat' dir='ltr'><em>ne</em></span> <span class='ocrx_word' id='word_1_652' title='bbox 1553 1387 1675 1422; x_wconf 83' lang='lat' dir='ltr'><em>illarum</em></span> <span class='ocrx_word' id='word_1_653' title='bbox 1684 1399 1720 1422; x_wconf 89' lang='lat' dir='ltr'><em>ac</em></span> <span class='ocrx_word' id='word_1_654' title='bbox 1733 1389 1896 1425; x_wconf 83' lang='lat' dir='ltr'><em>liberorum</em></span> <span class='ocrx_word' id='word_1_655' title='bbox 1914 1402 1985 1426; x_wconf 72' lang='lat' dir='ltr'><em>cura</em></span> <span class='ocrx_word' id='word_1_656' title='bbox 1994 1393 2102 1433; x_wconf 69' lang='lat' dir='ltr'><em>distra-</em></span> 
     </span>
     <span class='ocr_line' id='line_1_91' title="bbox 1216 1433 2102 1484; baseline 0.006 -16"><span class='ocrx_word' id='word_1_657' title='bbox 1216 1435 1356 1471; x_wconf 82' lang='lat' dir='ltr'><em>herentur</em></span> <span class='ocrx_word' id='word_1_658' title='bbox 1367 1460 1379 1477; x_wconf 91' lang='lat'>‚</span> <span class='ocrx_word' id='word_1_659' title='bbox 1402 1433 1460 1479; x_wconf 80' lang='lat' dir='ltr'><em>sed</em></span> <span class='ocrx_word' id='word_1_660' title='bbox 1475 1440 1509 1469; x_wconf 79' lang='lat' dir='ltr'><em>in</em></span> <span class='ocrx_word' id='word_1_661' title='bbox 1520 1435 1631 1469; x_wconf 71' lang='lat' dir='ltr'><em>militia</em></span> <span class='ocrx_word' id='word_1_662' title='bbox 1635 1435 1732 1478; x_wconf 86' lang='lat' dir='ltr'><em>soluto</em></span> <span class='ocrx_word' id='word_1_663' title='bbox 1738 1436 1855 1479; x_wconf 79' lang='lat' dir='ltr'><em>semper</em></span> <span class='ocrx_word' id='word_1_664' title='bbox 1876 1445 1978 1473; x_wconf 79' lang='lat' dir='ltr'><em>animo</em></span> <span class='ocrx_word' id='word_1_665' title='bbox 1996 1440 2102 1484; x_wconf 77' lang='lat' dir='ltr'><em>versa·</em></span> 
     </span>
     <span class='ocr_line' id='line_1_92' title="bbox 1215 1483 2000 1530; baseline 0.001 -9"><span class='ocrx_word' id='word_1_666' title='bbox 1215 1494 1318 1521; x_wconf 84' lang='lat' dir='ltr'><em>rentur·</em></span> <span class='ocrx_word' id='word_1_667' title='bbox 1330 1510 1338 1519; x_wconf 88' lang='lat'><strong>.</strong></span> <span class='ocrx_word' id='word_1_668' title='bbox 1365 1487 1520 1528; x_wconf 71' lang='lat' dir='ltr'><em>Voluitque</em></span> <span class='ocrx_word' id='word_1_669' title='bbox 1531 1483 1645 1529; x_wconf 83' lang='lat' dir='ltr'><em>eosdem</em></span> <span class='ocrx_word' id='word_1_670' title='bbox 1652 1485 1728 1528; x_wconf 80' lang='lat' dir='ltr'><em>filios</em></span> <span class='ocrx_word' id='word_1_671' title='bbox 1743 1483 1814 1529; x_wconf 87' lang='lat' dir='ltr'><em>suos</em></span> <span class='ocrx_word' id='word_1_672' title='bbox 1834 1489 2000 1530; x_wconf 76' lang='lat' dir='ltr'><em>appellari.</em></span> 
     </span>
     <span class='ocr_line' id='line_1_93' title="bbox 1263 1533 2101 1582; baseline 0.007 -12"><span class='ocrx_word' id='word_1_673' title='bbox 1263 1536 1412 1571; x_wconf 86' lang='lat' dir='ltr'><em>Simeoni</em></span> <span class='ocrx_word' id='word_1_674' title='bbox 1436 1533 1633 1571; x_wconf 78' lang='lat' dir='ltr'><em>patriarchae</em></span> <span class='ocrx_word' id='word_1_675' title='bbox 1663 1535 1783 1572; x_wconf 82' lang='lat' dir='ltr'><em>invidit</em></span> <span class='ocrx_word' id='word_1_676' title='bbox 1802 1535 1954 1582; x_wconf 72' lang='lat' dir='ltr'><em>Raphael</em></span> <span class='ocrx_word' id='word_1_677' title='bbox 1977 1539 2101 1576; x_wconf 86' lang='lat' dir='ltr'><em>Hiero-</em></span> 
     </span>
     <span class='ocr_line' id='line_1_94' title="bbox 1214 1583 2100 1633; baseline 0.007 -14"><span class='ocrx_word' id='word_1_678' title='bbox 1214 1583 1427 1626; x_wconf 63' lang='lat' dir='ltr'><em>Monachus,</em></span> <span class='ocrx_word' id='word_1_679' title='bbox 1452 1584 1560 1622; x_wconf 86' lang='lat' dir='ltr'><em>homo</em></span> <span class='ocrx_word' id='word_1_680' title='bbox 1578 1585 1614 1620; x_wconf 89' lang='lat' dir='ltr'><em>in</em></span> <span class='ocrx_word' id='word_1_681' title='bbox 1635 1586 1746 1623; x_wconf 84' lang='lat' dir='ltr'><em>Servia</em></span> <span class='ocrx_word' id='word_1_682' title='bbox 1766 1595 1882 1630; x_wconf 85' lang='lat' dir='ltr'><em>natus,</em></span> <span class='ocrx_word' id='word_1_683' title='bbox 1908 1588 2100 1633; x_wconf 84' lang='lat' dir='ltr'><em>imperitus,</em></span> 
     </span>
     <span class='ocr_line' id='line_1_95' title="bbox 1214 1635 2101 1684; baseline 0.006 -14"><span class='ocrx_word' id='word_1_684' title='bbox 1214 1635 1301 1672; x_wconf 77' lang='lat' dir='ltr'><em>varie</em></span> <span class='ocrx_word' id='word_1_685' title='bbox 1326 1635 1463 1672; x_wconf 85' lang='lat' dir='ltr'><em>vitiosus</em></span> <span class='ocrx_word' id='word_1_686' title='bbox 1488 1659 1500 1676; x_wconf 88' lang='lat'><em>,</em></span> <span class='ocrx_word' id='word_1_687' title='bbox 1531 1635 1618 1680; x_wconf 82' lang='lat' dir='ltr'><em>apud</em></span> <span class='ocrx_word' id='word_1_688' title='bbox 1645 1636 1754 1671; x_wconf 76' lang='lat' dir='ltr'><em>Baffas</em></span> <span class='ocrx_word' id='word_1_689' title='bbox 1777 1647 1878 1672; x_wconf 87' lang='lat' dir='ltr'><em>notus</em></span> <span class='ocrx_word' id='word_1_690' title='bbox 1901 1638 1937 1674; x_wconf 74' lang='grc' dir='ltr'><em>δι</em></span> <span class='ocrx_word' id='word_1_691' title='bbox 1962 1649 2101 1684; x_wconf 71' lang='lat' dir='ltr'><em>gratuS,</em></span> 
     </span>
     <span class='ocr_line' id='line_1_96' title="bbox 1213 1685 2102 1732; baseline 0.004 -12"><span class='ocrx_word' id='word_1_692' title='bbox 1213 1685 1385 1731; x_wconf 81' lang='lat' dir='ltr'><em>pergitque</em></span> <span class='ocrx_word' id='word_1_693' title='bbox 1393 1685 1438 1723; x_wconf 84' lang='lat' dir='ltr'><em>de.</em></span> <span class='ocrx_word' id='word_1_694' title='bbox 1456 1685 1517 1722; x_wconf 89' lang='lat' dir='ltr'><em>illo</em></span> <span class='ocrx_word' id='word_1_695' title='bbox 1527 1685 1754 1724; x_wconf 79' lang='lat' dir='ltr'><em>Patriarchalis</em></span> <span class='ocrx_word' id='word_1_696' title='bbox 1765 1685 1900 1724; x_wconf 82' lang='lat' dir='ltr'><em>historia</em></span> <span class='ocrx_word' id='word_1_697' title='bbox 1912 1700 1921 1720; x_wconf 72' lang='grc' dir='ltr'>ε</span> <span class='ocrx_word' id='word_1_698' title='bbox 1947 1689 2102 1732; x_wconf 70' lang='lat' dir='ltr'><em>naphaei,</em></span> 
     </span>
     <span class='ocr_line' id='line_1_97' title="bbox 1213 1736 2099 1783; baseline 0.003 -14"><span class='ocrx_word' id='word_1_699' title='bbox 1213 1737 1278 1770; x_wconf 73' lang='lat' dir='ltr'><em>ciam</em></span> <span class='ocrx_word' id='word_1_700' title='bbox 1290 1737 1372 1780; x_wconf 71' lang='lat' dir='ltr'><em>aptati</em></span> <span class='ocrx_word' id='word_1_701' title='bbox 1395 1737 1503 1780; x_wconf 80' lang='lat' dir='ltr'><em>Baffas</em></span> <span class='ocrx_word' id='word_1_702' title='bbox 1526 1736 1618 1771; x_wconf 62' lang='lat' dir='ltr'><em>liber?</em></span> <span class='ocrx_word' id='word_1_703' title='bbox 1636 1748 1723 1782; x_wconf 78' lang='lat' dir='ltr'><em>agere</em></span> <span class='ocrx_word' id='word_1_704' title='bbox 1739 1739 1853 1781; x_wconf 79' lang='lat' dir='ltr'><em>poffet,</em></span> <span class='ocrx_word' id='word_1_705' title='bbox 1878 1739 1948 1773; x_wconf 78' lang='lat' dir='ltr'><em>adit</em></span> <span class='ocrx_word' id='word_1_706' title='bbox 1968 1738 2099 1783; x_wconf 55' lang='lat' dir='ltr'><em>eorsupq</em></span> 
     </span>
     <span class='ocr_line' id='line_1_98' title="bbox 1210 1785 2100 1832; baseline 0.003 -12"><span class='ocrx_word' id='word_1_707' title='bbox 1210 1788 1284 1829; x_wconf 69' lang='lat' dir='ltr'><em>plere</em></span> <span class='ocrx_word' id='word_1_708' title='bbox 1294 1811 1306 1828; x_wconf 91' lang='lat'><em>,</em></span> <span class='ocrx_word' id='word_1_709' title='bbox 1332 1787 1521 1829; x_wconf 77' lang='lat' dir='ltr'><em>colloquitur,</em></span> <span class='ocrx_word' id='word_1_710' title='bbox 1536 1785 1698 1831; x_wconf 75' lang='lat' dir='ltr'><em>paciscitur</em></span> <span class='ocrx_word' id='word_1_711' title='bbox 1713 1785 1924 1832; x_wconf 82' lang='lat' dir='ltr'><em>,polliceturse</em></span> <span class='ocrx_word' id='word_1_712' title='bbox 1935 1794 2100 1832; x_wconf 72' lang='lat' dir='ltr'><em>quotannis</em></span> 
     </span>
     <span class='ocr_line' id='line_1_99' title="bbox 1214 1837 2099 1883; baseline 0.005 -13"><span class='ocrx_word' id='word_1_713' title='bbox 1214 1839 1368 1871; x_wconf 82' lang='lat' dir='ltr'><em>illaturum</em></span> <span class='ocrx_word' id='word_1_714' title='bbox 1387 1843 1422 1871; x_wconf 78' lang='lat' dir='ltr'><em>in</em></span> <span class='ocrx_word' id='word_1_715' title='bbox 1442 1840 1607 1872; x_wconf 78' lang='lat' dir='ltr'><em>AErarium</em></span> <span class='ocrx_word' id='word_1_716' title='bbox 1628 1842 1716 1883; x_wconf 79' lang='lat' dir='ltr'><em>Regii</em></span> <span class='ocrx_word' id='word_1_717' title='bbox 1736 1840 1856 1873; x_wconf 78' lang='lat' dir='ltr'><em>Palatii</em></span> <span class='ocrx_word' id='word_1_718' title='bbox 1874 1837 2099 1880; x_wconf 75' lang='lat' dir='ltr'><em>charanucm,</em></span> 
     </span>
     <span class='ocr_line' id='line_1_100' title="bbox 1215 1886 2099 1933; baseline 0.002 -11"><span class='ocrx_word' id='word_1_719' title='bbox 1215 1886 1312 1928; x_wconf 67' lang='lat' dir='ltr'><em>hecel?</em></span> <span class='ocrx_word' id='word_1_720' title='bbox 1323 1887 1480 1922; x_wconf 76' lang='lat' dir='ltr'><em>Tributum</em></span> <span class='ocrx_word' id='word_1_721' title='bbox 1490 1912 1502 1929; x_wconf 89' lang='lat'>‚</span> <span class='ocrx_word' id='word_1_722' title='bbox 1527 1888 1586 1922; x_wconf 86' lang='lat' dir='ltr'><em>duo</em></span> <span class='ocrx_word' id='word_1_723' title='bbox 1597 1889 1694 1923; x_wconf 79' lang='lat' dir='ltr'><em>millia</em></span> <span class='ocrx_word' id='word_1_724' title='bbox 1704 1892 1884 1924; x_wconf 64' lang='lat' dir='ltr'><em>aureorum.</em></span> <span class='ocrx_word' id='word_1_725' title='bbox 1913 1887 2099 1933; x_wconf 75' lang='lat' dir='ltr'><em>DePescefio</em></span> 
     </span>
     <span class='ocr_line' id='line_1_101' title="bbox 1208 1938 2100 1983; baseline 0.002 -12"><span class='ocrx_word' id='word_1_726' title='bbox 1208 1940 1279 1980; x_wconf 81' lang='lat' dir='ltr'><em>Jam</em></span> <span class='ocrx_word' id='word_1_727' title='bbox 1287 1947 1471 1973; x_wconf 71' lang='lat' dir='ltr'><em>convenerat</em></span> <span class='ocrx_word' id='word_1_728' title='bbox 1480 1962 1492 1979; x_wconf 92' lang='lat'><em>,</em></span> <span class='ocrx_word' id='word_1_729' title='bbox 1512 1939 1596 1983; x_wconf 73' lang='lat' dir='ltr'><em>quod</em></span> <span class='ocrx_word' id='word_1_730' title='bbox 1605 1940 1728 1975; x_wconf 84' lang='lat' dir='ltr'><em>daretur</em></span> <span class='ocrx_word' id='word_1_731' title='bbox 1739 1963 1752 1982; x_wconf 89' lang='lat'><em>,</em></span> <span class='ocrx_word' id='word_1_732' title='bbox 1777 1940 1899 1983; x_wconf 82' lang='lat' dir='ltr'><em>quando</em></span> <span class='ocrx_word' id='word_1_733' title='bbox 1907 1950 2004 1975; x_wconf 78' lang='lat' dir='ltr'><em>novus</em></span> <span class='ocrx_word' id='word_1_734' title='bbox 2010 1938 2100 1982; x_wconf 75' lang='lat' dir='ltr'><em>fieret</em></span> 
     </span>
     <span class='ocr_line' id='line_1_102' title="bbox 1193 1986 2099 2033; baseline 0.003 -12"><span class='ocrx_word' id='word_1_735' title='bbox 1193 1986 1196 1989; x_wconf 68' lang='grc'><strong>”</strong></span> <span class='ocrx_word' id='word_1_736' title='bbox 1217 1987 1401 2022; x_wconf 78' lang='lat' dir='ltr'><em>Patrtarcba</em></span> <span class='ocrx_word' id='word_1_737' title='bbox 1414 2013 1422 2020; x_wconf 90' lang='lat'><strong>.</strong></span> <span class='ocrx_word' id='word_1_738' title='bbox 1448 1988 1597 2033; x_wconf 83' lang='lat' dir='ltr'><em>Exponit</em></span> <span class='ocrx_word' id='word_1_739' title='bbox 1617 1987 1763 2026; x_wconf 74' lang='lat' dir='ltr'><em>Pontica</em></span> <span class='ocrx_word' id='word_1_740' title='bbox 1786 1989 1941 2027; x_wconf 80' lang='lat' dir='ltr'><em>historia.</em></span> <span class='ocrx_word' id='word_1_741' title='bbox 1966 1988 2099 2029; x_wconf 60' lang='lat' dir='ltr'><em>Restitit</em></span> 
     </span>
     <span class='ocr_line' id='line_1_103' title="bbox 1215 2037 2103 2084; baseline 0.001 -12"><span class='ocrx_word' id='word_1_742' title='bbox 1215 2050 1251 2072; x_wconf 88' lang='lat' dir='ltr'><em>ea</em></span> <span class='ocrx_word' id='word_1_743' title='bbox 1260 2037 1427 2082; x_wconf 83' lang='lat' dir='ltr'><em>tempestate</em></span> <span class='ocrx_word' id='word_1_744' title='bbox 1445 2038 1710 2074; x_wconf 74' lang='lat' dir='ltr'><em>mero-Monachus</em></span> <span class='ocrx_word' id='word_1_745' title='bbox 1732 2041 1880 2084; x_wconf 78' lang='lat' dir='ltr'><em>quidam,</em></span> <span class='ocrx_word' id='word_1_746' title='bbox 1904 2045 2022 2075; x_wconf 80' lang='lat' dir='ltr'><em>nomine</em></span> <span class='ocrx_word' id='word_1_747' title='bbox 2034 2043 2103 2073; x_wconf 78' lang='lat' dir='ltr'><em>Ra·</em></span> 
     </span>
     <span class='ocr_line' id='line_1_104' title="bbox 1211 2087 2099 2135; baseline 0.002 -14"><span class='ocrx_word' id='word_1_748' title='bbox 1211 2088 1306 2130; x_wconf 84' lang='lat' dir='ltr'><em>pbaeel</em></span> <span class='ocrx_word' id='word_1_749' title='bbox 1329 2111 1340 2128; x_wconf 93' lang='lat'><em>,</em></span> <span class='ocrx_word' id='word_1_750' title='bbox 1366 2090 1383 2124; x_wconf 75' lang='grc' dir='ltr'><strong><em>ἑ</em></strong></span> <span class='ocrx_word' id='word_1_751' title='bbox 1408 2089 1515 2124; x_wconf 77' lang='lat' dir='ltr'><em>Servia</em></span> <span class='ocrx_word' id='word_1_752' title='bbox 1534 2099 1630 2133; x_wconf 86' lang='lat' dir='ltr'><em>genus</em></span> <span class='ocrx_word' id='word_1_753' title='bbox 1654 2091 1766 2125; x_wconf 86' lang='lat' dir='ltr'><em>ducens</em></span> <span class='ocrx_word' id='word_1_754' title='bbox 1790 2113 1804 2131; x_wconf 90' lang='lat'><em>,</em></span> <span class='ocrx_word' id='word_1_755' title='bbox 1837 2089 1923 2125; x_wconf 77' lang='lat' dir='ltr'><em>bomo</em></span> <span class='ocrx_word' id='word_1_756' title='bbox 1947 2087 2099 2135; x_wconf 79' lang='lat' dir='ltr'><em>infigniter</em></span> 
     </span>
     <span class='ocr_line' id='line_1_105' title="bbox 1214 2135 2100 2181; baseline -0.001 -9"><span class='ocrx_word' id='word_1_757' title='bbox 1214 2135 1341 2181; x_wconf 80' lang='lat' dir='ltr'><em>ebriosus</em></span> <span class='ocrx_word' id='word_1_758' title='bbox 1353 2161 1361 2169; x_wconf 92' lang='lat'>.</span> <span class='ocrx_word' id='word_1_759' title='bbox 1386 2142 1445 2172; x_wconf 78' lang='lat' dir='ltr'><em>Hic</em></span> <span class='ocrx_word' id='word_1_760' title='bbox 1451 2139 1516 2171; x_wconf 67' lang='lat' dir='ltr'><em>cum</em></span> <span class='ocrx_word' id='word_1_761' title='bbox 1527 2136 1670 2179; x_wconf 78' lang='lat' dir='ltr'><em>quosdam</em></span> <span class='ocrx_word' id='word_1_762' title='bbox 1681 2141 1698 2173; x_wconf 76' lang='grc' dir='ltr'><em>ἒ</em></span> <span class='ocrx_word' id='word_1_763' title='bbox 1709 2139 1885 2175; x_wconf 76' lang='lat' dir='ltr'><em>Proceribus</em></span> <span class='ocrx_word' id='word_1_764' title='bbox 1895 2138 2100 2180; x_wconf 81' lang='lat' dir='ltr'><em>haberetfau·</em></span> 
     </span>
     <span class='ocr_line' id='line_1_106' title="bbox 1214 2185 2102 2229; baseline -0.001 -8"><span class='ocrx_word' id='word_1_765' title='bbox 1214 2196 1292 2222; x_wconf 75' lang='lat' dir='ltr'><em>tores</em></span> <span class='ocrx_word' id='word_1_766' title='bbox 1303 2211 1315 2229; x_wconf 93' lang='lat'>‚</span> <span class='ocrx_word' id='word_1_767' title='bbox 1336 2186 1485 2229; x_wconf 78' lang='lat' dir='ltr'><em>pollicitus</em></span> <span class='ocrx_word' id='word_1_768' title='bbox 1504 2186 1543 2226; x_wconf 83' lang='lat' dir='ltr'><em>est</em></span> <span class='ocrx_word' id='word_1_769' title='bbox 1559 2185 1595 2228; x_wconf 88' lang='lat' dir='ltr'><em>se</em></span> <span class='ocrx_word' id='word_1_770' title='bbox 1616 2193 1780 2228; x_wconf 76' lang='lat' dir='ltr'><em>quotannis</em></span> <span class='ocrx_word' id='word_1_771' title='bbox 1797 2186 2011 2228; x_wconf 82' lang='lat' dir='ltr'><em>persoluturum</em></span> <span class='ocrx_word' id='word_1_772' title='bbox 2030 2191 2102 2220; x_wconf 78' lang='lat' dir='ltr'><em>Tri-</em></span> 
     </span>
     <span class='ocr_line' id='line_1_107' title="bbox 1215 2234 2099 2279; baseline 0 -9"><span class='ocrx_word' id='word_1_773' title='bbox 1215 2237 1283 2270; x_wconf 78' lang='lat' dir='ltr'><em>buti</em></span> <span class='ocrx_word' id='word_1_774' title='bbox 1303 2241 1422 2270; x_wconf 81' lang='lat' dir='ltr'><em>nomine</em></span> <span class='ocrx_word' id='word_1_775' title='bbox 1443 2234 1493 2269; x_wconf 83' lang='lat' dir='ltr'><em>bis</em></span> <span class='ocrx_word' id='word_1_776' title='bbox 1504 2235 1585 2269; x_wconf 84' lang='lat' dir='ltr'><em>mille</em></span> <span class='ocrx_word' id='word_1_777' title='bbox 1598 2237 1707 2269; x_wconf 77' lang='lat' dir='ltr'><em>Aureos</em></span> <span class='ocrx_word' id='word_1_778' title='bbox 1718 2257 1730 2276; x_wconf 88' lang='lat'>‚</span> <span class='ocrx_word' id='word_1_779' title='bbox 1755 2236 1903 2269; x_wconf 82' lang='lat' dir='ltr'><em>daturum</em></span> <span class='ocrx_word' id='word_1_780' title='bbox 1912 2240 1985 2270; x_wconf 81' lang='lat' dir='ltr'><em>item</em></span> <span class='ocrx_word' id='word_1_781' title='bbox 1995 2234 2099 2279; x_wconf 72' lang='lat' dir='ltr'><em>Peſse-</em></span> 
     </span>
     <span class='ocr_line' id='line_1_108' title="bbox 1208 2283 2100 2330; baseline 0 -10"><span class='ocrx_word' id='word_1_782' title='bbox 1208 2285 1285 2329; x_wconf 80' lang='lat' dir='ltr'><em>fiam</em></span> <span class='ocrx_word' id='word_1_783' title='bbox 1299 2310 1311 2327; x_wconf 91' lang='lat'>‚</span> <span class='ocrx_word' id='word_1_784' title='bbox 1335 2284 1387 2319; x_wconf 77' lang='lat' dir='ltr'><em>hoc</em></span> <span class='ocrx_word' id='word_1_785' title='bbox 1398 2283 1456 2326; x_wconf 72' lang='lat' dir='ltr'><em>est,</em></span> <span class='ocrx_word' id='word_1_786' title='bbox 1480 2295 1590 2318; x_wconf 81' lang='lat' dir='ltr'><em>munus</em></span> <span class='ocrx_word' id='word_1_787' title='bbox 1600 2286 1711 2330; x_wconf 63' lang='lat' dir='ltr'><em>quoda</em></span> <span class='ocrx_word' id='word_1_788' title='bbox 1723 2285 1908 2319; x_wconf 74' lang='lat' dir='ltr'><em>patriarcha</em></span> <span class='ocrx_word' id='word_1_789' title='bbox 1918 2296 1995 2320; x_wconf 84' lang='lat' dir='ltr'><em>novo</em></span> <span class='ocrx_word' id='word_1_790' title='bbox 2016 2297 2100 2320; x_wconf 77' lang='lat' dir='ltr'><em>crea·</em></span> 
     </span>
     <span class='ocr_line' id='line_1_109' title="bbox 1215 2333 2098 2380; baseline 0 -10"><span class='ocrx_word' id='word_1_791' title='bbox 1215 2337 1370 2377; x_wconf 74' lang='lat' dir='ltr'><em>rodatur,</em></span> <span class='ocrx_word' id='word_1_792' title='bbox 1395 2339 1624 2380; x_wconf 80' lang='lat' dir='ltr'><em>quingentorum</em></span> <span class='ocrx_word' id='word_1_793' title='bbox 1650 2338 1827 2369; x_wconf 65' lang='lat' dir='ltr'><em>aureorum.</em></span> <span class='ocrx_word' id='word_1_794' title='bbox 1854 2337 1917 2369; x_wconf 83' lang='lat' dir='ltr'><em>Hac</em></span> <span class='ocrx_word' id='word_1_795' title='bbox 1933 2333 1991 2379; x_wconf 85' lang='lat' dir='ltr'><em>sua</em></span> <span class='ocrx_word' id='word_1_796' title='bbox 2010 2337 2098 2370; x_wconf 80' lang='lat' dir='ltr'><em>mali-</em></span> 
     </span>
     <span class='ocr_line' id='line_1_110' title="bbox 1217 2383 2097 2430; baseline 0 -10"><span class='ocrx_word' id='word_1_797' title='bbox 1217 2393 1262 2420; x_wconf 86' lang='lat' dir='ltr'><em>tia</em></span> <span class='ocrx_word' id='word_1_798' title='bbox 1285 2384 1487 2421; x_wconf 71' lang='lat' dir='ltr'><em>&amp;ambitione</em></span> <span class='ocrx_word' id='word_1_799' title='bbox 1508 2386 1554 2418; x_wconf 83' lang='lat' dir='ltr'><em>ad</em></span> <span class='ocrx_word' id='word_1_800' title='bbox 1563 2386 1689 2420; x_wconf 80' lang='lat' dir='ltr'><em>alterius</em></span> <span class='ocrx_word' id='word_1_801' title='bbox 1709 2384 2024 2430; x_wconf 80' lang='lat' dir='ltr'><em>bonoremgraffatus‚</em></span> <span class='ocrx_word' id='word_1_802' title='bbox 2046 2383 2097 2429; x_wconf 81' lang='lat' dir='ltr'><em>su-</em></span> 
     </span>
     <span class='ocr_line' id='line_1_111' title="bbox 1214 2433 2097 2480; baseline 0 -10"><span class='ocrx_word' id='word_1_803' title='bbox 1214 2445 1352 2480; x_wconf 75' lang='lat' dir='ltr'><em>premam</em></span> <span class='ocrx_word' id='word_1_804' title='bbox 1375 2434 1506 2478; x_wconf 75' lang='lat' dir='ltr'><em>Ecclefiae</em></span> <span class='ocrx_word' id='word_1_805' title='bbox 1523 2433 1628 2479; x_wconf 82' lang='lat' dir='ltr'><em>solium</em></span> <span class='ocrx_word' id='word_1_806' title='bbox 1647 2433 1813 2479; x_wconf 75' lang='lat' dir='ltr'><em>confiendit</em></span> <span class='ocrx_word' id='word_1_807' title='bbox 1833 2459 1846 2476; x_wconf 89' lang='lat'><em>,</em></span> <span class='ocrx_word' id='word_1_808' title='bbox 1871 2438 2001 2470; x_wconf 76' lang='lat' dir='ltr'><em>simeone</em></span> <span class='ocrx_word' id='word_1_809' title='bbox 2023 2436 2097 2470; x_wconf 64' lang='lat' dir='ltr'><em>ind?</em></span> 
     </span>
     <span class='ocr_line' id='line_1_112' title="bbox 1218 2483 2099 2530; baseline -0.001 -10"><span class='ocrx_word' id='word_1_810' title='bbox 1218 2487 1329 2529; x_wconf 61' lang='lat' dir='ltr'><em>dejeffo</em></span> <span class='ocrx_word' id='word_1_811' title='bbox 1337 2511 1345 2519; x_wconf 95' lang='lat'><strong><em>.</em></strong></span> <span class='ocrx_word' id='word_1_812' title='bbox 1371 2486 1442 2520; x_wconf 89' lang='lat' dir='ltr'><em>Hic</em></span> <span class='ocrx_word' id='word_1_813' title='bbox 1452 2496 1532 2530; x_wconf 86' lang='lat' dir='ltr'><em>ergo</em></span> <span class='ocrx_word' id='word_1_814' title='bbox 1544 2483 1693 2529; x_wconf 86' lang='lat' dir='ltr'><em>Raphael</em></span> <span class='ocrx_word' id='word_1_815' title='bbox 1706 2485 1752 2520; x_wconf 90' lang='lat' dir='ltr'><em>est</em></span> <span class='ocrx_word' id='word_1_816' title='bbox 1764 2486 1886 2530; x_wconf 81' lang='lat' dir='ltr'><em>primus</em></span> <span class='ocrx_word' id='word_1_817' title='bbox 1897 2485 2000 2521; x_wconf 87' lang='lat' dir='ltr'><em>annui</em></span> <span class='ocrx_word' id='word_1_818' title='bbox 2011 2483 2099 2520; x_wconf 84' lang='lat' dir='ltr'>Cha-</span> 
     </span>
     <span class='ocr_line' id='line_1_113' title="bbox 1219 2535 2098 2577; baseline -0.002 -5"><span class='ocrx_word' id='word_1_819' title='bbox 1219 2537 1310 2572; x_wconf 84' lang='lat' dir='ltr'><em>ratzii</em></span> <span class='ocrx_word' id='word_1_820' title='bbox 1320 2537 1453 2577; x_wconf 70' lang='lat' dir='ltr'><em>auctor,</em></span> <span class='ocrx_word' id='word_1_821' title='bbox 1476 2535 1877 2571; x_wconf 83' lang='lat' dir='ltr'><em>&amp;immutatorPescefii.</em></span> <span class='ocrx_word' id='word_1_822' title='bbox 1905 2537 1986 2572; x_wconf 88' lang='lat' dir='ltr'><em>Hoc</em></span> <span class='ocrx_word' id='word_1_823' title='bbox 2004 2535 2098 2571; x_wconf 85' lang='lat' dir='ltr'><em>enim</em></span> 
     </span>
     <span class='ocr_line' id='line_1_114' title="bbox 1219 2584 2099 2630; baseline -0.006 -7"><span class='ocrx_word' id='word_1_824' title='bbox 1219 2588 1237 2622; x_wconf 68' lang='lat' dir='ltr'><em>a</em></span> <span class='ocrx_word' id='word_1_825' title='bbox 1248 2587 1299 2623; x_wconf 87' lang='lat' dir='ltr'><em>bis</em></span> <span class='ocrx_word' id='word_1_826' title='bbox 1313 2586 1406 2621; x_wconf 84' lang='lat' dir='ltr'><em>mille</em></span> <span class='ocrx_word' id='word_1_827' title='bbox 1426 2585 1544 2621; x_wconf 84' lang='lat' dir='ltr'><em>Aureis</em></span> <span class='ocrx_word' id='word_1_828' title='bbox 1565 2586 1733 2621; x_wconf 86' lang='lat' dir='ltr'><em>contraxit</em></span> <span class='ocrx_word' id='word_1_829' title='bbox 1750 2585 1792 2620; x_wconf 85' lang='lat' dir='ltr'><em>ad</em></span> <span class='ocrx_word' id='word_1_830' title='bbox 1802 2586 2005 2630; x_wconf 73' lang='lat' dir='ltr'><em>quingentos</em></span> <span class='ocrx_word' id='word_1_831' title='bbox 2016 2608 2024 2616; x_wconf 86' lang='lat'><strong>.</strong></span> <span class='ocrx_word' id='word_1_832' title='bbox 2050 2584 2099 2618; x_wconf 90' lang='lat' dir='ltr'><em>Et</em></span> 
     </span>
     <span class='ocr_line' id='line_1_115' title="bbox 1219 2633 2099 2680; baseline -0.005 -8"><span class='ocrx_word' id='word_1_833' title='bbox 1219 2638 1265 2673; x_wconf 89' lang='lat' dir='ltr'><em>ita</em></span> <span class='ocrx_word' id='word_1_834' title='bbox 1283 2637 1349 2672; x_wconf 83' lang='lat' dir='ltr'><em>fuit</em></span> <span class='ocrx_word' id='word_1_835' title='bbox 1369 2636 1470 2680; x_wconf 88' lang='lat' dir='ltr'><em>usque</em></span> <span class='ocrx_word' id='word_1_836' title='bbox 1481 2635 1523 2671; x_wconf 86' lang='lat' dir='ltr'><em>ad</em></span> <span class='ocrx_word' id='word_1_837' title='bbox 1535 2635 1738 2680; x_wconf 75' lang='lat' dir='ltr'><em>Dionysum.</em></span> <span class='ocrx_word' id='word_1_838' title='bbox 1755 2634 1957 2676; x_wconf 85' lang='lat' dir='ltr'><em>secundum,</em></span> <span class='ocrx_word' id='word_1_839' title='bbox 1981 2644 2026 2668; x_wconf 82' lang='lat' dir='ltr'><em>ex</em></span> <span class='ocrx_word' id='word_1_840' title='bbox 2035 2633 2099 2668; x_wconf 87' lang='lat' dir='ltr'><em>Ni-</em></span> 
     </span>
     <span class='ocr_line' id='line_1_116' title="bbox 1219 2681 2098 2730; baseline -0.006 -8"><span class='ocrx_word' id='word_1_841' title='bbox 1219 2686 1418 2723; x_wconf 83' lang='lat' dir='ltr'><em>comedienfi</em></span> <span class='ocrx_word' id='word_1_842' title='bbox 1438 2686 1659 2730; x_wconf 84' lang='lat' dir='ltr'><em>Metropolita</em></span> <span class='ocrx_word' id='word_1_843' title='bbox 1684 2683 1907 2720; x_wconf 69' lang='lat' dir='ltr'><em>patriarcham</em></span> <span class='ocrx_word' id='word_1_844' title='bbox 1924 2707 1937 2724; x_wconf 91' lang='lat'><em>,</em></span> <span class='ocrx_word' id='word_1_845' title='bbox 1962 2681 2004 2719; x_wconf 85' lang='lat' dir='ltr'><em>de</em></span> <span class='ocrx_word' id='word_1_846' title='bbox 2028 2693 2098 2727; x_wconf 80' lang='lat' dir='ltr'><em>quo</em></span> 
     </span>
     <span class='ocr_line' id='line_1_117' title="bbox 1219 2733 2098 2779; baseline -0.006 -7"><span class='ocrx_word' id='word_1_847' title='bbox 1219 2735 1450 2773; x_wconf 83' lang='lat' dir='ltr'><em>Patriarchalis</em></span> <span class='ocrx_word' id='word_1_848' title='bbox 1475 2735 1613 2770; x_wconf 81' lang='lat' dir='ltr'><em>historia</em></span> <span class='ocrx_word' id='word_1_849' title='bbox 1645 2748 1653 2769; x_wconf 70' lang='grc' dir='ltr'><em>τ</em></span> <span class='ocrx_word' id='word_1_850' title='bbox 1683 2733 1839 2779; x_wconf 83' lang='lat' dir='ltr'><em>Pescefium</em></span> <span class='ocrx_word' id='word_1_851' title='bbox 1863 2739 1950 2773; x_wconf 79' lang='lat' dir='ltr'><em>initio</em></span> <span class='ocrx_word' id='word_1_852' title='bbox 1965 2734 2098 2776; x_wconf 81' lang='lat' dir='ltr'><em>fuerant</em></span> 
     </span>
     <span class='ocr_line' id='line_1_118' title="bbox 1221 2784 2098 2830; baseline -0.007 -8"><span class='ocrx_word' id='word_1_853' title='bbox 1221 2793 1309 2822; x_wconf 74' lang='lat' dir='ltr'><em>Aurei</em></span> <span class='ocrx_word' id='word_1_854' title='bbox 1328 2791 1500 2830; x_wconf 82' lang='lat' dir='ltr'><em>quingenti,</em></span> <span class='ocrx_word' id='word_1_855' title='bbox 1533 2794 1604 2820; x_wconf 83' lang='lat' dir='ltr'><em>tunc</em></span> <span class='ocrx_word' id='word_1_856' title='bbox 1624 2788 1696 2820; x_wconf 72' lang='lat' dir='ltr'><em>vero</em></span> <span class='ocrx_word' id='word_1_857' title='bbox 1704 2785 1750 2818; x_wconf 68' lang='lat' dir='ltr'><em>aa</em></span> <span class='ocrx_word' id='word_1_858' title='bbox 1755 2789 1816 2819; x_wconf 84' lang='lat' dir='ltr'><em>tria</em></span> <span class='ocrx_word' id='word_1_859' title='bbox 1828 2787 1989 2819; x_wconf 63' lang='lat' dir='ltr'><em>Aur-eorum</em></span> <span class='ocrx_word' id='word_1_860' title='bbox 1998 2784 2098 2818; x_wconf 71' lang='lat' dir='ltr'><em>millia</em></span> 
     </span>
     <span class='ocr_line' id='line_1_119' title="bbox 1214 2833 2097 2882; baseline -0.006 -10"><span class='ocrx_word' id='word_1_861' title='bbox 1214 2839 1441 2882; x_wconf 77' lang='lat' dir='ltr'><em>perduxerunt.</em></span> <span class='ocrx_word' id='word_1_862' title='bbox 1468 2835 1601 2881; x_wconf 88' lang='lat' dir='ltr'><em>Utique</em></span> <span class='ocrx_word' id='word_1_863' title='bbox 1622 2835 1719 2870; x_wconf 75' lang='lat' dir='ltr'><em>Baffae</em></span> <span class='ocrx_word' id='word_1_864' title='bbox 1738 2859 1748 2868; x_wconf 87' lang='lat'><strong>.</strong></span> <span class='ocrx_word' id='word_1_865' title='bbox 1779 2834 1914 2870; x_wconf 88' lang='lat' dir='ltr'><em>Etenim</em></span> <span class='ocrx_word' id='word_1_866' title='bbox 1937 2833 2097 2877; x_wconf 79' lang='lat' dir='ltr'><em>Dionyfii</em></span> 
     </span>
     <span class='ocr_line' id='line_1_120' title="bbox 1219 2884 2098 2931; baseline -0.006 -9"><span class='ocrx_word' id='word_1_867' title='bbox 1219 2888 1328 2923; x_wconf 88' lang='lat' dir='ltr'><em>motio</em></span> <span class='ocrx_word' id='word_1_868' title='bbox 1349 2886 1412 2921; x_wconf 83' lang='lat' dir='ltr'><em>fuit</em></span> <span class='ocrx_word' id='word_1_869' title='bbox 1430 2885 1680 2931; x_wconf 84' lang='lat' dir='ltr'><em>exceptionibus</em></span> <span class='ocrx_word' id='word_1_870' title='bbox 1698 2884 1846 2921; x_wconf 86' lang='lat' dir='ltr'><em>obnoxia</em></span> <span class='ocrx_word' id='word_1_871' title='bbox 1863 2910 1875 2926; x_wconf 88' lang='lat'><em>,</em></span> <span class='ocrx_word' id='word_1_872' title='bbox 1901 2885 2098 2929; x_wconf 73' lang='lat' dir='ltr'><em>impugnata</em></span> 
     </span>
     <span class='ocr_line' id='line_1_121' title="bbox 1219 2933 2097 2982; baseline -0.003 -10"><span class='ocrx_word' id='word_1_873' title='bbox 1219 2939 1262 2973; x_wconf 89' lang='lat' dir='ltr'><em>ab</em></span> <span class='ocrx_word' id='word_1_874' title='bbox 1282 2937 1356 2982; x_wconf 86' lang='lat' dir='ltr'><em>ipfis</em></span> <span class='ocrx_word' id='word_1_875' title='bbox 1367 2937 1466 2972; x_wconf 84' lang='lat' dir='ltr'>Baffis</span> <span class='ocrx_word' id='word_1_876' title='bbox 1476 2961 1488 2978; x_wconf 92' lang='lat'><em>,</em></span> <span class='ocrx_word' id='word_1_877' title='bbox 1513 2946 1611 2981; x_wconf 88' lang='lat' dir='ltr'><em>atque</em></span> <span class='ocrx_word' id='word_1_878' title='bbox 1628 2935 1674 2970; x_wconf 87' lang='lat' dir='ltr'><em>ita</em></span> <span class='ocrx_word' id='word_1_879' title='bbox 1686 2934 1727 2970; x_wconf 86' lang='lat' dir='ltr'><em>ad</em></span> <span class='ocrx_word' id='word_1_880' title='bbox 1739 2936 1854 2970; x_wconf 86' lang='lat' dir='ltr'><em>omnia</em></span> <span class='ocrx_word' id='word_1_881' title='bbox 1865 2933 2097 2979; x_wconf 79' lang='lat' dir='ltr'><em>componenda</em></span> 
     </span>
     <span class='ocr_line' id='line_1_122' title="bbox 1221 2984 2097 3023; baseline -0.006 0"><span class='ocrx_word' id='word_1_882' title='bbox 1221 2987 1403 3023; x_wconf 86' lang='lat' dir='ltr'><em>Pescefium</em></span> <span class='ocrx_word' id='word_1_883' title='bbox 1428 2987 1492 3022; x_wconf 88' lang='lat' dir='ltr'><em>fuit</em></span> <span class='ocrx_word' id='word_1_884' title='bbox 1516 2987 1645 3023; x_wconf 69' lang='lat' dir='ltr'><em>austum</em></span> <span class='ocrx_word' id='word_1_885' title='bbox 1669 2986 1713 3022; x_wconf 84' lang='lat' dir='ltr'><em>ad</em></span> <span class='ocrx_word' id='word_1_886' title='bbox 1739 2984 1802 3023; x_wconf 73' lang='lat' dir='ltr'><em>tria</em></span> <span class='ocrx_word' id='word_1_887' title='bbox 1836 2984 1944 3022; x_wconf 85' lang='lat' dir='ltr'><em>millia</em></span> <span class='ocrx_word' id='word_1_888' title='bbox 1969 2984 2097 3022; x_wconf 85' lang='lat' dir='ltr'><em>Aureo-</em></span> 
     </span>
     <span class='ocr_line' id='line_1_123' title="bbox 1221 3050 1317 3073; baseline -0.021 0"><span class='ocrx_word' id='word_1_889' title='bbox 1221 3050 1294 3073; x_wconf 89' lang='lat' dir='ltr'><em>rum</em></span> <span class='ocrx_word' id='word_1_890' title='bbox 1308 3063 1317 3071; x_wconf 83' lang='lat'><strong>.</strong></span> 
     </span>
    </p>

    <p class='ocr_par' dir='ltr' id='par_1_11' title="bbox 1221 3081 2101 3431">
     <span class='ocr_line' id='line_1_124' title="bbox 1282 3081 2099 3131; baseline -0.005 -9"><span class='ocrx_word' id='word_1_891' title='bbox 1282 3089 1333 3123; x_wconf 84' lang='lat' dir='ltr'><em>Ita</em></span> <span class='ocrx_word' id='word_1_892' title='bbox 1366 3087 1431 3122; x_wconf 84' lang='lat' dir='ltr'><em>fuit</em></span> <span class='ocrx_word' id='word_1_893' title='bbox 1454 3087 1557 3130; x_wconf 87' lang='lat' dir='ltr'><em>usque</em></span> <span class='ocrx_word' id='word_1_894' title='bbox 1592 3085 1634 3124; x_wconf 79' lang='lat' dir='ltr'><em>ad</em></span> <span class='ocrx_word' id='word_1_895' title='bbox 1667 3084 1857 3131; x_wconf 81' lang='lat' dir='ltr'><em>proximum</em></span> <span class='ocrx_word' id='word_1_896' title='bbox 1883 3081 2099 3121; x_wconf 71' lang='lat' dir='ltr'><em>successorem</em></span> 
     </span>
     <span class='ocr_line' id='line_1_125' title="bbox 1222 3134 2098 3182; baseline -0.006 -10"><span class='ocrx_word' id='word_1_897' title='bbox 1222 3137 1397 3182; x_wconf 82' lang='lat' dir='ltr'><em>Josephum</em></span> <span class='ocrx_word' id='word_1_898' title='bbox 1421 3147 1573 3182; x_wconf 85' lang='lat' dir='ltr'><em>quartum</em></span> <span class='ocrx_word' id='word_1_899' title='bbox 1591 3161 1604 3178; x_wconf 91' lang='lat'><em>,</em></span> <span class='ocrx_word' id='word_1_900' title='bbox 1628 3148 1671 3172; x_wconf 80' lang='lat' dir='ltr'><em>ex</em></span> <span class='ocrx_word' id='word_1_901' title='bbox 1697 3135 1999 3180; x_wconf 78' lang='lat' dir='ltr'><em>Adrianopolitano</em></span> <span class='ocrx_word' id='word_1_902' title='bbox 2024 3134 2098 3168; x_wconf 85' lang='lat' dir='ltr'><em>Me·</em></span> 
     </span>
     <span class='ocr_line' id='line_1_126' title="bbox 1221 3183 2098 3232; baseline -0.007 -10"><span class='ocrx_word' id='word_1_903' title='bbox 1221 3189 1376 3232; x_wconf 87' lang='lat' dir='ltr'><em>tropolita</em></span> <span class='ocrx_word' id='word_1_904' title='bbox 1398 3185 1618 3223; x_wconf 83' lang='lat' dir='ltr'><em>Patriarcham</em></span> <span class='ocrx_word' id='word_1_905' title='bbox 1630 3211 1641 3227; x_wconf 93' lang='lat'><em>,</em></span> <span class='ocrx_word' id='word_1_906' title='bbox 1667 3186 1709 3221; x_wconf 88' lang='lat' dir='ltr'><em>de</em></span> <span class='ocrx_word' id='word_1_907' title='bbox 1732 3198 1799 3231; x_wconf 88' lang='lat' dir='ltr'><em>quo</em></span> <span class='ocrx_word' id='word_1_908' title='bbox 1817 3186 1931 3220; x_wconf 87' lang='lat' dir='ltr'><em>eadem</em></span> <span class='ocrx_word' id='word_1_909' title='bbox 1942 3183 2098 3219; x_wconf 85' lang='lat' dir='ltr'><em>historia:</em></span> 
     </span>
     <span class='ocr_line' id='line_1_127' title="bbox 1223 3234 2100 3282; baseline -0.006 -11"><span class='ocrx_word' id='word_1_910' title='bbox 1223 3242 1304 3272; x_wconf 79' lang='lat' dir='ltr'><em>Erat</em></span> <span class='ocrx_word' id='word_1_911' title='bbox 1325 3248 1394 3271; x_wconf 77' lang='lat' dir='ltr'><em>tunc</em></span> <span class='ocrx_word' id='word_1_912' title='bbox 1420 3243 1560 3282; x_wconf 84' lang='lat' dir='ltr'><em>temporis</em></span> <span class='ocrx_word' id='word_1_913' title='bbox 1587 3234 1742 3280; x_wconf 84' lang='lat' dir='ltr'><em>Pescestum</em></span> <span class='ocrx_word' id='word_1_914' title='bbox 1767 3242 1860 3269; x_wconf 83' lang='lat' dir='ltr'><em>trium</em></span> <span class='ocrx_word' id='word_1_915' title='bbox 1884 3236 2012 3269; x_wconf 85' lang='lat' dir='ltr'><em>millium</em></span> <span class='ocrx_word' id='word_1_916' title='bbox 2039 3236 2100 3266; x_wconf 71' lang='lat' dir='ltr'><em>Au-</em></span> 
     </span>
     <span class='ocr_line' id='line_1_128' title="bbox 1223 3283 2098 3329; baseline -0.008 -7"><span class='ocrx_word' id='word_1_917' title='bbox 1223 3300 1337 3323; x_wconf 81' lang='lat' dir='ltr'><em>reorum</em></span> <span class='ocrx_word' id='word_1_918' title='bbox 1349 3314 1359 3329; x_wconf 93' lang='lat'><em>,</em></span> <span class='ocrx_word' id='word_1_919' title='bbox 1384 3293 1458 3322; x_wconf 82' lang='lat' dir='ltr'><em>vitio</em></span> <span class='ocrx_word' id='word_1_920' title='bbox 1482 3299 1601 3326; x_wconf 83' lang='lat' dir='ltr'><em>eorum,</em></span> <span class='ocrx_word' id='word_1_921' title='bbox 1624 3292 1677 3328; x_wconf 78' lang='lat' dir='ltr'><em>qui</em></span> <span class='ocrx_word' id='word_1_922' title='bbox 1686 3288 1730 3319; x_wconf 82' lang='lat' dir='ltr'><em>ad</em></span> <span class='ocrx_word' id='word_1_923' title='bbox 1739 3293 1859 3320; x_wconf 80' lang='lat' dir='ltr'><em>tantam</em></span> <span class='ocrx_word' id='word_1_924' title='bbox 1879 3287 1914 3318; x_wconf 85' lang='lat' dir='ltr'><em>id</em></span> <span class='ocrx_word' id='word_1_925' title='bbox 1933 3283 2098 3317; x_wconf 56' lang='lat' dir='ltr'><em>auctionem</em></span> 
     </span>
     <span class='ocr_line' id='line_1_129' title="bbox 1221 3333 2099 3381; baseline -0.008 -9"><span class='ocrx_word' id='word_1_926' title='bbox 1221 3340 1443 3381; x_wconf 81' lang='lat' dir='ltr'><em>perduxerant.</em></span> <span class='ocrx_word' id='word_1_927' title='bbox 1470 3342 1552 3371; x_wconf 88' lang='lat' dir='ltr'><em>Eam</em></span> <span class='ocrx_word' id='word_1_928' title='bbox 1561 3339 1638 3371; x_wconf 73' lang='lat' dir='ltr'><em>certe</em></span> <span class='ocrx_word' id='word_1_929' title='bbox 1647 3335 1797 3379; x_wconf 83' lang='lat' dir='ltr'><em>summam</em></span> <span class='ocrx_word' id='word_1_930' title='bbox 1813 3333 1947 3379; x_wconf 80' lang='lat' dir='ltr'><em>superior</em></span> <span class='ocrx_word' id='word_1_931' title='bbox 1959 3336 2099 3366; x_wconf 63' lang='lat' dir='ltr'><em>Patriae-</em></span> 
     </span>
     <span class='ocr_line' id='line_1_130' title="bbox 1225 3382 2101 3431; baseline -0.009 -9"><span class='ocrx_word' id='word_1_932' title='bbox 1225 3388 1280 3422; x_wconf 83' lang='lat' dir='ltr'><em>cha</em></span> <span class='ocrx_word' id='word_1_933' title='bbox 1304 3387 1446 3429; x_wconf 70' lang='lat' dir='ltr'><em>Dionysius</em></span> <span class='ocrx_word' id='word_1_934' title='bbox 1463 3388 1586 3421; x_wconf 83' lang='lat' dir='ltr'><em>dederat</em></span> <span class='ocrx_word' id='word_1_935' title='bbox 1599 3412 1606 3419; x_wconf 91' lang='lat'><strong><em>.</em></strong></span> <span class='ocrx_word' id='word_1_936' title='bbox 1633 3392 1673 3419; x_wconf 79' lang='lat' dir='ltr'><em>At</em></span> <span class='ocrx_word' id='word_1_937' title='bbox 1682 3383 1890 3431; x_wconf 79' lang='lat' dir='ltr'><em>hicJos&#39;epbus</em></span> <span class='ocrx_word' id='word_1_938' title='bbox 1906 3382 2007 3427; x_wconf 82' lang='lat' dir='ltr'><em>sedem</em></span> <span class='ocrx_word' id='word_1_939' title='bbox 2030 3382 2101 3416; x_wconf 81' lang='lat' dir='ltr'><em>ade-</em></span> 
     </span>
    </p>
   </div>
   <div class='ocr_carea' id='block_1_8' title="bbox 1213 3432 2103 3519">
    <p class='ocr_par' dir='ltr' id='par_1_12' title="bbox 1213 3432 2103 3519">
     <span class='ocr_line' id='line_1_131' title="bbox 1213 3432 2103 3488; baseline -0.008 -15"><span class='ocrx_word' id='word_1_940' title='bbox 1213 3460 1217 3488; x_wconf 62' lang='grc' dir='ltr'><em>ιΔ</em></span> <span class='ocrx_word' id='word_1_941' title='bbox 1222 3448 1298 3482; x_wconf 86' lang='lat' dir='ltr'><em>ptus</em></span> <span class='ocrx_word' id='word_1_942' title='bbox 1311 3463 1322 3481; x_wconf 92' lang='lat'><em>,</em></span> <span class='ocrx_word' id='word_1_943' title='bbox 1347 3451 1457 3483; x_wconf 79' lang='lat' dir='ltr'><em>magna</em></span> <span class='ocrx_word' id='word_1_944' title='bbox 1481 3445 1567 3480; x_wconf 87' lang='lat' dir='ltr'><em>arte,</em></span> <span class='ocrx_word' id='word_1_945' title='bbox 1592 3439 1696 3473; x_wconf 84' lang='lat' dir='ltr'><em>multis</em></span> <span class='ocrx_word' id='word_1_946' title='bbox 1719 3433 1984 3473; x_wconf 77' lang='lat' dir='ltr'><em>machinationibus</em></span> <span class='ocrx_word' id='word_1_947' title='bbox 1999 3457 2010 3474; x_wconf 91' lang='lat'><em>,</em></span> <span class='ocrx_word' id='word_1_948' title='bbox 2032 3432 2103 3474; x_wconf 84' lang='lat' dir='ltr'><em>plu-</em></span> 
     </span>
     <span class='ocr_line' id='line_1_132' title="bbox 1976 3488 2056 3519; baseline -0.025 0"><span class='ocrx_word' id='word_1_949' title='bbox 1976 3488 2056 3519; x_wconf 72' lang='lat' dir='ltr'><em>riuus</em></span> 
     </span>
    </p>
   </div>
  </div>
 </body>
</html>
