2372 3756
386 193 482 227 122

317 261 440 294 (trina.
471 258 618 295 Eandem
629 259 787 303 unguenti
812 259 1001 292 effufiouem
1021 258 1134 291 tractat
1160 255 1192 288 in

318 310 434 345 litteris
444 312 482 344 ad
500 312 685 354 Asclepium
713 309 912 351 Episcopum
935 308 1033 341 etiam
1057 305 1193 340 Ifidorus

311 361 481 396 pelusiota
494 387 505 403 ‚
530 370 628 405 atque
648 359 866 404 prosequitur:
893 358 1156 400 ‚Quemadmodum
1169 353 1199 396 fi

319 421 389 445 ante
412 411 530 455 efflisum
550 420 730 455 unguentum
751 414 953 449 interrogatus
968 406 1075 448 fuiffet
1099 409 1195 438 Domi-

320 475 399 503 nus,
426 463 608 496 hauddubie
628 462 704 493 illud
727 460 839 496 vendi,
867 459 899 491 Εὀ·
920 455 1105 498 pauperibus
1128 457 1197 486 dart

313 514 430 556 jufflffet
444 539 454 553 ‚
473 513 707 555 fit-posteaquam
717 506 837 550 effusum
853 506 985 549 fuerat,
1011 506 1141 540 mulieris
1161 503 1198 545 fi-

320 566 389 597 dem
407 572 461 606 per
481 564 709 604 objurgationem
729 558 911 602 exstinguere
930 555 1092 599 absurdum
1108 561 1173 587 erat
1187 577 1196 585 .

323 618 419 656 Atque
431 614 474 645 ad
482 613 603 645 eundem
625 620 736 652 quoque
757 610 875 640 modum
895 618 974 640 nunc
987 606 1109 646 faciunt
1130 612 1195 645 pro-

324 665 456 704 batiffimi
478 664 584 704 quique
595 661 778 693 sacerdotes.
810 663 896 691 Nam
902 657 932 698 fi
940 662 1007 699 quis
1020 657 1101 687 dicat
1113 679 1122 694 ‚
1133 663 1193 685 con-

141 697 174 727 ι
210 705 235 724 ²⁶
272 696 293 724 E
315 713 435 761 secrare
445 722 533 754 atque
552 711 720 752 appendere
729 709 846 750 aliquid
865 709 949 746 volo,
980 707 1017 737 id
1036 716 1101 737 eum
1122 711 1198 744 pau-

727 178 769 223 S.
806 175 1114 222 Gasconu
1166 189 1402 219 semiim
1439 177 1794 226 P0N11F1cts

1257 256 1297 290 ad
1325 257 1410 291 tertii
1441 258 1562 292 decimi
1585 261 1690 294 saeculi
1717 273 1840 296 annum
1867 263 2133 311 septuagefimum

1260 317 1387 341 nonum
1412 309 1454 341 ufi
1478 321 1546 342 non
1569 309 1689 345 fuerint
1712 312 1821 346 sericis
1841 318 2062 356 ornamentis,
2089 329 2131 352 te·

1258 356 1382 391 stantur
1397 358 1546 393 Annales
1567 359 1702 395 Patrum
1727 360 1979 398 praedicatorum
2000 366 2135 402 Colma-

1258 407 1426 442 rienfium.
1454 409 1638 454 Imitandus
1658 412 1722 445 inis
1742 412 1787 445 est
1809 414 1941 448 Sanctus
1961 414 2132 459 Presbyter

1259 457 1467 501 Nepotianus
1477 485 1486 500 ‚
1503 460 1544 494 de
1555 472 1621 502 quo
1632 462 1784 496 defuncto
1794 464 1835 497 ad
1847 463 2004 499 Patruum
2017 466 2133 503 Helior

1259 508 1377 542 dorum
1403 508 1611 544 Altinensem
1636 511 1836 556 Episcopum
1865 514 1973 550 scribit
1999 517 2133 550 sanstus

1260 559 1510 601 Hieronymus.-
1536 564 1617 594 Erat
1622 560 1789 604 sollicitus,
1808 563 1839 605 fi
1843 568 1950 598 niteret
1962 567 2083 605 dhare,
2106 565 2136 607 fi

1254 616 1388 650 parietes
1403 607 1511 651 absque
1516 610 1650 654 fuligine
1665 636 1675 652 ,
1693 612 1723 654 fi
1726 620 1910 654 pavimenta
1921 614 2000 657 tersa
2012 640 2023 656 ,
2040 616 2072 657 fi
2080 618 2133 656 ja-

1259 665 1336 692 nitor
1348 658 1446 692 creber
1459 665 1491 691 in
1498 668 1608 701 porta,
1633 663 1702 695 vela
1709 662 1824 706 semper
1847 671 1879 696 in
1893 665 1988 705 offitts
2001 689 2013 705 ,
2035 665 2062 707 fi
2079 669 2131 698 sa·

1258 715 1387 741 crarium
1410 711 1574 751 mundum,
1592 710 1625 752 st
1640 711 1715 755 vasa
1732 714 1894 753 luculenta,
1922 716 1955 748 (5
1976 722 2007 748 in
2030 727 2129 748 omnes

120 733 207 795 fist.
239 737 284 764 88-
316 763 438 808 peribus
451 764 525 795 dare
531 761 640 802 jubent
654 785 661 792 .
688 762 741 792 sin
753 769 851 791 autem
862 759 970 797 idjam
991 753 1054 797 ipfr
1070 753 1198 795 fecerit,
1258 765 1438 800 ceremonias
1461 767 1519 801 pia
1541 759 1706 803 sollicitudo
1732 762 1883 806 dispofita.
1910 769 1983 797 Non
2009 765 2128 805 minus,

320 826 379 847 non
391 814 474 847 modo
484 823 550 846 eum
573 822 631 845 non
647 815 823 849 increpant,
849 807 952 838 verum
973 811 1066 837 etiam
1086 804 1197 837 blande*
1259 819 1317 842 non
1327 815 1425 853 magis
1438 810 1599 852 negligebat
1610 813 1729 853 officium
1741 827 1752 846 .·
1779 814 1955 857 Ubicumque
1972 827 2038 848 eum
2048 826 2129 857 quae-

318 862 357 899 ac
365 865 469 897 leniter
489 864 674 895 admittunt.
699 862 773 890 Non
796 857 877 898 quiid
896 854 947 888 hoc
965 855 1016 888 illo
1039 855 1143 888 melius
1163 864 1199 886 ac
1257 870 1337 892 rens
1350 884 1360 900 ,
1381 866 1415 892 tn
1427 858 1554 900 Ecclesia
1563 866 1737 896 invenires.
1765 864 1874 905 Ipsum
1894 876 1972 899 cum
1992 866 2128 912 Qinto

314 915 509 958 pra-stantius
529 913 581 954 esse
600 912 710 942 ducant
734 931 745 946 ,
771 918 828 938 non
852 912 932 938 enim
949 912 1105 947 propterea
1131 905 1202 938 vult
1258 909 1362 943 Fabio
1374 933 1385 950 ‚
1412 909 1580 951 Bezeleel,
1605 912 1639 946 ὅ(
1653 913 1782 955 Hymm
1805 913 1917 956 Tyrio
1938 925 2128 958 comparat,

317 964 454 1007 Christus
469 988 480 1004 ,
506 972 539 994 ut
550 957 769 999 Ecclest‘asauro
781 958 815 990 ὁ·
831 963 952 999 argento
970 957 1093 997 impleat
1109 979 1119 994 ‚
1142 952 1200 997 sed
1239 931 1291 1009 i&
1314 959 1464 1003 adjungit
1486 961 1615 995 causam
1640 974 1647 994 :
1675 965 1746 1006 ,Qua
1766 962 1908 1004 Basilicas
1928 963 2063 1006 Ecclefiae
2093 967 2129 999 6·

317 1024 354 1048 ne
362 1008 428 1046 e‘um
438 1036 451 1052 ,
476 1009 590 1054 quiboc
600 1009 757 1041 donarium
772 1006 876 1040 obtulit
888 1029 900 1046 ,
925 1010 1022 1038 animi
1041 1010 1197 1039 anxietate
1258 1013 1420 1047 Martyrum
1431 1011 1636 1044 conciliabula
1649 1011 1770 1052 diversis
1787 1012 1909 1053 floribus
1931 1015 1966 1048 <vt
1989 1014 2130 1048 arborum

2148 839 2233 880 Epist.
2254 847 2286 875 3.

316 1063 471 1104 afficiant.
510 1058 689 1095 Eusebium
713 1057 832 1092 Pelusii
857 1056 1081 1100 Episcopum,
1108 1053 1196 1099 quod
1257 1065 1373 1100 ramis,
1399 1066 1565 1103 vitiumque
1571 1067 1728 1104 pampinis
1750 1062 1967 1104 adumbraret,
1991 1065 2025 1098 &
2046 1066 2131 1107 quid·

316 1113 467 1147 Basilicas
487 1135 497 1150 ,
535 1121 616 1154 quas
638 1108 776 1142 ornabat
799 1118 879 1141 auro
902 1131 913 1146 ,
940 1106 1074 1140 foedaret
1101 1105 1193 1139 malis

317 1164 479 1201 Clericis,
507 1162 647 1206 graviter
659 1159 767 1203 arguit
779 1157 812 1190 in
834 1156 953 1192 litteris
977 1156 1019 1190 ad
1039 1153 1197 1189 Theodo-

315 1214 396 1247 fium
410 1211 628 1254 Episcopum,
655 1209 690 1243 &
711 1208 847 1251 repetit:
874 1210 981 1249 Neque
1002 1213 1081 1246 enim
1099 1211 1198 1247 parie—

313 1271 396 1305 tum,
420 1261 478 1306 sed
491 1267 661 1294 animarum
670 1256 760 1301 causa
772 1257 890 1298 coelestls
914 1261 981 1291 Rex
1011 1256 1066 1290 huc
1088 1261 1193 1289 venit.

314 1315 359 1348 Et
372 1312 474 1358 prima
487 1312 554 1355 ejus
564 1322 640 1345 cum
654 1307 858 1351 Theophiio
868 1307 1096 1341 Alexandrino
1121 1305 1193 1347 Epi-

314 1365 415 1408 scopo
427 1363 588 1397 discordia
602 1361 665 1397 fuit
685 1383 696 1400 ‚
721 1358 809 1403 quod
825 1357 1078 1391 Ecclesiasticam
1104 1367 1196 1399 pecu-

314 1415 404 1449 niam
419 1412 519 1449 hicin
543 1413 645 1447 sacras
669 1409 810 1445 fabricas
831 1408 864 1442 ὃς
886 1417 1080 1442 ornamenta
1104 1430 1114 1446 ,
1140 1405 1195 1438 ille

313 1465 467 1500 velletinv
483 1473 637 1507 pauperes
657 1459 781 1494 effundi
806 1484 812 1491 .
842 1458 885 1491 Et
905 1457 946 1491 ad
968 1457 1195 1498 Nepotianum

313 1514 425 1551 scribit
437 1515 570 1550 sanstus
582 1513 833 1552 Hieronymus:
861 1509 951 1541 Multi
972 1505 1125 1548 ,edificant
1143 1513 1196 1546 pa-

310 1573 419 1606 rietes,
445 1565 644 1599 &columnas
674 1558 808 1600 Ecclefiae
827 1556 1022 1603 substruunt,
1048 1566 1196 1587 marmora

312 1624 412 1652 nitent
433 1640 444 1657 ‚
470 1625 541 1648 auro
559 1611 720 1654 splendent
744 1610 899 1650 laquearia
913 1631 922 1646 ,
944 1611 1069 1653 gemmls
1094 1605 1196 1638 Altare

310 1667 502 1710 distinguitur
525 1685 536 1701 ,
569 1663 603 1696 ὑ
630 1660 828 1699 ministrorum
854 1656 964 1696 Christi
991 1658 1074 1689 nulla
1096 1655 1195 1688 electio

309 1716 366 1757 est.
395 1718 504 1757 Neque
513 1713 589 1746 'vero
601 1710 673 1742 mibi
686 1711 797 1752 aliquis
822 1715 950 1749 opponat
970 1708 1056 1739 dives
1080 1711 1113 1738 in
1129 1708 1193 1749 Ju-

309 1768 381 1800 daea
391 1765 556 1806 templum,
582 1758 715 1802 mensam
727 1784 738 1799 ,
763 1760 900 1791 lucernas
913 1780 924 1795 ,
951 1755 1099 1789 thuribula
1111 1777 1121 1793 ,
1137 1763 1193 1797 pa·

307 1816 420 1857 tellas,
443 1812 584 1856 scyphos,
610 1810 806 1847 mortariola,
832 1809 984 1841 &caetera
1007 1816 1077 1838 auro
1091 1804 1190 1847 fabri-

310 1875 397 1903 cata.
425 1866 504 1898 Tunc
515 1862 579 1896 bac
585 1860 791 1903 probabantur
803 1859 823 1890 ἆ
836 1860 960 1890 Domino
972 1881 981 1896 ,
1006 1857 1128 1897 quando
1143 1856 1161 1886 5
1163 1867 1191 1887 a·

137 1923 229 1965 Epist.
249 1935 275 1956 2,
305 1917 445 1952 certiores
474 1913 579 1955 hostias
603 1910 796 1946 immolabam
815 1932 826 1948 ,
851 1909 886 1943 δ
905 1905 1029 1950 sanguis
1047 1907 1194 1947 pecudum

313 1976 380 2002 erat
399 1964 517 2005 remiffio
538 1969 722 2005 peccatorum
747 1985 754 1992 .
795 1959 990 2001 ,Quamquam
1011 1955 1074 1989 baec
1096 1962 1195 1990 omnia

312 2020 504 2060 praeceffertnt
516 2012 670 2056 infigura.
698 2015 790 2044 Nunc
811 2010 883 2042 vero
903 2008 966 2041 cum
985 2014 1195 2049 paupertatem

315 2070 418 2104 domus
441 2063 506 2108 suae
526 2070 642 2106 pauper
667 2066 810 2095 Dominus
833 2059 979 2092 dedicarit
1000 2081 1012 2097 ,
1037 2063 1192 2100 cogitemus

313 2128 425 2153 crucem
437 2117 525 2157 ejus,
549 2114 584 2148 Θ·
605 2114 737 2146 divitias
764 2111 858 2142 lutum
877 2107 1071 2150 putabimus·
1098 2106 1198 2143 Mun·

313 2168 356 2203 da
369 2167 402 2202 ὅ(
413 2164 580 2199 moderata
591 2187 605 2202 ‚
627 2169 835 2204 nequaquam
849 2157 985 2200 pretiosa
999 2155 1111 2190 nossrae
1137 2154 1195 2188 Ba-

313 2218 408 2252 filicae
424 2213 574 2249 ambiunt
586 2220 778 2246 ornamenta
790 2233 797 2240 .
824 2209 936 2255 Qare
963 2205 1197 2243 venerabilem

316 2264 518 2311 Stephanum
541 2288 553 2304 ‚
579 2262 714 2295 tertium
736 2258 982 2292 cisterciensem
1005 2254 1170 2289 Abbatem
1187 2278 1198 2294 ‚

316 2315 435 2352 merito
448 2314 583 2349 laudant
594 2311 736 2353 antiquae
749 2309 838 2342 istius
859 2307 996 2342 Ordinis
1017 2305 1173 2349 Origines
1187 2318 1197 2337 .-

318 2369 419 2408 .Hujus
445 2362 623 2406 temporibus
647 2361 876 2393 introduxerunt
899 2361 1024 2390 Fratres
1050 2357 1111 2388 tanai
1134 2364 1199 2388 cum

317 2419 415 2452 eorum
430 2414 564 2454 abbate,
591 2422 627 2445 ne
654 2411 728 2453 quid
749 2415 780 2442 in
804 2409 887 2441 domo
908 2411 984 2447 Dei,
1013 2410 1045 2438 in
1068 2415 1128 2446 qua
1151 2405 1200 2437 die

317 2470 353 2503 Θ
373 2466 450 2499 ηοθε
473 2464 580 2499 devote
596 2461 715 2504 servire
726 2459 905 2501 cupiebant,
932 2463 1097 2491 remaneret
1121 2455 1201 2497 quod

315 2516 485 2562 superbiam
497 2523 550 2547 aur
556 2510 793 2556 superfluitatem
807 2509 950 2543 redoleret
965 2530 976 2546 ‚
1001 2514 1055 2540 aut
1076 2513 1201 2547 pauper-

319 2577 414 2602 tatem
438 2590 449 2607 ,
486 2563 628 2605 custodem
651 2567 800 2595 virtutum
821 2582 833 2599 ,
867 2556 972 2600 sponte
997 2567 1087 2598 quam
1109 2556 1198 2597 elege-

320 2627 417 2660 rant,
443 2614 603 2657 aliquando
621 2617 833 2652 corrumperet.
861 2606 1126 2649 confirmaverunt
1146 2602 1199 2647 se,

322 2679 358 2702 nc
379 2672 540 2701 retinerent
559 2673 657 2698 cruces
678 2671 784 2694 aureas
803 2658 857 2702 Jeu
867 2665 1047 2701 argenteas,
1073 2653 1200 2695 nfitan·

323 2718 387 2752 tum
409 2718 522 2760 ligneas
541 2713 682 2748 coloribus
703 2710 837 2752 depit‘las
858 2733 869 2748 ,
904 2717 995 2750 neque
1016 2704 1201 2740 candelabra

323 2765 380 2807 nifi
397 2777 487 2800 unum
500 2764 636 2805 ferreum
651 2786 661 2801 ,
687 2771 777 2803 neque
798 2757 952 2792 thuribula
976 2757 1033 2798 nifi
1038 2763 1143 2797 cuprea
1154 2754 1205 2788 vel

317 2815 423 2859 ferrea
437 2839 447 2855 ,
474 2825 565 2855 neque
580 2811 697 2854 casulas
720 2809 775 2851 nist
788 2811 826 2842 de
846 2806 974 2851 fustaceo
997 2808 1050 2842 vel
1068 2807 1130 2838 lino
1142 2802 1204 2847 fine

325 2867 417 2908 pallio
438 2875 523 2898 aureo
546 2863 597 2896 vel
614 2870 772 2905 argenteo,
796 2868 887 2901 neque
909 2857 996 2890 albas
1018 2867 1110 2898 neque
1127 2859 1202 2887 aml-

329 2917 392 2949 c‘Jus
415 2913 471 2956 nisi
486 2916 523 2946 de
543 2913 625 2952 lino,
650 2910 778 2950 fimiliter
793 2908 855 2951 fine
874 2909 970 2949 pallio
994 2917 1081 2940 aureo
1094 2905 1147 2939 vel
1158 2915 1204 2936 ar·

325 2975 450 3011 genteo,
471 2965 570 3008 pallia
594 2962 664 2995 vero
683 2966 804 2999 omnia,
831 2960 865 2992 (9·
888 2966 1001 2999 cappas
1025 2966 1116 2999 atque
1140 2954 1204 2987 dal·

329 3021 457 3049 matteas
470 3040 479 3056 ,
506 3009 674 3054 tunicasque
693 3022 731 3042 ex
754 3018 813 3042 toto
830 3006 1004 3050 dimiserunt
1022 3031 1030 3039 .
1054 3007 1115 3040 sed
1136 3005 1208 3039 cali-

330 3077 375 3098 ces
388 3074 556 3111 argenteos,
582 3073 641 3095 non
652 3070 755 3093 aureos
769 3082 779 3098 ‚
801 3056 960 3101 sedfifieri
969 3061 1105 3099 potuerit
1117 3056 1208 3088 deau-

330 3125 428 3155 ratos,
456 3116 490 3148 (9
507 3112 635 3156 fistulam
651 3117 821 3152 argenteam
836 3133 846 3148 ,
873 3110 906 3142 (3
923 3107 952 3147 fi
968 3107 1091 3149 pofflbile
1109 3104 1207 3147 fuerit

338 3166 512 3198 deauratam
534 3189 545 3205 ,
576 3160 667 3202 stolas
691 3170 800 3202 quoque
822 3160 856 3192 (9
876 3158 1036 3198 mappulas
1058 3157 1095 3188 de
1115 3155 1209 3196 pallia

164 3224 236 3262 (Ἀρ.
262 3216 455 3270 174Ntantum
471 3213 531 3255 fine
551 3223 623 3245 auro
643 3212 677 3244 (ν’
694 3217 815 3252 argento
826 3212 1023 3241 retinuerunt.
1051 3206 1147 3239 Pallae
1157 3215 1209 3237 au-

339 3273 399 3297 tem
411 3264 555 3295 Altarium
565 3271 597 3296 ut
608 3262 643 3295 de
655 3259 849 3300 linofierent‚
877 3259 910 3291 (9*
926 3256 988 3300 fine
1006 3256 1126 3298 pictura
1141 3254 1209 3295 pla-

139 1237 190 1273 ΕΡ.
214 1240 282 1270 246.

339 3315 376 3346 m?
388 3335 400 3352 ,
425 3313 654 3353 praecipiebant.
685 3313 730 3342 Et
742 3317 772 3342 ut
784 3308 922 3350 ampullae
936 3303 1131 3345 vinariaefine
1140 3316 1212 3337 auro

1236 2433 1245 2494 l

1257 1111 1332 1152 quid
1338 1111 1476 1152 placebat
1487 1115 1520 1143 in
1531 1111 1657 1153 Ecclesia
1665 1136 1677 1152 ,
1703 1121 1767 1145 tam
1779 1111 1959 1156 dispnjstione
1969 1116 2061 1156 quam
2082 1121 2132 1148 vi-

1255 1160 1292 1203 su
1305 1160 1468 1199 Presbyteri
1483 1161 1610 1194 laborem
1620 1161 1791 1203 &studium
1810 1163 1965 1202 testaretur
1974 1189 1983 1197 .
2009 1164 2134 1208 Hujus·

1257 1210 1347 1244 modi
1361 1211 1451 1244 enirn
1464 1221 1599 1245 ornatus
1611 1213 1709 1255 quam
1720 1212 1846 1256 optime
1856 1214 2060 1257 repraefentat
2081 1225 2133 1249 to-

1257 1260 1321 1293 tius
1331 1261 1464 1294 universi
1477 1260 1754 1303 pulchritudinem
1766 1287 1776 1303 ,
1803 1273 1902 1306 quem
1928 1265 1992 1298 effe
2013 1263 2133 1308 palma-

1258 1320 1324 1342 rem
1337 1310 1490 1343 ornandae
1502 1309 1644 1344 Bafilicae
1666 1313 1800 1355 scopum
1819 1313 1968 1348 adfirmat
1992 1314 2026 1349 in
2046 1312 2132 1347 libro

1256 1359 1295 1393 de
1308 1359 1405 1393 Miffa
1417 1360 1452 1393 ἀ
1463 1360 1587 1404 templo
1598 1360 1731 1396 Simeon
1745 1361 2018 1407 Archiepiscopus
2027 1363 2134 1398 Thes·

1257 1409 1479 1443 salonicenfis.

1305 1459 1360 1493 De
1371 1457 1457 1493 hisce
1466 1459 1622 1494 omnibus
1634 1459 1674 1494 ad
1685 1445 1914 1504 Thebphiium
1928 1461 2135 1497 Alexandria

1256 1508 1478 1543 Patriarcham
1492 1510 1573 1543 recte
1591 1509 1700 1545 scribit
1723 1513 1859 1546 sanstus
1878 1511 2109 1553 Hieronymus
2121 1526 2133 1546 ,-

1256 1557 1385 1601 Discant
1397 1565 1449 1601 qui
1463 1565 1603 1603 ignoratn
1619 1584 1630 1600 ,
1654 1572 1715 1604 qua
1727 1560 1853 1595 debeam·
1863 1568 2053 1595 veneratione
2060 1560 2133 1604 san-

1255 1609 1303 1642 Ha
1317 1607 1461 1652 suscipere
1475 1633 1486 1649 ‚
1507 1608 1663 1653 sacrosque
1672 1612 1774 1644 calices
1794 1612 1828 1645 ἐν
1842 1609 1933 1655 sacra
1956 1613 2109 1647 vetaernina
2120 1634 2134 1651 ‚

1255 1661 1288 1692 t&
1301 1668 1411 1692 caetera
1421 1670 1487 1701 quae
1494 1661 1539 1692 ad
1548 1660 1658 1693 cultum
1676 1666 1829 1703 pertinent
1852 1663 2015 1696 Domintcae
2030 1662 2131 1704 paffto-

1255 1715 1304 1741 nis
1316 1733 1327 1749 ,
1353 1721 1411 1742 non
1424 1707 1510 1751 quasi
1514 1715 1623 1743 inania
1639 1735 1651 1752 ,
1678 1712 1712 1745 &
1718 1709 1808 1754 s‘ensu
1819 1717 1954 1746 mentia
1968 1710 2130 1755 sandimo-

1255 1765 1336 1791 niam
1346 1770 1403 1792 non
1416 1759 1546 1799 babere,
1567 1758 1628 1802 sed
1638 1772 1676 1794 ex
1696 1759 1835 1803 consortio
1855 1766 1983 1803 corporis
2006 1763 2042 1796 θ
2057 1759 2130 1804 san·

1247 1814 1352 1852 gutnis
1367 1811 1485 1842 Domini
1495 1811 1600 1843 eadem
1611 1835 1623 1851 ‚
1646 1822 1705 1852 qua
1714 1820 1819 1853 corpus
1840 1813 1908 1852 ejus
1928 1812 1965 1846 ά
1980 1809 2105 1855 sanguis
2118 1833 2131 1850 ‚

1253 1858 1404 1900 MaJ‘estate
1415 1861 1590 1894 veneranda
1602 1884 1609 1892 .
1620 1859 1712 1895 Hinc
1724 1862 1791 1904 ipsa
1803 1862 1836 1894 in
1848 1861 1984 1895 Laicam
1995 1872 2131 1896 manum

1251 1920 1307 1943 aut
1335 1911 1429 1943 usum
1455 1908 1592 1944 vendere
1603 1933 1615 1951 ‚
1641 1910 1764 1945 donare
1774 1935 1786 1951 ,
1810 1912 2048 1956 oppignorare,
2077 1909 2130 1945 vel

1254 1960 1370 2002 quovis
1392 1959 1496 1994 modo
1520 1960 1644 1995 tradere
1668 1971 1724 1995 aut
1745 1962 1900 1995 assumere
1924 1960 1987 1995 fuit
2007 1962 2130 2004 semper

1253 2009 1453 2045 horrendum
1464 2010 1566 2045 scelus
1576 2035 1585 2043 .
1614 2011 1748 2045 Etenim
1760 2010 1925 2053 Cyrillum
1936 2010 2091 2045 Hieroso!
2095 2022 2131 2054 y·

1253 2071 1312 2093 mae
1325 2060 1525 2103 Episcopum
1537 2085 1547 2100 ,
1567 2060 1660 2101 quod
1671 2061 1793 2094 donata
1802 2060 1821 2094 ὸ,
1833 2060 2057 2095 Constantino
2078 2071 2134 2095 or-

1255 2121 1407 2144 namenta
1419 2109 1613 2144 vendidisset
1625 2133 1638 2151 ,
1657 2110 1751 2143 fuisse
1762 2110 1779 2142 a
1791 2110 1985 2145 seleuciensi
1995 2110 2134 2152 synodo

1255 2159 1464 2204 degradatum
1474 2159 1625 2194 adfirmat
1649 2159 2036 2195 Hermias-Zozomenus
2052 2185 2061 2194 .
2089 2161 2134 2197 Et

1256 2211 1340 2244 inter
1349 2210 1503 2243 articulos
1513 2232 1524 2248 ,
1550 2208 1591 2243 de
1601 2210 1718 2253 quibus
1742 2210 1958 2244 Antoninum
1980 2209 2133 2251 Ephesio-

1256 2271 1328 2293 :um
1340 2257 1636 2300 Archiepiscopum
1646 2259 1809 2291 accusavit
1830 2259 1866 2292 in
1892 2258 2133 2293 Constantino-

1256 2308 1400 2352 politana
1414 2307 1520 2341 Sancti
1535 2307 1670 2350 Joannis
1683 2306 1913 2350 Chrysostomi
1924 2306 2065 2350 synodo
2075 2332 2086 2348 ,
2096 2308 2133 2342 δε

1254 2359 1294 2392 ad
1307 2358 1576 2402 degradationem
1589 2357 1761 2402 postulavit
1773 2356 1932 2391 Eusebius
1940 2357 2136 2391 Valentino-

1257 2408 1425 2452 politanus
1436 2407 1639 2451 Episcopus,
1667 2409 1796 2441 fuerunt
1816 2407 1851 2442 &
1869 2406 1926 2440 bi:
1953 2408 2047 2450 ,Quod
2058 2405 2135 2449 fufis

1256 2458 1349 2501 sacris
1361 2456 1439 2499 vafis
1450 2465 1604 2501 argentum
1613 2462 1645 2490 in
1656 2464 1772 2491 nomine
1778 2456 1836 2499 filii
1848 2455 2024 2500 deposuerit.
2042 2457 2137 2501 ,Qubd

1254 2507 1409 2552 sumptum
1422 2508 1460 2540 de
1470 2507 1590 2551 ingressu
1604 2507 1780 2550 Baptisterii
1789 2518 1922 2541 marmor
1932 2531 1944 2548 ,
1970 2505 2063 2550 insito
2073 2506 2136 2540 bal-

1261 2569 1312 2592 neo
1318 2555 1449 2600 pofiterit
1459 2582 1466 2589 .
1493 2559 1590 2600 ,Quod
1598 2561 1628 2589 E
1629 2557 1730 2599 cclefiae
1741 2559 1890 2591 columnas
1900 2582 1911 2597 ‚
1923 2558 2027 2599 plures
2038 2567 2134 2589 annos

1256 2611 1395 2651 jacentes
1414 2632 1426 2647 ,
1451 2611 1550 2640 erexit
1569 2614 1602 2640 in
1619 2606 1673 2650 suo
1695 2609 1822 2640 triclinio
1843 2631 1852 2640 .
1891 2605 2030 2640 Exstant
2051 2604 2136 2639 Asta

1261 2657 1347 2700 apud
1359 2657 1542 2690 Palladium
1556 2657 1876 2700 Helenopolitanum
1890 2655 2089 2698 Episcopum
2101 2653 2137 2688 in

1262 2708 1413 2752 Dialogo
1426 2717 1503 2740 cum
1513 2707 1699 2741 Theodoro
1710 2707 1869 2741 Rotnanae
1882 2705 2033 2740 Ecclefiae
2050 2704 2133 2739 Dia-

1266 2769 1355 2792 cono
1368 2782 1375 2789 .
1402 2756 1508 2791 Addit
1520 2757 1606 2791 idem
1629 2755 1792 2792 Palladius
1812 2754 1854 2789 de
1873 2754 2059 2799 Porphyrio
2080 2753 2138 2787 Pa·

1265 2806 1403 2843 triarcha
1416 2805 1632 2841 Antiocheno
1645 2821 1656 2840 :
1685 2808 1776 2847 Ajunt
1796 2807 1879 2839 illum
1895 2813 2008 2847 praeter
2027 2813 2137 2838 caetera

1260 2857 1367 2901 scelera
1380 2881 1390 2897 ‚
1411 2856 1498 2901 sacra
1510 2868 1621 2899 quoque
1642 2854 1716 2899 vasa
1737 2855 1799 2897 post
1818 2857 2034 2889 ordinationem
2052 2852 2137 2896 suam

1248 2907 1252 2935 ¹
1260 2908 1335 2950 fudi
1356 2919 1370 2939 e
1383 2931 1394 2947 ,
1422 2905 1661 2949 Principibusqu‘e
1670 2907 1828 2949 largitum.
1857 2904 1990 2947 Utique
2004 2905 2039 2938 in
2053 2904 2139 2938 solu-

1270 2959 1397 2992 tionem
1408 2958 1510 3001 empti
1523 2956 1638 2992 abillis
1653 2956 1864 2999 Episcopatus
1874 2979 1881 2986 .
1909 2955 1953 2988 Et
1965 2954 2006 2988 de
2028 2954 2142 2996 Sylva·

1272 3019 1317 3041 no
1328 3032 1338 3048 ‚
1365 3018 1543 3042 mercatore
1564 3005 1718 3039 Romano
1727 3027 1738 3043 ‚
1764 3004 1821 3049 qui
1847 3005 1930 3038 sacra
1952 3003 2142 3046 Sytmienfis

1240 3061 1242 3063 '
1272 3057 1422 3092 Ecclefiae
1435 3058 1506 3092 vasa
1517 3057 1535 3091 a
1551 3055 1736 3100 nescioquo
1758 3053 1959 3089 Constantio
1981 3054 2145 3097 oppigno-

1272 3118 1339 3142 rata
1353 3131 1363 3147 ,
1391 3109 1423 3142 δε
1447 3107 1516 3141 fixo
1538 3115 1684 3149 tempore
1705 3117 1772 3138 non
1796 3106 1931 3148 repetita
1952 3103 2118 3140 detinebat
2131 3125 2144 3141 ,

1272 3157 1379 3192 scribit
1392 3158 1427 3190 in
1449 3155 1594 3192 Gothica
1615 3155 1747 3189 historia
1770 3154 1899 3189 Priscus
1917 3153 2064 3188 Rhetor:
2090 3154 2144 3184 Ea

1276 3209 1417 3246 sylvanus
1431 3205 1634 3241 sacerdotibus
1646 3229 1655 3246 ,
1670 3211 1720 3248 qui
1728 3211 1820 3247 primi
1828 3203 1861 3248 se
1871 3204 2031 3247 obtulissent
2043 3227 2053 3242 ‚
2064 3212 2144 3235 nuns-

1278 3264 1332 3289 mis
1345 3262 1490 3301 argenteis
1499 3261 1686 3298 permutavit
1697 3280 1704 3287 .
1731 3260 1797 3289 Nec
1809 3261 1887 3288 enim
1892 3255 1951 3297 fas
1964 3253 2003 3293 est
2022 3252 2146 3284 homini·

1276 3307 1328 3340 bus
1336 3307 1438 3348 pocula
1452 3310 1510 3339 Deo
1519 3304 1686 3348 consecrata
1696 3311 1826 3347 proprii:
1837 3304 1928 3345 ustbus
1951 3302 2100 3345 applicare
2112 3325 2119 3335 .

1324 3358 1377 3391 De
1391 3358 1514 3401 Bigane
1528 3355 1808 3390 Chloromarenfis
1818 3355 1851 3388 in
1865 3352 2082 3387 Persarmenia
2103 3351 2149 3384 ci-

1278 3407 1385 3440 vitatis
1398 3406 1548 3439 Praefesto
1560 3429 1570 3443 ‚
1594 3406 1628 3439 δε
1651 3406 1752 3446 ipsam
1777 3402 1944 3438 obfidente
1965 3400 2126 3436 Mauritio
2139 3424 2151 3439 ,

1276 3455 1405 3491 Tiberii
1428 3456 1640 3491 Constantini
1662 3454 1867 3500 Imperatoris
1890 3453 1985 3488 Duce
2006 3476 2019 3494 ,
2035 3450 2153 3535 bll‘pribit

2076 3511 2106 3534 e-

339 3364 374 3397 &
401 3371 520 3405 argento
543 3362 629 3403 cffent
650 3384 656 3393 .
683 3361 796 3406 Qam
819 3357 1067 3400 temperantiam
1087 3356 1210 3389 servare

336 3411 491 3446 deberent
518 3422 631 3443 ornnes
668 3409 846 3455 Regulares
868 3431 879 3446 ‚
921 3406 1090 3451 praesertim
1116 3403 1213 3437 Men—

338 3461 500 3498 dicantes.
531 3460 573 3495 Et
595 3457 678 3494 cert&
699 3459 788 3502 quod
807 3458 931 3492 Fratres
951 3455 1101 3490 Minores
1114 3454 1211 3499 usque
