2372 3756
196 366 257 399 1³01-
267 353 315 403 84⁷.

194 484 256 517 1²01.
263 493 278 524 3

412 137 506 170 102

720 122 761 170 S.
799 117 1081 169 GREGORI
1102 138 1117 167 1
1154 136 1392 171 sepTlml
1430 123 1790 172 Ponite-mis

332 209 385 244 vel
400 212 449 250 qui
462 205 517 240 tibi
540 202 667 247 offirunt
683 203 737 239 boc
754 203 934 249 sacrificium
956 206 1080 243 lmcdis.
1109 205 1217 249 Expo-

1280 204 1336 238 sub
1347 205 1469 238 Carolo
1481 204 1611 249 Magno
1623 216 1660 240 ac
1671 205 1739 247 ejus
1752 207 1886 250 posteris
1899 209 2062 246 Gallicani
2079 214 2155 257 Epi-

332 259 383 292 nit
396 255 548 300 antiquus
563 254 659 290 Ordo
672 254 864 296 Romanus,
889 256 1003 292 dicens
1013 255 1054 289 de
1077 255 1216 299 parvulis
1281 255 1367 298 scopi
1381 266 1418 288 ac
1429 254 1556 298 Synodi
1568 280 1575 289 .
1603 255 1646 290 Et
1658 254 1736 292 hine
1746 258 1884 301 quidam
1905 261 2095 297 existimant
2117 266 2156 298 fi-

331 304 543 350 Neophytis:
572 307 630 341 Per
642 314 736 341 totam
746 305 964 341 hebdomadam
980 303 1103 349 Paftbae
1125 310 1214 339 omni-

329 358 384 392 bus
397 356 502 392 diebus
514 356 559 388 ad
567 354 682 399 Miffam
693 361 818 391 veniant
828 377 839 393 ,
860 357 1044 396 &parentes
1055 367 1153 391 eorum
1158 364 1214 398 pro

328 407 396 452 ipsis
408 406 535 451 offerant
545 429 557 446 ‚
581 407 615 443 (θ’
628 410 837 441 communicent
851 429 858 437 .
897 405 939 440 Et
949 403 992 442 de
1011 407 1213 450 Competen-

285 485 311 518 Ρ,
328 459 417 495 tibus
427 455 468 493 ad
481 456 648 502 Baptisma
669 456 799 490 elestisz
827 454 997 495 offimutur
1007 456 1166 490 oblationes
1191 455 1213 488 ἃ

322 507 499 555 parentibus
513 532 524 549 ‚
550 507 603 542 vel
610 507 649 542 ab
661 505 710 540 bt's
721 511 773 549 qui
785 504 862 549 ipsivs
869 503 1117 550 fitscepturisunt
1128 529 1135 536 .
1166 508 1212 538 Et

321 564 411 603 ponit
423 557 507 603 ipsas
520 557 658 593 sacerdos
668 553 759 601 super
768 557 892 591 attare.
919 555 1022 602 Qod
1037 556 1140 599 ipsum
1156 555 1210 590 fie-

327 610 380 647 bat
393 610 427 643 in
440 607 587 653 quolibet
601 606 758 644 scrutinio
772 630 782 646 ,
808 605 950 649 ideoque
964 605 1058 642 Ordo
1083 605 1207 648 pergit:

325 664 497 694 Annuntiat
511 656 662 699 Presbyter
672 655 863 690 ursabbatho
885 654 993 691 Sanc‘io
1015 661 1208 691 revertantur

325 712 370 745 ad
379 707 536 752 Ecclefiam
549 732 561 749 ,
588 709 622 744 Θ
632 715 700 740 tunc
708 706 930 742 catechizantur
941 707 976 740 ὀ·
988 705 1117 738 reddunt
1133 703 1208 747 βιη-

190 756 252 788 1³01·
261 765 295 794 45
305 777 312 785 ·
324 761 418 796 bolum
431 783 443 800 ,
468 761 503 794 (τ’
513 758 711 803 baptizantur
722 782 733 798 ‚
743 759 776 791 (⁰5
785 756 999 797 complebuntur
1004 753 1121 797 septem
1133 752 1207 789 obla-

162 986 234 1030 δερ.
257 1001 272 1020 2

277 1002 290 1020 2

175 3179 249 3217 cap.
270 3186 301 3212 4·

322 816 415 845 tiones
427 820 548 846 eorum.
573 808 639 844 Pro
663 808 783 853 quovis
805 805 960 851 proximo
982 814 1110 849 poterat
1131 807 1205 851 quis

319 862 454 898 offerre.
950 875 953 879 ·

371 909 474 946 Rene
508 917 619 944 tamen
646 905 796 949 adjungit
832 902 1034 942 Walafridus
1058 903 1174 942 Strabo
1191 920 1202 942 ,-

318 963 475 996 sciendum
494 958 635 1001 quosdam
658 955 826 990 inordinate
835 954 937 996 offerre
948 979 959 995 ‚
984 957 1199 999 quiartenden·

295 1011 363 1047 'tes
373 1019 527 1043 numerum
549 1007 726 1040 oblationum
748 1005 848 1049 potius
869 1007 961 1047 qucim
981 1011 1127 1042 virtutem
1149 1008 1197 1042 54·

315 1066 549 1099 erameniorum,
574 1055 656 1100 sap?
677 1057 781 1090 inillis
791 1054 980 1100 transeunter
990 1054 1118 1096 efferunt
1130 1055 1200 1099 Mis·

307 1109 349 1154 fis
362 1134 373 1151 ,
400 1111 444 1142 ad
461 1119 537 1150 quas
554 1105 700 1150 perfistere
721 1107 839 1141 nolunt.
870 1105 1092 1141 Rationmbilius
1109 1104 1197 1151 fiqui-

311 1162 382 1195 dem
393 1159 430 1199 est
442 1158 483 1192 ibi
495 1156 620 1200 offerre,
646 1156 698 1192 ubi
709 1157 786 1190 velis
805 1154 952 1198 perfistere
965 1179 976 1196 ,
1003 1165 1038 1191 ut
1051 1162 1115 1199 -qui
1136 1168 1197 1190 mu-

312 1221 369 1245 nus
382 1212 506 1242 Domino
516 1206 664 1248 obtulisti,
689 1205 795 1248 offeras
803 1212 920 1248 pariter
933 1214 988 1249 pro
1010 1207 1112 1243 eodem
1137 1218 1195 1241 mu-

310 1271 380 1294 nere
387 1257 571 1302 suscipiendo
589 1255 812 1299 postulationem
834 1258 991 1294 devoram,
1019 1260 1091 1292 Non
1117 1263 1196 1291 enim

304 1309 422 1354 frustra
459 1315 492 1343 in
518 1308 630 1343 amone
664 1308 773 1342 decitur
796 1321 807 1343 „-
846 1306 916 1354 Qi
943 1306 1003 1341 tibi
1033 1306 1194 1340 offerunt.

309 1364 383 1395 Non
405 1361 500 1400 dicit,
529 1358 599 1406 Qui
622 1356 837 1394 obtulerunt:
865 1361 904 1392 Ut
925 1356 1126 1399 intelligamus
1147 1368 1194 1391 eos

302 1409 449 1455 persistere
470 1408 573 1444 debere
597 1413 634 1443 m
650 1407 797 1451 ffrendo
814 1430 826 1448 ,
851 1408 942 1440 donec
964 1405 1066 1440 oblata
1090 1406 1194 1444 adhoc

301 1465 510 1504 perveniant,
535 1459 582 1493 ad
601 1460 681 1500 quod
700 1458 802 1492 oblata
819 1453 911 1501 sunt.
939 1457 1001 1489 sed
1027 1457 1061 1491 (¹1
1085 1462 1118 1491 in
1145 1456 1194 1493 boc

308 1522 390 1546 error
413 1522 471 1544 non
492 1509 622 1544 modicus
650 1509 774 1545 videtur
788 1531 800 1549 ‚
824 1507 907 1550 quod
931 1506 1055 1549 quidam
1075 1505 1108 1550 se
1136 1519 1193 1542 non

305 1562 382 1605 posse
407 1562 496 1595 aliter
518 1560 650 1603 plenam·
668 1563 967 1592 commemorationem
993 1567 1091 1591 eorum
1110 1558 1191 1600 face·

304 1621 341 1647 re
364 1635 376 1653 ,
407 1618 463 1653 pro
478 1610 589 1652 quibus
609 1608 737 1650 offerunt
755 1633 766 1649 ,
794 1606 851 1651 nifi
872 1606 1002 1650 singulas
1028 1607 1191 1641 oblationes

302 1668 361 1705 pro
376 1659 502 1706 singulis
522 1658 650 1701 offerant
673 1682 685 1699 ,
711 1660 761 1691 vel
781 1666 839 1699 pro
864 1663 950 1691 vivis
979 1658 1014 1692 (v
1040 1657 1190 1699 defunc‘lis

303 1709 393 1754 fimul
411 1721 470 1745 non
496 1709 644 1752 aestimant
663 1709 876 1743 immolandum
895 1732 906 1748 ‚
931 1708 996 1742 cum
1023 1709 1094 1742 νενὲ
1112 1707 1192 1752 scia-

304 1771 373 1794 mus
395 1772 490 1794 unum
505 1768 561 1802 pro
586 1758 718 1793 omnibus
745 1767 893 1792 mortuum
908 1782 919 1798 ‚
954 1760 990 1792 Z?
1013 1768 1104 1794 unum
1132 1760 1192 1791 Pa-

305 1821 372 1846 nem
396 1811 448 1853 effe
472 1811 506 1846 (¹5
531 1812 710 1853 Sanguinem
730 1831 742 1847 ,
768 1821 855 1851 quem
882 1806 1064 1851 universalis
1090 1810 1191 1845 Eccle-

298 1859 346 1905 fia
367 1859 453 1901 offert
476 1885 482 1892 .
509 1859 580 1907 Qui
600 1858 683 1895 olim
705 1859 822 1902 quavis
847 1870 889 1893 ex
917 1859 1013 1894 causa
1035 1856 1188 1896 Euchari-

1278 304 1382 339 delem
1395 306 1552 350 populum
1565 305 1701 350 singulis
1713 315 1792 342 tunc
1805 308 1994 344 Dominicis
2006 323 2154 348 commu-

1277 353 1394 393 nicasse
1418 380 1425 388 .
1464 355 1588 394 Verum
1608 355 1694 400 ipsos
1714 355 1780 395 labi
1800 357 1866 403 jam
1888 359 1987 395 l'ucet'
1998 359 2149 404 valiunde,

1276 405 1514 450 confirmatque
1525 405 1755 448 Namnetenfis.
1763 407 1917 450 synodus
1932 423 1939 444 :
1966 413 2005 443 Ut
2014 411 2052 447 de
2072 411 2151 450 obja-

1274 455 1400 493 tionibus
1413 481 1424 497 ,
1449 467 1518 501 quae
1530 456 1693 499 offi’mmur
1704 459 1724 490 ἂ
1730 460 1839 500 populo
1849 483 1860 499 ,
1884 461 1919 494 ό·
1941 459 2151 503 confimationi

1269 503 1427 548 ficpersunt
1434 531 1446 547 ,
1469 507 1523 542 vol
1528 509 1566 541 de
1569 507 1703 553 panibus
1713 519 1784 550 quos
1795 507 1917 549 offerunt
1921 510 2026 552 fideles
2036 513 2082 546 ad
2090 515 2152 548 Ec-

1273 612 1316 641 tes
1326 605 1439 649 incisas
1448 605 1601 643 habeam
1626 606 1696 652 vaso
1718 609 1834 650 nitido,
1861 619 1894 643 ut
1912 610 1976 652 post
1997 613 2149 656 Miffarum

1268 653 1430 698 solemnia,
1453 663 1507 700 qui
1525 664 1735 696 communicare
1758 671 1816 694 non
1833 659 1955 701 fuerint
1979 667 2060 703 rati,
2085 666 2149 696 Eu-

1271 707 1362 750 logius
1372 713 1450 743 omni
1459 709 1509 742 die
1519 710 1694 756 Dominifa,
1721 710 1799 744 &in
1808 709 1911 743 diebus
1927 710 2017 752 festis
2037 714 2147 749 exinde

1270 762 1417 799 accipiant
1428 783 1436 791 .
1462 757 1589 796 Lucide
1601 759 1755 803 supponit
1767 758 2006 796 Eucharistiam
2017 771 2096 797 tunc
2107 760 2149 797 ab

1268 806 1426 843 omnibus
1437 820 1504 843 non
1517 809 1685 844 consuefl‘e
1697 810 1778 844 sumi
1787 835 1795 843 .

1317 857 1582 894 Laudatiomnes
1602 859 1759 895 canones
1780 872 1848 895 non
1875 859 2148 905 Gazophylacio,

1263 906 1321 942 sed
1343 908 1450 945 Altari
1470 908 1674 945 oblationem
1695 910 1897 955 injungunt,
1923 912 2146 956 mandantque

1266 958 1329 995 offe
1340 959 1656 1000 panem&svinum.
1686 959 1839 997 Elucidat
1861 960 1895 994 in
1918 961 2039 1005 Magni
2066 963 2146 997 Gre-

1264 1008 1351 1051 gorii
1364 1009 1429 1043 vita
1451 1010 1593 1052 Joannes
1619 1010 1812 1045 Diaconus:
1841 1014 1981 1046 Matrona
2005 1014 2145 1053 quaedam
2162 1020 2193 1049 L.
2214 1029 2242 1048 2.
2271 1027 2299 1049 c.

1265 1060 1359 1090 Beato
1380 1062 1517 1102 Gregorio
1535 1067 1592 1101 per
1610 1058 1758 1099 stationes
1775 1059 1912 1101 publicas
1938 1061 2145 1106 Miffarumso·
2161 1070 2209 1094 41·

1262 1109 1371 1142 lemnia
1393 1109 1575 1150 celebranti,
1595 1107 1701 1152 solitas
1712 1109 1873 1144 oblationes
1886 1109 2035 1147 obtulerat
2049 1135 2058 1144 .
2083 1116 2144 1146 Cui

1257 1158 1320 1200 post
1346 1158 1479 1198 Mffleria
1499 1161 1668 1193 traditurus
1689 1161 1754 1197 otim
1775 1161 1905 1201 diceret,
1931 1160 2062 1204 Corpus
2072 1163 2144 1197 Do-

1262 1208 1347 1243 mini
1376 1209 1479 1244 nostri
1507 1209 1620 1253 JESU
1649 1208 1772 1247 ,Christi
1799 1210 2145 1248 conservevanimam

1262 1267 1351 1293 tuam
1365 1282 1376 1298 ‚
1389 1258 1518 1302 lasciva
1537 1258 1656 1302 subrifit
1669 1284 1678 1292 .
1704 1261 1758 1294 Ille
1780 1262 1915 1294 continuo
1935 1261 2092 1297 dexteram
2101 1261 2141 1294 ab

1261 1309 1327 1348 ejus
1352 1319 1401 1343 ore
1421 1317 1622 1348 convertens,
1642 1317 1764 1350 partem
1789 1310 1874 1343 illam
1900 1312 2046 1346 Domineci
2069 1315 2140 1344 Cor-

1256 1363 1339 1399 poris
1346 1356 1436 1400 super
1447 1358 1552 1392 Altare
1564 1356 1700 1400 deposuit
1711 1383 1718 1393 .
1746 1359 1891 1400 Explosis
1903 1362 1976 1395 vero
1984 1362 2142 1404 Miffarum

1253 1406 1405 1451 solemniis*
1430 1412 1602 1442 Matroaam
1612 1416 1710 1443 coram
1715 1409 1824 1451 populo
1834 1408 1994 1451 exqutfivit
2006 1433 2017 1450 ‚
2038 1422 2146 1452 quam-

1258 1458 1355 1492 obrem
1365 1462 1480 1500 Corpus
1493 1461 1679 1491 Dominicum
1697 1457 1858 1501 sumptura
1881 1460 1975 1493 ridere
1997 1459 2145 1503 praesum·

1253 1507 1346 1549 sbrie.
1377 1513 1416 1542 At
1436 1508 1495 1542 illa
1506 1509 1558 1543 diu
1567 1508 1717 1549 muffitans
1729 1508 1853 1542 tandem
1859 1514 2001 1550 prorupit
2016 1533 2028 1549 ,
2052 1512 2141 1553 Quia

1251 1566 1362 1600 panem
1380 1583 1391 1599 ‚
1416 1564 1556 1601 inquiens
1570 1582 1581 1599 ,
1606 1568 1692 1600 quem
1709 1562 1841 1600 propriis
1861 1558 2002 1594 manibus
2026 1570 2074 1594 me
2092 1560 2142 1602 ft-

1253 1609 1316 1651 cisse
1342 1619 1532 1653 cognoveram
1552 1633 1564 1649 ,
1600 1617 1634 1643 tu
1663 1611 1778 1650 Corpus
1801 1610 1985 1645 Dominicum
2005 1608 2143 1651 perbibe-

1254 1659 1310 1693 bas
1333 1683 1341 1692 .
1382 1659 1507 1695 Panem
1532 1659 1568 1693 in
1589 1668 1720 1695 carnem
1746 1659 1764 1693 ὲ
1788 1658 1866 1693 Deo
1886 1659 1968 1694 vert-i
1988 1659 2140 1703 impetra-

1255 1709 1303 1742 vit
1324 1708 1506 1753 Gregorius
1519 1732 1530 1748 ‚
1555 1717 1655 1753 atque
1677 1708 1721 1746 ἰιὲ
1743 1708 1891 1743 mulieris
1902 1708 2071 1753 per-fidiam
2094 1711 2139 1746 sa·

1236 1758 1345 1815 'navit
1359 1783 1367 1791 .
1394 1758 1518 1793 Panem
1541 1758 1620 1803 ergo
1640 1757 1820 1795 offerebant
1841 1758 1953 1793 fideles
1967 1782 1979 1799 ‚
2004 1769 2040 1795 ut
2054 1760 2140 1803 quis-

1254 1819 1316 1853 que
1338 1809 1380 1843 de
1400 1809 1533 1853 proprio
1545 1833 1555 1848 ,
1585 1808 1695 1844 nullus
1713 1809 1755 1843 de
1770 1808 1882 1844 alieno
1893 1808 2139 1847 elementaliu-

1252 1858 1448 1897 charistiam·
1468 1860 1607 1893 sumeret
1619 1883 1626 1891 .
1654 1859 1759 1906 Qod
1772 1859 1879 1902 ipsum
1890 1859 1977 1895 lucet
1989 1863 2030 1895 ex
2043 1860 2137 1902 supra

303 1908 400 1945 stiam
420 1921 489 1945 non
517 1919 643 1953 poterat
670 1910 794 1946 sumere
816 1934 826 1950 ,
853 1909 954 1943 etiam
978 1909 1092 1943 offerre
1119 1918 1188 1943 non
1253 1908 1391 1943 laudatis
1404 1907 1507 1943 verbis
1521 1909 1818 1952 Saneticypriani.
1846 1907 2137 1947 EtOrdoiRoma-

303 1967 431 2006 poterat
450 1984 458 1994 .
486 1959 581 1994 Hinc
606 1959 695 1994 enim
718 1958 974 1993 Christianitatis
1015 1958 1188 1993 Pei-festio·

1252 1970 1314 1995 nus
1338 1957 1434 1994 habet
1457 1972 1464 1991 :
1505 1958 1738 1994 Archidiaconus
1760 1963 1908 2000 accipiens
1933 1958 2065 1993 oblatas
2079 1967 2136 2002 por

301 2022 398 2051 nem,
431 2010 485 2044 seu
508 2008 718 2045 Eucharistiae
731 2008 946 2053 percipiendae
956 2007 1028 2050 jus,
1056 2008 1186 2052 antiqui
1249 2009 1444 2044 subdiaconos
1455 2008 1523 2043 binc
1533 2011 1605 2044 inde
1612 2014 1796 2054 porrigentes
1817 2020 1889 2049 eas,
1913 2013 2132 2051 poenitum-as

301 2060 457 2095 Canones
483 2060 620 2095 titulant
645 2061 918 2094 communionem
945 2070 1021 2094 curn
1049 2058 1186 2093 oblatio·

303 2122 365 2145 ne.
393 2110 516 2145 Omnis
542 2110 621 2145 item
648 2110 786 2143 offerens
812 2108 953 2143 debebat
979 2109 1013 2142 &
1039 2109 1183 2144 sumere:

302 2160 376 2195 Nec
399 2160 489 2196 enim
507 2161 558 2196 uti
582 2159 772 2195 Confistens
783 2159 859 2193 solis
870 2157 1075 2192 orationibus
1090 2183 1101 2199 ‚
1128 2158 1183 2193 sed

301 2211 351 2246 uti
378 2211 544 2246 Perfectus
570 2210 710 2245 debebat
733 2209 789 2253 ipfi
813 2208 970 2244 sacrificio
997 2210 1182 2243 communi-

302 2272 395 2296 care.
423 2261 516 2294 Hinc
539 2271 670 2303 quoque
688 2270 730 2292 ex
750 2259 838 2301 ejus,
866 2259 924 2303 qui
936 2258 1098 2294 Perfectus
1112 2270 1180 2293 non

302 2320 393 2352 erat,
419 2309 556 2345 nomine
584 2319 651 2347 non
680 2307 798 2342 licebat
818 2308 952 2343 offerre.
977 2307 1060 2342 Non
1087 2308 1177 2342 enim

304 2362 369 2395 sine
388 2359 483 2394 causa
504 2356 601 2393 habet
623 2358 779 2402 Liturgia
800 2358 907 2393 saneti
932 2357 1044 2402 Jacobi
1071 2371 1082 2391 .·
1120 2361 1180 2391 Pro

305 2408 528 2455 quibuscumque
551 2409 659 2444 obtulit
666 2418 681 2449 ‚·
707 2418 762 2443 aut
781 2413 815 2442 in
835 2418 931 2443 mente
953 2407 1043 2441 habet
1063 2433 1069 2440 .
1111 2407 1178 2442 Uti

305 2460 407 2496 hodie
428 2470 487 2504 pro
503 2457 820 2497 excommunicatis,
847 2458 893 2493 ita
913 2458 994 2491 olim
1016 2468 1075 2501 pro
1101 2469 1180 2492 cun-

307 2511 365 2547 ctis
386 2511 529 2546 necdum
553 2508 706 2545 perfectis
727 2508 836 2542 offerri
857 2519 926 2542 non
948 2516 1095 2552 poterat,
1122 2519 1183 2542 nec

307 2562 452 2607 ipsorum
472 2560 656 2596 nomen.ad
681 2558 796 2594 Altate
820 2557 948 2593 recitari
970 2574 985 2590 .·
1002 2558 1184 2602 Praecipita-

307 2622 376 2647 tam
396 2610 482 2646 hanc
504 2609 651 2645 nominis
671 2608 897 2644 recitationem
920 2608 1105 2652 graviterin
1118 2607 1185 2651 plu·

308 2659 396 2695 ribus
422 2660 578 2704 Epistolis
597 2660 730 2694 damnat
741 2660 876 2694 Sanctus
888 2658 1092 2702 Cyprianus.
1118 2657 1184 2692 Uti

308 2719 418 2745 tamen
442 2710 543 2745 hodie
563 2710 661 2750 istos,
688 2710 733 2744 ita
754 2709 837 2743 olim
854 2707 915 2741 hos
931 2708 1040 2751 potuit
1050 2708 1185 2741 offerens

309 2759 429 2794 habere
453 2760 486 2793 in
509 2769 619 2795 mente
639 2784 646 2791 .
673 2758 778 2807 Qod
805 2758 894 2793 enim
917 2757 1046 2793 oblatio
1069 2757 1178 2791 nostra

308 2809 408 2844 etiarn
427 2809 600 2844 Haereticis
620 2818 718 2853 atque
730 2807 871 2852 paganis
881 2806 1046 2851 prodeffe,
1069 2808 1104 2842 ἀ
1127 2819 1185 2851 pro

308 2860 381 2904 ipfis
403 2859 498 2902 poffit
519 2858 563 2892 ad
586 2858 746 2893 Divinam
758 2857 980 2893 Clementiam
990 2857 1111 2902 dirigi,
1138 2857 1182 2891 est

309 2909 420 2946 lucida
440 2907 587 2943 doctrina
612 2907 764 2951 Apostoli
786 2908 820 2942 ὃς
844 2908 946 2943 totius
959 2906 1183 2943 Christianita-

311 2960 355 2994 tis
367 2984 376 2994 .
404 2956 578 2993 Walafridi
599 2955 768 2992 Strabonis
788 2967 935 3000 tempore
945 2957 1106 2994 defecerat
1118 2956 1184 2991 haec

311 3009 500 3054 disciplina:
528 3007 621 3042 Hinc
631 3018 746 3042 omnes
756 3008 926 3041 offerentes
938 3019 1004 3041 non
1018 3007 1106 3051 jubet
1119 3018 1186 3051 par-

312 3060 446 3104 ticipare
467 3057 509 3093 de
530 3058 688 3094 sacrificio
702 3082 713 3098 ,
739 3056 793 3091 sed
815 3058 984 3101 dumtaxat
1007 3059 1062 3102 ipfi
1088 3059 1186 3101 usque

313 3110 355 3145 ad
366 3111 467 3144 finem
489 3106 611 3143 adesse.
637 3105 786 3142 Secunda
808 3108 1056 3143 Matisconenfis
1077 3109 1183 3151 Syno-

315 3159 376 3194 dus
398 3158 539 3194 habebat
558 3157 649 3195 hunc
662 3157 858 3195 Canonem:
886 3162 1187 3194 Decernimusutom-

315 3209 401 3242 nibus
426 3213 592 3243 Dominicis
615 3208 721 3243 dicbus
748 3209 858 3242 altaris
880 3208 986 3245 oblatio
1005 3208 1045 3241 ab
1054 3207 1186 3243 omnibus

1245 2058 1301 2102 sub
1310 2061 1434 2101 Alme,
1461 2069 1585 2102 quantae
1593 2060 1696 2101 poffint
1718 2059 1826 2102 populo
1846 2057 2002 2103 [ιωῠσημ
2022 2058 2132 2095 Addit

1247 2109 1505 2145 deordinandis
1531 2109 1674 2144 Clericis
1701 2122 1709 2142 ι
1737 2108 1877 2149 offerant
1901 2109 2062 2143 oblationes
2087 2110 2134 2143 ad

1245 2170 1358 2195 manus
1381 2156 1521 2202 Episcopi
1548 2183 1561 2199 ,
1585 2159 1620 2193 et
1640 2157 1679 2193 ab
1703 2170 1734 2192 eo
1757 2156 1939 2202 consecratas
1963 2163 2130 2201 accipiant.

1250 2209 1389 2245 Easdem
1412 2220 1572 2244 numero.
1597 2208 1690 2243 Hinc
1712 2208 1899 2251 enimipsas
1909 2218 1999 2242 certo
2009 2209 2128 2243 ordine

1247 2257 1392 2301 disponit
1420 2256 1705 2291 Archidiaconus.
1733 2255 1837 2304 Qod
1856 2257 1963 2298 ipsum
1984 2259 2128 2292 servari&

1247 2306 1369 2341 Graecis
1390 2306 1535 2340 ostendit
1565 2306 1699 2342 Simeon
1721 2305 1996 2350 Archiepiscopus
2022 2306 2127 2342 Thes·

1249 2355 1452 2391 salonicenfis
1464 2368 1471 2388 :
1501 2356 1655 2389 Par-ucula
1664 2352 1821 2399 cujusdam
1829 2362 1950 2391 nommev
1956 2355 2125 2398 sanoeopa-

1248 2411 1280 2439 ni
1307 2408 1454 2447 adjacens
1477 2429 1488 2446 ‚
1513 2407 1633 2448 quando
1656 2404 1860 2450 consecratur,
1887 2407 1921 2439 o·
1942 2405 1981 2447 fit
2007 2410 2125 2448 Corpus

1245 2454 1354 2496 Christi
1369 2481 1380 2496 ,
1397 2457 1530 2489 continuo
1537 2454 1781 2500 sanilificationis
1798 2457 1831 2489 ὦ·
1842 2454 1909 2498 ipsa
1914 2454 1952 2497 fit
1959 2461 2125 2498 particeps,

1246 2512 1287 2540 in*
1306 2508 1422 2541 calicem
1443 2508 1515 2539 vero
1536 2506 1620 2549 missa
1638 2503 1779 2550 sanguini
1802 2510 1905 2540 unitur
1930 2529 1938 2537 .
1959 2508 2068 2549 ,Quare
2089 2507 2126 2541 δ’

1245 2561 1356 2590 animae
1369 2581 1379 2597 ,
1391 2565 1446 2598 pro
1459 2567 1521 2599 qua
1532 2555 1632 2589 oblata
1643 2555 1680 2596 ast
1692 2581 1703 2596 ,
1723 2561 1855 2599 gratiam
1866 2554 1979 2596 confert
1988 2580 1997 2588 .
2025 2555 2124 2590 Panis

1246 2607 1437 2649 particulam
1448 2629 1458 2645 ‚
1483 2617 1554 2650 quae
1574 2605 1731 2649 majorem
1746 2605 1884 2639 hostiam
1896 2604 1982 2648 quasi
1994 2606 2123 2649 Regem

1248 2657 1388 2690 Aulicus
1409 2656 1505 2699 stipet
1525 2656 1558 2690 in
1572 2655 1701 2697 Altarl,
1728 2655 1862 2700 quisque
1881 2664 1941 2697 pro
1961 2654 1993 2691 se
2004 2653 2118 2690 offert:

1246 2707 1308 2741 Per
1321 2706 1402 2750 ipsas
1412 2705 1511 2740 Beata
1523 2705 1632 2751 Virgo
1646 2730 1657 2746 ,
1667 2706 1772 2742 sancti
1783 2704 1907 2748 Angeli
1920 2728 1931 2744 ‚
1957 2704 2121 2747 Iustorum

1245 2757 1363 2791 animae
1377 2780 1388 2796 ,
1413 2766 1587 2799 totumque
1599 2754 1732 2790 Christo
1751 2754 1850 2798 capiti
1871 2751 2037 2791 adhaerens.
2062 2754 2127 2789 Ec·

1246 2807 1346 2841 clefiae
1359 2817 1475 2849 corpus
1488 2805 1728 2850 significantur.
1757 2805 1801 2839 Et
1824 2806 1968 2849 perfectae
1989 2805 2124 2840 unionis

1245 2856 1463 2901 fignificandae
1477 2856 1582 2901 gratia
1594 2880 1605 2896 ‚
1631 2854 1763 2900 fingulae
1775 2854 1839 2889 illae
1851 2854 2014 2898 particulae
2030 2864 2125 2889 ‚com-

1246 2907 1415 2942 munionis
1443 2914 1588 2949 tempore
1608 2905 1861 2941 commiscentur
1881 2905 1916 2937 in
1937 2903 2063 2945 calice,
2088 2904 2125 2938 &
2184 2948 2191 2954 ι

1247 2958 1289 2991 fic
1303 2957 1426 3001 populo
1438 2956 1575 2992 dantur.
1602 2956 1714 3002 Qare
1726 2953 1854 2994 videtur
1874 2953 2011 2997 quisque
2036 2955 2126 2990 suam
2169 2961 2171 2964 ⁴

1247 3018 1315 3042 non
1329 3009 1414 3051 posse
1426 3007 1565 3050 recipere
1580 3030 1587 3040 .
1614 3006 1752 3049 Longus
1763 3004 1810 3039 est
1822 3003 2015 3041 Graecorum
2030 3005 2126 3051 fieus

1245 3058 1394 3093 &varius
1406 3081 1416 3097 ,
1442 3067 1502 3092 nec
1514 3055 1607 3098 hujus
1619 3055 1685 3089 loei
1697 3080 1705 3089 .
1967 3073 1969 3075 ·
1996 3067 1998 3069 ’
2014 3061 2017 3065 “

1299 3107 1454 3142 Ττειθιειηι
1479 3105 1583 3141 Graeci
1606 3104 1700 3140 hasce
1721 3103 1902 3148 particulas,
1917 3128 1928 3145 ,
1952 3102 2124 3148 quomodo

1246 3157 1327 3192 olim
1339 3157 1449 3192 Latini
1460 3155 1638 3192 tractabant
1661 3154 1809 3191 oblatum
1832 3155 1970 3194 vinum,
1992 3154 2034 3191 de
2056 3164 2124 3197 quo

1250 3207 1344 3243 Ordo
1366 3208 1555 3242 Romanus:
1583 3205 1813 3240 archidiaconus
1833 3203 1956 3248 fitscipit
1980 3205 2121 3243 amulas,

1272 553 1382 596 clefiam
1394 579 1406 596 ,
1431 559 1483 591 vei
1489 556 1682 601 certidesuis
1696 558 1848 599 Presb5ter
1859 567 2066 596 convenienter
2072 571 2148 604 par·
2165 559 2236 597 C2P·
2259 570 2287 597 9·

2153 1941 2210 1974 Fol-
2222 1953 2234 1974 ι
2242 1954 2270 1981 9.

2153 2135 2211 2167 Fol·
2224 2146 2288 2168 100.

1247 3260 1281 3292 et
1301 3257 1435 3299 refundit
1455 3263 1487 3290 in
1506 3257 1625 3290 calicem
1645 3258 1806 3297 majorem,
1835 3264 1953 3290 tenente
1974 3264 2039 3287 eum
2048 3251 2121 3286 sub·
2140 3237 2200 3270 ¹³⁰¹·
2225 3249 2271 3277 ¹4·

1247 3309 1365 3341 diacono
1387 3311 1582 3351 Regionario,
1608 3317 1693 3349 quem
1708 3305 1845 3350 sequitur
1869 3316 1933 3340 cum
1947 3301 2051 3349 fiypbo
2066 3300 2121 3346 su-

1243 3367 1297 3401 per
1313 3360 1470 3400 planetam
1489 3355 1639 3395 Acohthus
1651 3380 1663 3396 ,
1688 3362 1722 3390 in
1743 3367 1797 3399 quo
1816 3356 1895 3389 calix
1921 3355 2059 3395 impletus
2070 3363 2116 3387 re-

1225 3405 1227 3409 ’
1241 3409 1385 3453 funditur
1405 3433 1413 3440 .
1450 3407 1602 3443 Affirmat
1636 3408 1673 3443 δε
1699 3406 1861 3450 Episcopo
1886 3404 1922 3439 ἀ
1951 3402 2118 3444 Presbyte-

1972 3472 1974 3475 ·
2001 3463 2044 3488 ns
2055 3476 2067 3494 ,

315 3263 394 3292 viris
413 3260 446 3293 (ν
457 3259 625 3294 mulieribus
636 3258 779 3301 offeratur
786 3281 796 3297 ‚
821 3268 884 3293 tam
892 3265 987 3300 panis
998 3260 1089 3301 qusim
1100 3263 1167 3292 vini
1178 3282 1185 3290 .

314 3307 415 3355 Qod
436 3309 599 3350 ipsum-in
621 3310 686 3345 suis
715 3308 960 3352 Capitularibus
980 3308 1186 3344 inculcarunt

313 3355 561 3400 Theodulphus
595 3357 861 3400 Aurelianensis,
885 3360 1086 3394 Hincmarus
1120 3359 1185 3393 Re-

312 3407 451 3451 menfis,
476 3407 642 3446 Hetatdus
667 3409 872 3447 Turonenfis
890 3434 902 3453 ‚
934 3408 1056 3455 aliique
1080 3408 1186 3455 plures
