2372 3756
371 104 462 150 152

304 175 339 208 o·
349 176 429 208 illius
442 179 600 218 imaginem
611 175 661 216 effe
671 174 765 206 dicere
777 198 788 213 ,
813 186 854 207 an
865 180 1021 218 excogitari
1038 175 1115 216 quid
1129 172 1184 211 slo-

295 227 399 259 lidius
409 231 517 267 poterit
532 248 543 264 ‚
568 225 603 258 ὢ·
613 226 689 267 quid
695 230 790 268 magis
796 233 852 266 pro
873 226 1029 258 deridiculo
1045 224 1085 266 fit
1099 225 1111 257 ἓ
1131 222 1183 255 Sa-

714 87 755 135 S.
792 86 1103 134 Gaaooitit
1141 100 1371 132 sutrini
1409 88 1776 137 Pontii-icis

1247 173 1291 206 est
1311 173 1403 206 cibus
1417 199 1426 213 ‚
1453 174 1486 206 δε
1507 175 1638 218 sanguis
1659 187 1749 209 meus
1770 177 1842 210 vere
1861 177 1906 212 est
1928 189 2041 222 potus.
2071 181 2127 214 Vel

1235 234 1312 258 ‚caro
1326 225 1360 256 (τ
1374 221 1522 266 sanguis,
1548 236 1615 265 quae
1638 225 1776 265 crucifixa
1797 226 1858 266 est,
1884 230 1919 261 Θ
1941 236 1993 271 qui
2014 232 2124 263 militii-

303 275 487 309 cro-sanstae
502 273 711 308 Eucharistiae
722 276 890 308 veritatem
908 298 919 314 ,
946 273 1107 317 quidquid
1128 273 1183 306 ali·
1233 259 1351 315 ‘effusus
1365 273 1401 313 est
1412 275 1531 305 lancea.
1552 278 1664 319 Juxta
1678 275 1754 308 hanc
1763 275 1932 317 divifionem
1945 281 2020 312 &in
2046 283 2124 313 san-

300 329 360 372 ,qui
372 325 511 360 scribant
522 349 533 366 ,
543 324 750 359 Iconoclastae
762 336 831 358 non
843 323 1065 368 denegarunt.
1079 321 1181 370 Qod

306 377 362 411 hic
389 376 559 420 profitetur
579 376 682 409 etiam
705 375 771 417 ipse
793 374 926 406 santius
954 372 1182 417 Nicephorus.

306 426 434 461 Verum
445 438 479 461 ut
495 427 560 460 sese
571 424 613 459 ab
623 425 716 459 omni
729 422 851 457 Christi
875 423 1019 457 Domini
1040 423 1183 465 imagine

306 489 375 511 non
395 478 523 511 alienos
547 473 828 513 demonstrarent,
854 473 1061 507 adseruerunt
1085 472 1184 514 ipsam

305 527 363 562 fibi
388 529 451 562 esse
472 528 505 560 in
533 525 597 560 hoc
625 523 799 557 tremendo
823 522 980 567 mysterio
1003 536 1014 556 .·
1052 519 1184 564 Utpote

304 577 394 622 quod
406 577 463 613 fibi
474 577 551 611 esset
564 575 596 608 ἀ
610 574 727 608 veritas
738 573 769 606 ὃ(
782 573 885 620 figura
898 597 904 604 .
932 572 1047 606 Hocce
1060 571 1185 615 dogma

310 639 460 672 porenter
473 629 645 669 impugnat
658 622 805 657 laudatus
829 621 1032 660 patriarcha,
1057 622 1088 666 ὃς
1109 632 1186 653 con·

303 678 427 714 cludit:
456 681 522 709 Nos
544 685 632 717 neque
645 678 802 717 imaginem
818 697 829 713 ,
856 683 948 714 neque
960 672 1085 715 figuram
1099 672 1181 703 illius

304 733 432 770 corporis
459 725 522 760 haec
544 727 690 765 dicimus,
715 725 781 757 licet
802 722 951 766 symbolice
973 721 1164 762 conficiantur
1177 744 1186 760 ,

302 778 359 822 sed
382 776 478 821 ipsum
504 775 614 816 christi
633 782 734 816 corpus
757 772 934 814 Delficatum
961 795 966 800 .
998 772 1085 804 illius
1107 778 1187 804 enim

302 830 429 863 dicentis
442 838 502 860 vox
525 825 585 867 cst:
613 825 684 858 Nisi
695 821 971 858 manducaveritis
993 831 1122 855 carnem
1145 821 1182 854 Fi

305 880 342 912 lii
356 877 501 912 hominis
518 899 529 917 ,
554 875 588 908 &
608 874 757 909 biberitis
780 872 848 915 ejus
872 870 1087 916 sanguinem,
1114 883 1182 904 non

304 928 467 962 habebitis
495 927 594 959 vitam
615 924 650 957 in
673 923 767 957 vobis
788 946 795 952 ·
821 930 884 958 Hoc
906 928 997 955 etiam
1018 920 1181 964 Discipulis

300 978 483 1014 exhibebat,
512 973 684 1016 Accipite,
712 971 1035 1016 manducatecorpus
1047 983 1181 1012 meum,

302 1031 402 1060 dicens
416 1050 425 1065 ,
454 1038 521 1059 non
543 1023 725 1068 imaginem
747 1024 894 1065 corporis
917 1023 980 1056 mei
994 1047 1001 1054 .
1029 1023 1180 1065 ,Quemad-

300 1079 419 1112 modum
431 1069 508 1112 enim
519 1087 556 1108 ex
572 1072 662 1117 sacra
685 1077 805 1117 Virgine
826 1084 944 1106 carnem
963 1082 1017 1114 per
1039 1076 1180 1115 spiritum

307 1127 449 1161 sanc‘lum
461 1123 735 1168 fibiipfisubstituit
751 1148 758 1156 .
785 1125 830 1156 Et
835 1123 866 1164 fi
870 1131 943 1165 opus
956 1122 994 1163 est
1015 1135 1053 1156 ex
1074 1123 1178 1163 nostris

302 1189 415 1220 quoque
426 1178 459 1209 id
470 1185 615 1218 exponere
625 1200 634 1215 ,
662 1174 907 1217 quemadmodum
922 1180 1013 1214 panis
1028 1175 1061 1207 (9·
1075 1179 1179 1205 vinum

300 1231 425 1270 &aqua
439 1227 618 1260 naturaliter
631 1231 662 1257 in
684 1233 788 1265 corpus
812 1226 844 1258 (Ἰ
866 1222 1038 1267 sanguinem
1061 1226 1177 1256 edentis

299 1290 334 1311 ac
361 1278 488 1311 bibentis
517 1273 758 1318 tranfinutantur
781 1299 790 1314 ‚
829 1285 920 1315 neque
945 1275 1069 1306 dicimus
1094 1274 1180 1304 aliud

300 1337 403 1370 corpus
428 1325 582 1369 diversum
604 1328 623 1356 ἃ
641 1332 739 1366 primo
754 1323 820 1365 fieri
833 1347 843 1363 ,
869 1330 913 1355 ita
938 1325 971 1356 (5
994 1322 1058 1355 haec
1076 1321 1173 1364 supet-

297 1380 481 1414 naturaliter
503 1382 685 1409 invocatione
709 1377 831 1408 Sacrum
845 1373 1020 1414 facientes,
1049 1374 1082 1405 ᾧ·
1103 1375 1178 1404 san-

298 1430 480 1469 &Spiritus
504 1428 640 1463 adventu
663 1430 695 1455 in
718 1418 819 1464 corpur
842 1425 875 1456 ζῆ·
889 1421 1065 1465 sanguinem
1091 1421 1177 1454 chri·-

288 1479 330 1521 sti
350 1477 591 1520 transmutantur
614 1500 620 1507 .
653 1479 794 1514 Namque
818 1472 868 1504 hoc
883 1480 987 1514 petilio
1011 1475 1174 1505 Sacerdotis

293 1534 442 1560 continet.
471 1530 516 1558 Et
539 1537 596 1557 non
617 1526 671 1556 duo
696 1524 890 1566 intelligimus
913 1548 922 1562 ,
944 1521 1005 1564 scd
1028 1534 1118 1555 unum
1143 1535 1177 1555 ac

291 1582 372 1613 idem
388 1578 454 1619 fieri
475 1577 640 1609 credimus.
669 1575 749 1607 Non
775 1574 941 1607 veritatem
965 1572 1056 1606 simul
1078 1584 1115 1606 ac
1142 1574 1177 1605 fi-

290 1640 407 1672 guram
423 1653 432 1668 ‚
463 1628 515 1661 sed
540 1627 641 1659 solam
658 1624 826 1658 veritatem
843 1649 849 1655 .
880 1623 1004 1658 Eodem
1018 1622 1118 1656 modo
1134 1624 1176 1654 lo-

292 1681 404 1722 quitur
428 1680 461 1710 in
482 1675 702 1719 Mystagogiae
737 1674 944 1715 expositione
980 1674 1086 1706 saneti
1117 1672 1175 1705 Ni-

287 1727 426 1771 cephori
449 1728 482 1759 in
507 1725 621 1769 Regiae
646 1723 784 1756 civitatis
797 1723 961 1759 Cithedra
977 1724 1080 1755 socius
1094 1723 1176 1755 San-

289 1781 358 1813 &us
371 1779 575 1816 Germanus,
602 1774 724 1815 aliique
742 1776 891 1806 adversus
903 1772 1173 1806 iconoclasticam

292 1827 436 1863 haerefim
457 1827 656 1869 Seriptores.
686 1823 851 1856 Videntur
875 1824 976 1856 solam
999 1824 1172 1856 Dominici

289 1875 662 1922 corporis&sanguinis
675 1873 884 1908 substantiam
910 1874 943 1906 in
973 1872 1173 1906 Eucharistia

291 1931 415 1974 figere,
442 1926 778 1963 &transmutatorum
802 1924 1091 1957 sacramentalium
1113 1923 1175 1956 ele-

283 1989 481 2015 ·meutorum
495 1976 635 2014 residua,
660 1975 836 2019 qua‘istam
859 1973 1040 2008 obvolvant
1062 1984 1100 2007 ac
1124 1984 1176 2006 ve-

291 2031 360 2063 lent
372 2056 382 2070 ‚
410 2026 593 2062 accidentia
606 2025 766 2068 denegare
778 2049 785 2056 .

347 2080 388 2112 Et
402 2080 479 2112 istos
488 2078 665 2119 Scriptores
678 2075 788 2120 legiffe
801 2098 811 2114 ,
838 2086 876 2107 ac
889 2075 1057 2107 aemulatus
1068 2075 1129 2109 effe
1141 2071 1173 2105 in

291 2132 358 2165 suis
383 2128 535 2161 adversus
560 2126 735 2169 Erigenain
762 2123 927 2166 opusculis
954 2123 1082 2157 videtur
1109 2122 1174 2156 Ve-

290 2178 447 2216 nerabilis
469 2175 655 2210 Paschasius
668 2173 840 2209 Ratbertus
852 2197 859 2205 .
887 2174 981 2207 Hinc
994 2173 1078 2207 male
1089 2173 1175 2216 apud

296 2230 419 2266 multos
441 2228 563 2261 audiit.
592 2226 680 2259 Nam
705 2225 736 2258 &
759 2224 799 2257 de
818 2223 881 2257 isto
894 2223 1113 2265 erroreipsum
1127 2232 1176 2255 ac—

294 2279 420 2316 cusavit
433 2276 666 2321 Berengarius.
688 2275 847 2318 Purgavit
858 2286 933 2308 vero
944 2274 1079 2309 Sanctus
1090 2273 1174 2306 Lan-

298 2334 447 2366 srsncus.
475 2324 649 2374 Qidquid
671 2326 708 2358 fit
733 2349 743 2364 ‚
768 2323 824 2357 alii
848 2324 1002 2358 videntur
1023 2321 1110 2356 hunc
1130 2332 1177 2355 et-

299 2390 406 2416 xorem
429 2389 508 2411 tunc
530 2378 563 2410 in
587 2374 695 2409 Gallia
716 2373 880 2408 docuiffe.
909 2375 1003 2408 Hinc
1022 2373 1111 2407 enim
1123 2383 1174 2415 pu-

299 2432 438 2466 blicatus
461 2440 516 2471 per
539 2426 749 2460 Ludovicum
775 2424 956 2458 Cellotium
970 2422 1095 2456 Austor
1107 2421 1176 2455 scri-

304 2482 354 2516 bit
368 2493 378 2513 .·
405 2483 451 2511 De
472 2476 596 2517 mysterio
619 2481 745 2517 corporis
768 2476 802 2508 (5
815 2473 974 2518 sanguinis
986 2475 1179 2513 Dominiqui·

301 2532 376 2564 dam
399 2531 500 2562 dicum
522 2529 600 2560 idem
621 2527 673 2570 effe
694 2525 774 2567 quod
777 2523 906 2567 fiimitur
917 2526 953 2557 de
965 2523 1081 2564 Altari,
1103 2523 1181 2563 quod

299 2583 334 2615 (δ’
356 2580 434 2614 illud
452 2582 534 2621 quod
551 2586 656 2610 natum
682 2575 720 2614 est
746 2576 785 2608 de
811 2580 932 2619 Virgine
952 2585 966 2615 ;
1004 2574 1057 2607 alii
1082 2581 1180 2605 autem

302 2640 434 2675 negant,
461 2631 496 2662 (9·
516 2629 619 2661 dicunt
637 2627 724 2659 aliud
744 2626 797 2668 effe
810 2649 817 2656 .
844 2625 982 2668 ,Quidam
1006 2633 1107 2655 autem
1118 2623 1181 2654 dta-

303 2681 396 2716 bolica
415 2678 609 2722 inspiratione
630 2675 838 2719 blasphemant
847 2674 961 2718 seceffui
974 2672 1179 2713 obnoxiumfo-

305 2742 356 2764 re.
383 2729 513 2768 Prima,
541 2739 610 2770 quae
632 2724 789 2760 Paschifii
812 2723 1180 2763 Ratbetticredebatur‚

304 2779 469 2817 sententia
490 2776 696 2812 adseverabat
718 2777 822 2819 ipsum
837 2799 847 2814 ‚
873 2776 942 2808 fine
965 2776 1183 2809 Sacramenta-

305 2829 394 2864 libus
413 2827 591 2863 involucris
613 2827 741 2867 solum,
767 2825 785 2859 ὲ
810 2825 951 2870 Virgine
974 2834 1089 2858 natum
1099 2823 1181 2857 acin

306 2890 403 2918 eruce
426 2878 549 2920 paffurn
570 2877 712 2909 Domini
738 2887 854 2917 corpus
877 2876 939 2910 effe
965 2875 1000 2908 in
1026 2873 1184 2907 Euchari-

307 2930 388 2964 ssia:
416 2929 488 2962 Este
512 2926 583 2960 istic
603 2927 749 2966 nudum,
779 2925 1001 2959 nulloteimrn
1013 2924 1108 2964 velo,
1136 2923 1184 2956 uti

309 2977 413 3015 fuerat
434 2979 470 3012 in
482 2976 668 3022 Virgine&
681 2987 793 3009 cruce.
823 2973 936 3009 Altera
951 2975 1108 3009 sententia
1120 2982 1186 3006 erat

309 3028 443 3067 Rabani
470 3026 582 3068 Mauri
604 3051 610 3057 .
649 3027 692 3059 Et
720 3025 823 3068 ipsam
845 3036 915 3058 non
948 3025 1058 3067 culpat
1083 3022 1185 3056 dietus

306 3081 454 3115 Austot.
481 3073 701 3112 Solummodo*
712 3076 843 3118 culpat,
871 3073 960 3118 quod
972 3074 1026 3108 ille
1055 3073 1186 3108 adderet

312 3130 455 3164 velantes
483 3127 600 3170 species
624 3125 712 3159 abire
738 3127 773 3158 in
800 3125 966 3158 secessum.
1000 3124 1043 3158 Et
1070 3122 1187 3157 merito

313 3179 421 3222 priora
446 3177 561 3220 probat
581 3199 589 3208 .
616 3175 751 3209 Etenim
767 3173 892 3218 phrasin
915 3175 1007 3208 istam
1033 3173 1187 3208 Rabanus

312 3227 440 3269 accepit
458 3238 497 3260 ex
516 3226 623 3262 Sancti
635 3225 835 3267 Hieronymi
847 3225 1085 3258 commentario
1097 3225 1187 3266 super

314 3276 542 3319 Apostolicam
566 3276 605 3311 ad
630 3274 784 3319 Ephesios
798 3274 1000 3317 Epistolam:
1026 3275 1187 3314 Dupliciter

313 3325 436 3371 sanguis
465 3326 574 3365 Christi
594 3328 627 3359 (Ὗ
648 3336 714 3358 caro
736 3325 908 3368 intelligitur
929 3349 936 3356 .
964 3324 1115 3365 spiritalis
1134 3323 1187 3355 illa

317 3385 408 3426 atque
431 3378 567 3418 Divina,
592 3376 628 3413 de
641 3373 769 3422 quaipfit
781 3375 887 3414 dinit,·
914 3374 1001 3411 Caro
1025 3384 1097 3414 inea
1113 3371 1185 3411 vere

1246 324 1299 354 elis
1311 324 1375 362 ejus
1389 322 1546 363 diverfitas
1557 322 1713 368 sanguinis
1727 329 1760 360 (3
1773 333 1875 359 carnis
1896 334 2038 369 accipient
2047 354 2067 369 ‚.
2085 338 2122 362 ut

1245 371 1307 405 alia
1313 370 1350 412 fit
1357 384 1424 407 caro
1438 397 1448 414 ,
1473 385 1542 415 quae
1555 373 1658 416 visura
1667 375 1704 414 est
1716 377 1850 410 salutare
1862 380 1941 418 Dei,
1969 378 2032 410 alia
2053 390 2122 412 cara

1246 421 1411 467 &sanguis
1421 448 1432 463 ‚
1459 435 1525 466 quae
1539 428 1673 468 Regnum
1686 427 1741 458 Dei
1759 437 1816 458 non
1837 435 1947 469 queant
1963 429 2099 469 poffidere
2110 454 2120 461 .

1248 473 1328 505 Haec
1342 474 1533 508 Sanstorum
1544 486 1620 511 cato
1632 476 1665 509 ὅ(
1684 476 1814 519 sanguis
1825 476 1897 512 sunt
1923 478 2039 511 nostris
2060 481 2123 512 ori-

1244 521 1431 567 ginalibus,
1460 525 1588 566 plenam
1606 538 1683 559 cum
1696 527 1944 570 immortalitate
1962 527 2122 571 justitiam

1233 572 1379 611 ,sibinen
1393 575 1688 616 compatientibus,
1717 577 1804 610 vitiis
1815 588 1852 610 ac
1873 577 2124 612 infirmitati-bus

1231 613 1414 667 'gravatum
1430 647 1440 663 ,
1469 625 1527 658 ista
1543 625 1734 659 Sanstorum
1748 639 1822 660 caro
1834 628 1867 661 &
1892 628 2021 672 sanguis
2044 629 2123 662 sunt

1246 671 1345 715 plenae
1355 673 1484 715 justitiae
1498 686 1535 708 ac
1549 676 1804 711 immortalitatis
1814 676 1946 712 dotibus
1966 689 2122 713 ornatum

1245 734 1362 767 corpus
1375 748 1385 763 ,
1414 723 1553 769 ideoque
1568 737 1635 759 non
1648 726 1776 762 carnale
1796 729 1937 772 amplius
1948 753 1958 769 ‚
1987 728 2039 762 sed
2068 738 2122 771 pet

1245 775 1356 807 omnia
1370 773 1531 817 spiritale.
1561 776 1642 811 Non
1655 777 1859 812 demutatum
1888 779 1920 811 in
1949 778 2094 822 spiritum
2108 801 2121 819 ,

1247 822 1299 857 sed
1312 825 1437 867 spiritui
1453 826 1635 869 plenissime
1656 827 1830 871 subjedum
1845 853 1852 860 .
1881 828 1961 862 Haec
1981 840 2131 872 corpora,

1245 874 1480 908 nondifferunt
1490 875 1689 918 substantia,
1717 876 1770 912 sed
1790 878 1861 912 solo
1884 878 1987 913 modo
2011 879 2046 912 δε
2071 889 2122 912 ac-

1243 923 1393 958 cidente.
1419 925 1502 960 Sunt
1515 927 1628 960 eadem
1639 929 1782 971 ejusdem
1794 954 1803 969 ‚
1832 940 1886 972 pet
1913 929 2036 962 Adami
2049 939 2123 971 pec-

1243 984 1352 1007 catum
1364 973 1549 1012 deformatae
1562 1001 1572 1017 ‚
1600 978 1633 1011 ὅ(
1650 990 1706 1023 per
1719 977 1840 1012 Christi
1851 978 2008 1020 justitiam
2021 979 2120 1013 refor-

1243 1035 1335 1058 matae
1345 1027 1450 1058 carnis
1463 1024 1660 1060 substantia.
1687 1028 1791 1074 Qod
1804 1029 1908 1071 ipsum
1927 1028 2058 1063 obtinet
2082 1029 2120 1062 in

1242 1075 1471 1109 sacramentali
1485 1076 1773 1119 ChristiDomini
1793 1089 1910 1118 carne,
1937 1078 1971 1114 &
1993 1089 2123 1113 natura-

1243 1125 1282 1157 li.
1312 1126 1392 1158 Haec
1407 1127 1585 1168 corporalis
1599 1138 1695 1170 atque
1710 1127 1851 1161 humana
1862 1152 1872 1169 ‚
1895 1127 1950 1162 illa
1962 1129 2121 1172 spiritalis

1240 1173 1285 1207 est
1296 1186 1393 1218 atque
1407 1176 1530 1210 Divina
1543 1190 1554 1209 s
1582 1178 1663 1213 Non
1674 1177 1847 1213 substantia
1857 1202 1870 1220 ‚
1896 1177 1949 1213 sed
1959 1177 2123 1213 existendi

1241 1224 1341 1258 modo
1354 1236 1450 1271 atque
1470 1227 1641 1262 accidente
1653 1253 1660 1260 .

1290 1275 1394 1308 Sancti
1423 1276 1629 1319 Hieronymi
1649 1275 1771 1320 phrasin
1792 1279 1921 1322 usurpat
1932 1278 2032 1313 etiam
2043 1280 2122 1313 San-

1239 1327 1305 1358 stus
1333 1325 1554 1369 Augustinus.
1586 1327 1719 1361 Etenim
1743 1329 1775 1360 in
1801 1328 2008 1364 Trac‘iatibus
2030 1330 2121 1372 supet

1240 1375 1344 1409 Smffi
1367 1376 1503 1417 Joannis
1531 1375 1747 1420 Evangelium
1776 1378 1886 1411 scribit
1913 1379 1954 1412 de
1980 1378 2123 1421 Caphar-

1241 1426 1338 1458 naitis
1362 1425 1563 1459 Erronibus:
1591 1429 1722 1460 Carnem
1734 1425 1775 1468 fic
1799 1428 2030 1467 intellexerant,
2054 1439 2123 1471 quo·

1240 1476 1323 1508 modo
1349 1481 1383 1508 in
1405 1477 1552 1519 cadavere
1574 1478 1762 1516 dilaniatur,
1792 1486 1845 1510 aut
1866 1486 1900 1511 in
1919 1480 2037 1511 macello
2047 1491 2121 1511 van—

1241 1528 1346 1564 ditur,
1374 1537 1432 1558 non
1455 1528 1596 1568 quomodo
1614 1526 1726 1569 spiritu
1737 1536 1904 1571 vegetatur.
1932 1529 2000 1561 Suae
2011 1530 2120 1562 carnis

1243 1578 1272 1608 in
1289 1576 1499 1611 sacramento
1510 1575 1716 1612 existentiam
1735 1577 1942 1611 crediderunt
1960 1578 1977 1611 a
2001 1578 2122 1612 Domi-

1219 1650 1222 1651 ⁷
1242 1638 1284 1659 no
1296 1626 1460 1669 praedicari
1475 1650 1486 1666 ,
1513 1638 1580 1659 non
1593 1627 1769 1670 spiritalem
1782 1639 1880 1672 atque
1900 1627 2116 1672 invisibilem,

1240 1675 1291 1709 sed
1321 1676 1502 1710 naturalem
1537 1676 1570 1710 &
1593 1677 1795 1720 corporalem
1816 1701 1827 1717 ,
1863 1677 2004 1722 ideoque
2031 1675 2118 1712 istud

1239 1727 1361 1770 dogma
1382 1724 1623 1760 abhorruerunt
1646 1726 1693 1760 uti
1718 1727 1914 1763 barbariem.
1943 1727 2047 1775 Qiod
2072 1729 2120 1771 ip-

1239 1777 1306 1809 sum
1331 1777 1364 1810 &
1389 1776 1596 1821 Augustinus
1615 1777 1648 1811 &
1669 1776 1724 1810 alii
1738 1777 1990 1812 Patresttadunt
2004 1779 2036 1811 in
2051 1778 2120 1821 plu-

1239 1827 1327 1860 ribus
1339 1827 1440 1860 locis.
1467 1825 1625 1871 Quaedam
1638 1826 1816 1872 Augustini
1839 1828 1912 1862 loca
1933 1827 2057 1861 adduxi
2082 1829 2119 1862 in

1239 1876 1459 1919 superioribus
1474 1901 1481 1908 .
1509 1876 1613 1910 Porro
1636 1876 1829 1921 adscriptam
1849 1876 2018 1911 Paschafio
2039 1877 2119 1912 Rat-

1240 1927 1331 1960 berto
1344 1927 1536 1960 sententiam
1560 1925 1600 1960 de
1628 1927 1690 1961 isto
1709 1938 1817 1961 errore
1838 1928 1949 1962 nullus
1970 1938 2118 1970 unquam

1239 1977 1400 2011 accusavit
1415 2001 1422 2009 .
1451 1977 1540 2010 Inter
1552 1974 1642 2010 hunc
1655 1977 1799 2021 &ipsam
1811 1978 1875 2012 fuit
1887 1977 2010 2022 grande
2022 1980 2121 2011 inter-

1239 2027 1380 2061 vallum.
1409 2027 1579 2060 Error-iste
1600 2027 1751 2061 credebat
1773 2028 1916 2062 Domini
1936 2038 2054 2070 corpus
2082 2028 2117 2061 in

1240 2085 1342 2120 partes
1367 2075 1561 2109 laniandum
1583 2076 1601 2108 a
1620 2076 1824 2110 sumentibus
1847 2100 1858 2116 ,
1883 2078 1916 2111 δε
1939 2076 1982 2111 fic
2003 2075 2118 2110 voran-

1239 2127 1319 2161 dum
1332 2138 1346 2167 ;
1371 2126 1458 2159 dista
1468 2125 1628 2159 sententia
1652 2125 1843 2161 adfirmabat
1861 2128 1966 2170 ipsum
1985 2127 2049 2161 effe
2069 2137 2118 2160 to·

1238 2188 1309 2210 tum
1325 2177 1359 2209 in
1373 2185 1448 2209 toto
1459 2198 1469 2214 ‚
1494 2174 1527 2209 δε
1538 2184 1647 2209 totum
1658 2175 1692 2210 in
1705 2176 1850 2220 qualibet
1863 2177 2007 2220 mysterii
2021 2177 2117 2218 parti-

1237 2228 1308 2261 cula
1323 2248 1333 2264 ,
1357 2236 1390 2259 at
1403 2225 1529 2259 nudum
1540 2225 1604 2258 line
1614 2225 1906 2260 Sacramentalibus
1918 2225 2115 2267 involucris,

1239 2277 1285 2310 uti
1299 2277 1403 2309 fuerat
1417 2275 1450 2308 in
1465 2273 1574 2308 matris
1585 2285 1698 2312 utero,
1723 2276 1807 2308 acin
1821 2274 1968 2318 patibulo
1992 2276 2113 2311 crucis.

1239 2327 1282 2360 Et
1293 2324 1338 2359 ob
1351 2324 1434 2358 hanc
1447 2323 1550 2358 solam
1563 2324 1808 2359 involucrorum
1819 2326 2034 2359 differentiam
2057 2326 2116 2359 alii

1238 2387 1319 2410 tunc
1341 2375 1574 2415 adfirmatum,
1601 2374 1831 2418 aliinegarunt
1856 2375 1958 2417 ipsum
1981 2375 2022 2408 de
2043 2375 2118 2409 Vir·

1238 2428 1316 2470 gine
1330 2435 1443 2458 natum
1455 2424 1537 2457 acin
1548 2435 1644 2459 cruce
1654 2425 1778 2469 paffum
1789 2436 1908 2468 corpus
1931 2425 1994 2460 effe
2017 2426 2119 2460 etiam

1237 2477 1271 2511 in
1284 2476 1494 2509 sacramento
1504 2499 1511 2506 .
1768 2480 1775 2485 ·

1288 2524 1445 2568 Uterque
1467 2523 1623 2566 loquendi
1644 2524 1763 2559 modus
1786 2525 1850 2558 suis
1873 2526 1989 2560 nititur
2005 2525 2118 2560 funda-

1239 2575 1360 2609 mentis
1374 2599 1384 2615 ,
1405 2574 1529 2608 dudum
1551 2576 1662 2618 viguit
1686 2575 1771 2618 apud
1794 2576 1974 2616 Ecclesiae,
1999 2577 2033 2610 &
2053 2577 2118 2610 fuit

1240 2625 1407 2659 familiaris
1416 2625 1515 2658 etiam
1529 2625 1645 2658 Sancto
1657 2625 1864 2670 Augustino.
1892 2626 2039 2658 Priorem
2060 2623 2116 2659 hic

1243 2676 1416 2719 usurpatin
1433 2675 1633 2720 nonagesimi
1646 2677 1751 2709 octavi
1773 2674 1893 2708 Psalmi
1916 2685 2117 2709 commenta-

1242 2726 1312 2760 rio.
1343 2726 1483 2760 Versum
1504 2749 1515 2765 ,
1551 2727 1679 2758 Adorate
1698 2723 1861 2767 flabellum
1885 2726 1998 2766 pedum
2024 2726 2116 2766 ejus,

1243 2777 1356 2810 multis
1368 2776 1489 2816 versat,
1517 2774 1599 2809 istud
1615 2774 1786 2808 scabellum
1810 2774 1954 2809 ostendit
1976 2774 2038 2809 este
2059 2785 2117 2808 ter-

1244 2839 1310 2860 ram
1326 2851 1336 2866 ,
1362 2838 1398 2859 ac
1414 2827 1517 2870 pergit
1532 2839 1541 2858 .-
1569 2824 1734 2858 ΡΙιιΗιιωη
1747 2833 1883 2858 converto
1903 2836 1950 2857 me
1968 2825 2012 2856 ad
2030 2823 2118 2856 Chri·

1239 2877 1317 2918 stum
1331 2901 1342 2917 ,
1368 2879 1532 2909 &invenio
1544 2899 1555 2915 ‚
1578 2874 1782 2917 quomodofine
1806 2880 1961 2915 impietate
1979 2875 2118 2907 adoretur

1246 2938 1326 2959 terra
1340 2951 1350 2966 ‚
1366 2968 1368 2970 v
1371 2925 1434 2968 fine
1444 2932 1596 2968 impietate
1607 2926 1742 2957 adoretur
1747 2923 1907 2967 scabellum
1932 2925 2040 2967 pedum
2062 2928 2120 2956 Do-

1247 2982 1320 3009 mini
1334 3001 1339 3008 .
1368 2975 1498 3020 Suscepit
1510 2980 1587 3008 enim
1599 2976 1636 3007 de
1646 2981 1727 3007 terra
1737 2983 1849 3007 terram
1859 2999 1867 3006 .
1894 2976 1980 3018 ,Quia
1998 2985 2065 3007 caro
2080 2975 2119 3007 de

1248 3038 1329 3060 terra
1340 3027 1376 3068 eft
1389 3051 1399 3067 ,
1426 3028 1458 3060 (θ’
1478 3028 1515 3058 de
1533 3035 1619 3058 carne
1641 3027 1750 3057 Μανία
1771 3035 1891 3056 carnem
1911 3030 2020 3065 accepit
2036 3049 2042 3056 .
2072 3028 2119 3056 Ee

1250 3082 1320 3119 quia
1334 3083 1365 3109 in
1379 3076 1442 3119 ipsa
1453 3086 1539 3108 carne
1551 3074 1600 3106 bic
1609 3073 1779 3107 ambulavit
1792 3098 1802 3113 ‚
1829 3076 1863 3107 (5
1881 3073 1978 3117 ipsam
1999 3084 2119 3108 carnem

1249 3126 1583 3159 nobitmanducandam
1603 3122 1776 3166 adsalutem
1788 3124 1871 3156 dedit
1885 3148 1895 3163 ,
1922 3136 2005 3157 nemo
2022 3131 2121 3157 autem

1249 3177 1332 3209 illam
1356 3188 1475 3210 earnem
1497 3176 1660 3207 manducat
1681 3198 1690 3213 ,
1729 3171 1781 3218 nifi
1812 3176 1901 3214 prius
1926 3175 2120 3212 adoraverit,

1250 3232 1406 3259 inventum
1424 3226 1463 3264 est
1500 3225 1744 3266 quemadmodum
1769 3225 1903 3256 adoretur
1930 3225 1991 3257 tale
2011 3222 2122 3266 scabel-

1249 3277 1311 3309 lum
1326 3278 1440 3318 pedum
1467 3279 1583 3307 Domini
1608 3299 1617 3314 ,
1645 3276 1678 3307 (5⁸
1702 3286 1759 3307 non
1777 3272 1873 3316 solum
1892 3285 1950 3307 non
1967 3283 2122 3316 peccemus

1249 3327 1419 3366 adorando,
1440 3324 1499 3367 sed
1516 3333 1665 3366 peccemus
1694 3336 1751 3357 non
1777 3325 1929 3356 adorando
1950 3347 1958 3355 .
1997 3321 2124 3356 Lucida

1249 3375 1366 3410 adserit
1393 3376 1496 3420 ipsam
1522 3373 1563 3410 de
1590 3373 1731 3419 Virgine
1763 3384 1873 3408 natam
1908 3383 2037 3410 carnem
2064 3372 2129 3408 esse

2044 3433 2081 3456 in

2134 1462 2224 1494 Trast
2237 1470 2298 1497 -72α,
