2372 3756
414 97 503 153 198

929 91 1565 141 DissERTA-rxo

331 180 459 217 adorari
483 181 516 213 in
546 177 652 214 altari.
682 175 832 215 Affirmat
854 178 1039 213 Dominum
1063 176 1081 210 ὲ
1107 176 1219 220 Magis
1278 180 1422 208 Dominus
1434 176 1518 208 dedit
1532 200 1543 217 ‚
1564 174 1769 219 sedquoniam
1788 184 1872 221 prior
1891 189 1993 217 cam),
2010 192 2119 217 natura
2141 186 2160 220 3

333 231 426 269 fuisse
437 228 608 265 adoratum
621 230 656 262 in
671 229 796 275 praesepi
813 254 819 261 .
849 228 924 263 Ubi
938 240 1016 263 nota
1034 225 1217 269 Theophy·

334 281 473 321 laetum,
500 280 555 327 qui
567 280 671 313 asserit
689 279 722 314 id
735 281 855 313 fastum
875 280 961 313 intra
983 276 1152 312 Bethleem
1182 276 1214 309 in

332 331 437 368 domo
448 355 458 370 ,
484 330 503 364 ὲ
515 331 573 364 suo
584 328 826 373 Chrysostomo
839 328 1021 363 discedere.

383 381 518 415 Sandius
530 379 672 427 Joannes
686 380 798 413 eadem
811 379 908 412 docet
922 378 956 410 in
973 387 1068 411 tomo
1078 377 1212 409 octavo.

333 432 468 468 Etenim
479 431 513 467 in
526 430 768 475 quadragefima
783 430 871 462 sexta
883 429 976 471 super
990 426 1098 461 Sanc'ti
1122 425 1218 467 Joan·

332 482 384 519 nis
395 481 613 527 Evangelium
627 478 763 513 homilia
776 477 908 511 extollit
922 476 1068 521 quinque
1092 485 1216 519 panum

330 531 556 567 admirandam
582 528 893 572 multiplicationem
916 551 928 569 ,
955 527 1093 561 affirmat
1112 525 1214 569 ipsam

331 581 514 628 praeceffiffe
540 579 581 615 ad
606 578 721 614 nostrae
743 577 778 612 in
812 576 1076 612 Eucharisticum
1098 575 1215 618 myste-

329 633 415 667 rium
427 630 503 665 fidei
525 629 701 673 parandam
722 628 828 668 viam,
859 626 956 670 hujus
977 625 1146 659 veritatem
1170 624 1217 659 lu-

328 681 401 718 cide
416 682 449 715 &
463 679 572 724 ample
583 678 700 720 docet,
726 690 765 713 ac
793 678 917 726 pergit:
944 674 1078 715 christus
1101 685 1133 709 ut
1153 686 1213 708 ma-

319 734 386 778 jori
406 742 457 763 nos
469 729 621 767 charitate
646 728 865 773 adstringeret,
892 737 949 760 non
966 724 1000 769 se
1025 725 1142 759 tantum
1165 731 1214 761 vi-

326 783 392 818 deri
397 780 532 826 permisit
552 779 789 821 defiderantibus
802 802 813 818 ,
834 776 893 820 sed
920 778 953 810 (θ’
979 777 1114 819 tangi&
1127 787 1213 811 man·

324 833 448 873 ducati,
476 831 624 867 &dentes
639 834 722 865 carni
728 827 792 871 suae
814 827 922 870 infigi,
947 830 974 862 ei
994 826 1150 871 copulari,
1177 827 1211 862 ὦ·

318 880 371 929 sui
397 880 531 926 desiderio
553 879 791 923 omnes‘impleri
813 901 820 911 .
848 877 970 910 Coram
996 876 1143 913 Nicolao
1169 877 1210 910 se-

318 932 435 967 cundo
457 932 538 965 fasta
561 929 748 973 Berengarii
769 927 919 972 profeffio
942 938 1011 960 non
1026 926 1209 970 poffitluci-

323 981 469 1016 dioribus
480 979 583 1016 verbis
599 979 732 1016 stabiliri
755 1004 761 1011 .
793 977 919 1011 Eadem
940 974 1078 1011 homilia
1097 977 1207 1013 laudat

1277 236 1358 258 terra
1375 224 1468 266 ficJa,
1493 226 1513 257 ἃ
1530 233 1651 266 peccato
1665 229 1754 268 prius
1775 238 1869 262 morte
1890 242 1955 265 erat
1965 233 2073 274 affec‘la
2086 258 2097 275 ,
2122 237 2157 269 (⁰5

1278 280 1345 307 vita
1361 281 1510 316 privata,
1539 277 1631 308 aliam
1653 301 1663 317 ‚
1690 287 1723 310 ut
1751 283 1795 310 ita
1818 279 1917 313 dicam
1939 303 1950 322 ,
1974 285 2095 328 massam
2122 287 2157 319 τ’]

1271 323 1458 366 fermentum
1477 326 1600 359 induxit
1618 350 1629 366 ,
1651 325 1741 370 suam
1763 339 1884 362 carnem
1904 354 1914 369 ‚
1952 342 2019 375 quae
2044 343 2156 368 natura

1276 376 1395 415 quidem
1418 384 1483 409 erat
1505 377 1608 409 eadem
1632 400 1643 416 ,
1680 379 1700 409 ἃ
1719 385 1838 419 peccato
1857 388 1957 413 tamen
1981 382 2096 426 libera,
2121 387 2156 420 (5

1277 429 1344 458 vita
1361 426 1475 467 plena.
1502 429 1548 460 Et
1572 428 1656 461 dedit
1666 438 1731 462 eam
1741 429 1876 462 omnibus
1886 435 2132 474 participandam
2144 448 2155 469 .-

1277 479 1316 508 Ut
1338 487 1373 510 ea
1397 480 1527 519 nutriti,
1548 482 1645 519 priori
1667 502 1679 519 ,
1705 491 1773 521 quae
1794 488 1861 512 erat
1883 491 1999 514 mortua
2018 505 2029 521 ,
2053 483 2156 526 depost-

1277 533 1329 566 ta,
1350 533 1407 567 per
1427 525 1506 561 banc
1526 526 1659 572 mensam
1673 535 1705 563 in
1718 534 1815 562 vitam
1826 533 2021 566 immortalem
2033 542 2158 567 contem-

1272 583 1445 617 peraremur
1465 600 1474 607 .
1511 577 1591 614 Illos
1614 579 1911 615 semi-Christianos
1937 582 2156 623 Corinthios,

1279 625 1383 668 qui&
1406 626 1592 662 Dominico
1615 627 1723 665 Altari
1746 630 1780 664 δε
1803 631 1897 664 fimul
1918 631 2154 668 daemoniorum

1276 678 1391 710 mensae
1410 678 1703 714 communicabant
1724 704 1734 719 ,
1761 679 1968 716 vehementer
1984 685 2130 728 exagitat
2143 708 2155 724 ‚

1276 723 1513 762 Eucharistiam
1536 729 1674 764 affirmat
1693 731 1754 765 effe
1773 730 1902 766 terribile
1926 733 1960 766 dt
1977 732 2152 774 formidan-

1273 777 1343 810 dum
1359 774 1536 819 sacrificium
1556 804 1567 821 ‚
1595 779 1644 813 illi
1664 781 1826 816 sumendae
1848 783 2052 816 necessariam
2079 794 2153 827 prae-

1275 828 1473 870 parationem
1496 829 1662 874 infigniter
1684 830 1803 871 docet,
1827 832 1859 867 ὅτ
1879 832 2085 868 scribitinter
2095 846 2156 868 cae-

1272 886 1359 911 tera:
1386 881 1564 913 Accedamus
1590 882 1635 914 ad
1650 879 1749 923 ipsum
1770 883 1804 916 &
1824 894 1890 915 cum
1912 885 2033 917 ardenti
2056 883 2155 917 cbari-

1272 936 1356 968 tate,
1382 930 1416 962 ὠ·
1435 930 1507 963 inde
1528 929 1622 970 efflrHi
1643 932 1752 974 aquilae
1773 933 1818 964 ad
1837 930 1933 975 ipsum
1959 935 2061 966 coelum
2081 945 2151 967 evo·

1269 977 1380 1011 lemus.
1407 978 1462 1015 Ubi
1485 983 1562 1015 enim
1587 982 1738 1023 cadaver,
1763 984 1823 1016 illic
1845 984 2019 1025 &aquilae.
2048 986 2150 1017 Cada-

321 1029 477 1074 Apostoli
493 1029 608 1064 verba:
637 1031 703 1074 ,Qui
723 1029 884 1064 manducat
907 1028 940 1063 (θ’
961 1027 1039 1063 bibit·
1058 1028 1182 1071 indigne
1200 1051 1209 1067 ,
1270 1038 1325 1060 ver
1345 1035 1449 1070 corpus
1472 1039 1582 1063 vocans
1599 1038 1721 1074 propter
1744 1041 1881 1066 mortem.
1908 1035 2034 1076 Aquilas
2049 1043 2150 1068 autem

314 1082 466 1125 ‚iudicium
479 1078 535 1121 fibi
556 1081 721 1114 manducat
744 1081 778 1114 &⁹
793 1077 870 1113 bibit
895 1103 903 1114 ,.
934 1077 977 1113 Et
1002 1087 1206 1112 commenta·

319 1140 390 1165 tur:
419 1135 507 1164 Nam
526 1128 558 1175 J?
578 1135 628 1174 qui
650 1133 778 1173 Regiam
797 1136 965 1173 purpuram
988 1132 1182 1172 coinquinant
1196 1152 1206 1168 ‚

318 1181 407 1216 baud
424 1179 507 1224 secus
530 1191 565 1215 ac
586 1185 639 1224 qui
655 1179 816 1223 scindunt,
839 1184 1027 1222 puniuntur,
1054 1179 1131 1221 quid
1153 1183 1206 1211 mi-

317 1243 384 1265 rum
397 1255 408 1272 ,
427 1230 458 1275 fi
473 1236 526 1275 qui
548 1232 699 1264 immunda
722 1228 892 1273 conscientia
916 1228 1027 1270 Christi
1048 1237 1151 1271 corpus
1161 1240 1204 1262 ac-

317 1288 450 1324 cipiunt,
478 1283 558 1315 idem
576 1280 756 1325 supplicium
772 1278 897 1323 ficbeant
922 1304 933 1321 ,
960 1280 1040 1322 quod
1061 1285 1113 1322 qui
1139 1291 1203 1312 eum

314 1334 413 1366 clavis
428 1337 505 1365 cruci
528 1332 705 1374 affixerunt?
733 1331 834 1378 Qod
848 1330 950 1373 ipsum
968 1339 1202 1374 argu-mentum

312 1383 407 1425 supra
425 1381 492 1427 ipse
518 1382 679 1422 adduxit,
704 1382 737 1415 δε
760 1391 823 1425 ego
848 1380 986 1425 exposui
1011 1403 1018 1411 ·
1058 1379 1200 1416 Domini

311 1431 463 1466 adversus
484 1431 781 1475 Capharnaitarum
803 1441 944 1465 errorem
969 1428 1084 1473 verba,
1106 1433 1202 1474 spiri·

312 1492 362 1515 tus
385 1482 423 1522 est
438 1487 489 1523 qui
511 1482 649 1524 vivificat
676 1505 687 1523 ‚
714 1491 791 1516 caro,
804 1491 856 1514 non
873 1479 991 1522 prodest
1010 1481 1175 1523 quidquam
1190 1505 1201 1522 ,

311 1533 425 1565 trad'tat
446 1530 558 1566 eadem
581 1529 742 1570 homilia,
779 1532 1090 1567 &commentatum
1117 1533 1198 1565 Sicut

307 1586 343 1617 in
356 1580 477 1617 hocloco
493 1580 618 1625 spiritus
635 1590 691 1624 pro
708 1579 916 1626 spiritualibus
924 1580 1025 1624 posuit
1036 1605 1047 1621 ,
1073 1587 1121 1615 ita
1134 1593 1200 1617 cum

246 1631 248 1633 ’
308 1642 427 1666 carnem
452 1633 525 1665 dicit
537 1655 548 1672 ‚
575 1643 633 1665 non
655 1640 709 1674 pro
731 1631 920 1674 carnalibus,
945 1629 1003 1677 sed
1016 1639 1071 1676 pro
1092 1643 1199 1665 carna·

308 1683 380 1717 liter
403 1683 510 1715 audire
535 1706 546 1724 ‚
582 1693 628 1717 eos
648 1681 821 1726 fignificans
849 1687 899 1726 qui
915 1679 1036 1725 semper
1060 1683 1199 1717 carnalia

309 1731 518 1774 &fiderabant
542 1755 552 1771 ,
579 1743 644 1766 cum
663 1730 835 1777 spiritualia
861 1729 1023 1771 defiderare
1043 1739 1196 1773 oporteat.

309 1786 397 1817 Nam
411 1779 441 1825 fi
458 1781 625 1815 carnaliter
650 1793 686 1818 ea
706 1787 775 1824 quis
800 1786 959 1824 acciperet,
988 1780 1146 1823 nibilsane
1157 1785 1196 1816 lu·

307 1840 458 1868 craretur.
489 1833 579 1875 ¹Quid
603 1833 719 1876 igitur?
747 1836 793 1864 An
815 1843 883 1867 caro
895 1843 952 1864 non
963 1830 999 1871 est
1010 1832 1103 1866 caro?
1130 1835 1196 1866 Ma-

307 1884 390 1919 xime
414 1883 513 1918 certe,
542 1884 695 1925 ‚Quomodo
718 1887 810 1927 igitur
829 1887 898 1923 ait,
921 1886 1001 1915 Caro
1025 1890 1197 1918 autemnon

301 1932 420 1978 prodest
441 1933 604 1975 quidquam
617 1932 632 1963 ,ἕ
659 1936 731 1965 Νοη
753 1934 790 1965 de
806 1933 867 1977 sua
877 1943 964 1965 carne
975 1933 1069 1966 dicit.
1097 1932 1174 1973 Absit
1187 1958 1194 1965 .

306 1985 368 2018 Sed
390 1984 426 2016 de
449 1982 498 2015 his
512 2007 522 2022 ,
552 1989 604 2027 qui
627 1984 790 2016 carnaliter
801 1987 952 2025 accipiunt
962 1993 1030 2027 quae
1043 1983 1196 2017 dicuntur.

305 2032 485 2067 Profitetur
503 2033 645 2068 omnino
670 2033 738 2069 illic
762 2033 825 2065 effe
853 2043 984 2069 carnem
1008 2056 1018 2072 ‚
1054 2032 1095 2068 de
1135 2043 1195 2078 qua

306 2082 394 2119 dixit
420 2084 608 2117 Dominus:
636 2085 699 2125 ,Qui
726 2094 783 2115 non
804 2084 968 2115 manducat
992 2093 1196 2116 carnemme·

307 2145 358 2169 am
373 2157 384 2173 ‚
410 2144 468 2166 non
490 2133 581 2166 habet
606 2138 705 2167 vitam
729 2137 762 2165 in
783 2130 938 2177 semetipso
961 2156 968 2163 .
997 2131 1118 2165 Multis
1143 2131 1198 2166 de-

306 2182 466 2218 monstrat
488 2183 552 2219 else
570 2193 700 2216 carnem
715 2193 820 2215 veram
833 2207 843 2225 ‚
870 2183 904 2219 ὅ(
917 2181 1195 2228 Berengarianum

307 2244 450 2268 errorem
472 2232 605 2278 copiose
625 2245 664 2266 ac
688 2233 822 2268 nervose
833 2241 1021 2276 expugnat.
1049 2233 1197 2277 Ostoge-

307 2283 385 2319 'sima
410 2293 523 2325 quarta
550 2282 687 2316 homilia
713 2281 777 2316 hoc
798 2282 839 2316 de
862 2282 1018 2317 defuneto
1041 2283 1194 2318 Domino

309 2333 444 2370 verbum
471 2357 482 2373 ,
508 2336 624 2366 Exivit
652 2331 777 2375 sanguis
800 2333 834 2365 6·
857 2344 935 2374 aqua
957 2357 967 2372 ‚
994 2343 1196 2369 commenta-

310 2395 361 2421 tur
384 2397 394 2417 :
435 2388 507 2416 Non
532 2381 601 2424 casu
627 2384 660 2418 ὢ·
680 2382 854 2425 simpliciter
880 2383 911 2415 bi
929 2382 1034 2422 fontes
1054 2381 1187 2427 scaturie

310 2444 382 2468 runt
401 2458 410 2474 ,
430 2432 488 2477 sed
506 2440 645 2475 quoniam
667 2444 704 2467 ex
729 2432 868 2467 ambobus
892 2431 1018 2474 Ecclesia
1043 2433 1195 2471 constituta

310 2485 348 2526 est
363 2509 370 2515 .
395 2486 497 2518 Sciunt
520 2483 572 2516 boc
595 2487 735 2527 Initiati.
762 2489 822 2521 Per
833 2494 944 2525 aquam
953 2488 1032 2518 enim
1043 2493 1195 2526 regenera-

313 2541 361 2575 ti,
384 2533 528 2578 sanguine
549 2535 582 2568 (9⁶
602 2544 691 2566 carne
707 2530 779 2575 sunt
804 2538 936 2567 nutriti.
965 2538 1044 2568 Hinc
1070 2532 1194 2572 mysteria

314 2592 409 2619 ortum
423 2583 553 2617 habent:
582 2587 621 2619 Ut
643 2591 755 2629 quotics
779 2584 823 2615 ad
844 2583 1058 2615 admirandum
1078 2585 1195 2615 calicem

316 2637 450 2677 accedis,
476 2644 625 2677 tanquam
648 2645 686 2666 ex
709 2631 770 2676 ipso
790 2634 881 2667 latere
902 2632 1041 2668 hauriens
1054 2634 1174 2667 accedas
1187 2657 1194 2665 .

317 2686 406 2733 Qia
429 2685 544 2728 nempe
569 2684 666 2718 istum
688 2684 791 2728 ipsum
812 2683 895 2717 bibis
907 2683 1099 2727 sanguinem
1113 2708 1120 2717 .

369 2734 491 2768 Eadem
514 2734 609 2768 docet
634 2734 667 2767 in
694 2733 847 2777 vigesima
872 2742 985 2776 quarta
999 2732 1136 2767 homilia
1148 2733 1193 2765 su-

319 2795 374 2830 per
397 2785 534 2830 primam
558 2783 786 2826 Apostolicam
810 2782 993 2826 Epistolam
1016 2783 1056 2819 ad
1080 2783 1195 2817 Corin-

319 2833 425 2869 thios.
454 2832 561 2868 Verba
577 2857 586 2872 ,
613 2836 706 2867 Panis
718 2845 802 2875 quem
805 2833 1003 2876 frangimus,
1022 2844 1117 2868 nonne
1127 2844 1195 2866 com-

320 2889 479 2919 municatio
490 2888 614 2924 corporis
635 2882 745 2921 Christi
766 2882 826 2920 est?
853 2894 1114 2919 commentatur:
1141 2886 1198 2916 Hoc

318 2936 385 2968 licet
395 2934 500 2967 videre
509 2933 573 2974 fieri
583 2937 615 2965 in
627 2931 836 2972 Eucharistia,
864 2939 896 2966 in
918 2942 998 2967 cruce
1020 2943 1119 2969 autem
1139 2944 1197 2967 non

319 2984 423 3018 itidem
433 3009 444 3025 ‚
467 2981 525 3025 sed
535 2989 632 3025 utique
645 2987 669 3017 ei
680 2987 877 3015 contrarium.
906 2987 949 3017 Os
962 2981 1043 3018 enim
1053 3008 1063 3024 ‚
1076 2988 1172 3025 inquit
1186 3006 1196 3023 ,

320 3037 385 3077 ejus
396 3045 454 3067 non
466 3040 623 3068 conteretur
634 3056 641 3063 .
668 3033 730 3065 Sed
737 3034 816 3073 quod
825 3043 881 3065 non
889 3033 988 3074 passus
998 3034 1037 3073 est
1050 3039 1083 3066 in
1094 3044 1173 3068 cruce
1188 3056 1197 3072 ,

321 3084 415 3118 hocin
427 3084 567 3117 oblatione
576 3088 696 3125 patitur
704 3089 824 3124 propter
836 3091 882 3116 te.
910 3084 954 3116 Et
972 3088 1091 3125 patitur
1109 3082 1199 3125 fran-

315 3139 373 3176 gi,
391 3145 426 3168 ut
439 3145 537 3169 omnes
548 3134 690 3175 impleat.
718 3132 892 3172 Advertit,
920 3133 1009 3177 quod
1021 3132 1198 3177 Apostolus

324 3195 393 3216 non
415 3195 554 3224 vocem,
581 3187 799 3223 Participatio,
827 3182 879 3215 sed
901 3193 1014 3218 vocem
1030 3207 1040 3225 ‚
1066 3187 1199 3217 Commu·

322 3237 432 3266 nicatio
457 3234 616 3276 usurparit
635 3258 646 3274 ,
682 3232 724 3269 ab
751 3231 812 3267 hac
838 3232 1008 3268 mirificam
1029 3257 1040 3274 ,
1077 3244 1140 3279 qua
1163 3233 1196 3266 in

321 3292 428 3317 unum
450 3282 582 3318 Christo
601 3283 758 3319 Domino
779 3282 1111 3319 circumsubstantiale
1133 3294 1199 3319 cor-

322 3342 384 3376 pus
419 3332 602 3367 conflamur
625 3356 635 3372 ‚
669 3331 828 3368 unionem
855 3332 1013 3376 impartiri
1041 3333 1199 3372 affirmat,

319 3388 420 3428 atque
441 3382 662 3430 prosequitur:
686 3388 798 3430 Neque
813 3380 1198 3429 fhlummodocorpussuum

1270 1086 1360 1112 vocat
1373 1103 1383 1122 ,
1411 1078 1563 1122 ostendens
1586 1081 1664 1122 quod
1683 1088 1795 1124 oportet
1818 1093 1883 1115 eum
1905 1105 1916 1122 ‚
1953 1090 2003 1126 qui
2030 1085 2075 1117 ad
2097 1084 2149 1117 hoc

1269 1136 1371 1170 corpus
1393 1131 1521 1171 accedit,
1546 1130 1598 1172 esse
1614 1129 1792 1174 sublimem,
1820 1134 1855 1166 (ν
1875 1143 1940 1166 cum
1963 1143 2044 1167 terra
2071 1133 2151 1167 nibil

1269 1178 1320 1221 effe
1329 1190 1494 1220 commune,
1524 1191 1617 1223 neque
1637 1179 1771 1224 deorsum
1785 1181 1912 1217 trahi&
1931 1181 2069 1225 serpere,
2091 1182 2150 1226 sed

1268 1228 1492 1272 affiduesurfiim
1503 1233 1605 1264 volare
1615 1253 1626 1270 ‚
1653 1232 1686 1265 6·
1696 1233 1739 1264 ad
1745 1231 1963 1275 fhlemJustitiae
1973 1231 2125 1275 adspicere
2136 1257 2150 1273 ,

1268 1277 1419 1321 acutosque
1439 1281 1473 1313 <5
1484 1279 1666 1323 perspicaces
1680 1281 1786 1317 babere
1798 1289 1907 1317 mentis
1919 1284 2012 1316 oculos
2024 1308 2031 1315 .
2059 1288 2146 1325 Aqui-

1267 1331 1362 1363 larum
1380 1335 1480 1371 enim,
1507 1342 1565 1364 non
1582 1333 1768 1376 graculorum
1789 1331 1826 1373 est
1847 1332 1911 1366 baec
1930 1332 2049 1375 mensa.
2077 1334 2148 1367 Do·-

1268 1380 1382 1415 tninici
1414 1382 1557 1426 corporis
1580 1405 1592 1422 ,
1618 1381 1706 1426 quod
1743 1382 1761 1415 ὲ
1783 1382 1924 1426 Virgine
1968 1392 2082 1415 natum
2102 1382 2148 1426 ja-

1266 1431 1335 1465 cuit
1358 1431 1392 1465 in
1420 1432 1547 1476 praesepi
1570 1457 1581 1474 ‚
1619 1432 1655 1468 in
1682 1431 1809 1468 stabulo
1845 1433 1909 1467 fuit
1932 1432 2102 1467 adoratum
2127 1433 2147 1467 ὲ

1249 1481 1378 1536 'Magis
1389 1505 1400 1522 ,
1427 1482 1461 1515 in
1475 1492 1569 1516 cruce
1580 1483 1752 1526 pependit,
1779 1478 2145 1524 resurrexitamort'uis,

1249 1531 1298 1565 ’δε
1320 1531 1384 1574 jam
1408 1530 1448 1566 ad
1471 1532 1536 1566 Dei
1559 1531 1665 1567 Patris
1683 1532 1851 1569 dexteram
1863 1533 1972 1574 sedet,
1999 1532 2147 1567 eminen-

1266 1582 1345 1615 tiam
1367 1593 1405 1618 ac
1420 1582 1618 1628 dignitatem
1641 1607 1653 1624 ,
1679 1583 1800 1627 ipsique
1822 1582 1966 1617 debitam
1987 1582 2030 1616 ab
2051 1582 2146 1616 omni

1265 1642 1410 1667 creatura
1431 1632 1644 1667 reverentiam
1663 1632 1847 1675 emphatice
1859 1632 2076 1677 depraedicat,
2100 1640 2148 1667 at·

1265 1692 1329 1726 que
1362 1683 1564 1726 prosequitur
1589 1695 1596 1714 :
1631 1687 1700 1718 Nos
1725 1683 1858 1718 coelorum
1884 1688 1965 1718 cives
1992 1688 2147 1717 'imitemur

1264 1732 1316 1765 vel
1326 1731 1496 1766 Barbaros.
1523 1732 1654 1776 Utique
1666 1742 1729 1767 tres
1741 1734 1878 1777 Magos.
1905 1736 1993 1765 Nam
2016 1733 2061 1765 illi
2081 1736 2148 1774 qui-

1263 1782 1332 1815 dem
1345 1807 1356 1823 ,
1381 1793 1446 1816 cum
1459 1784 1492 1817 Θ
1505 1788 1536 1816 in
1545 1781 1673 1826 pra-sepi
1684 1783 1822 1827 vidissent
1834 1783 1910 1816 &in
1933 1787 2071 1826 tugurio,
2097 1790 2148 1818 nv·

1262 1843 1316 1873 que
1343 1833 1403 1866 tale
1427 1833 1581 1875 quidpiam
1602 1833 1743 1876 vidiffent
1756 1856 1767 1873 ,
1793 1833 1879 1875 quale
1898 1840 1930 1867 tu
1950 1842 2049 1874 nunc,
2075 1843 2142 1869 cum

1262 1894 1373 1926 magna
1395 1883 1564 1926 accesserunt
1577 1889 1743 1916 reverentia
1753 1907 1760 1913 .
1788 1885 1832 1915 Tu
1845 1891 1944 1915 autem
1955 1893 2013 1916 non
2024 1886 2145 1923 inprae-

1257 1930 1322 1974 sepi
1348 1934 1456 1973 vides,
1478 1932 1538 1977 sed
1553 1938 1586 1966 in
1598 1932 1714 1966 Altari.
1742 1935 1814 1965 Non
1827 1931 1988 1975 foeminam
2008 1942 2074 1964 eum
2100 1940 2146 1965 te-

1262 1992 1381 2017 nentem
1394 2007 1404 2023 ,
1412 1981 1471 2026 sed
1475 1983 1657 2018 Sacerdotem
1670 1981 1834 2024 adstantem
1844 2005 1855 2020 ,
1883 1981 2065 2027 &spiritum
2077 1992 2143 2015 eum

1262 2043 1372 2075 magna
1382 2038 1465 2074 copia
1481 2032 1726 2076 supervolantem
1750 2043 1786 2065 ea
1806 2042 1871 2073 qua
1889 2030 1963 2076 sunt
1979 2030 2142 2073 propofita.

1265 2082 1377 2115 Palam
1405 2083 1574 2124 profitetur
1597 2080 1767 2115 Christum
1791 2081 1980 2115 Dominum
2004 2080 2072 2114 illic
2107 2081 2144 2115 δε

1263 2131 1363 2170 sumi,
1389 2132 1423 2165 &
1444 2132 1461 2165 a
1483 2132 1757 2166 sumentibuseffe
1767 2129 1971 2166 adorandum
1985 2154 1992 2162 .
2017 2129 2146 2165 Palma-

1263 2193 1294 2215 re
1317 2181 1488 2225 cujuslibet
1516 2182 1615 2226 Regii
1633 2181 1994 2234 Palatiiofnamentum
2006 2180 2145 2214 affirmat

1262 2232 1322 2265 effe
1346 2243 1411 2265 non
1435 2243 1634 2266 marmoreos
1654 2233 1810 2275 parietes,
1836 2240 1892 2264 aut
1915 2232 1996 2264 tecta
2024 2240 2143 2271 aurea,

1261 2282 1311 2315 sed
1336 2281 1439 2324 Regis
1458 2280 1490 2314 in
1516 2281 1598 2316 solio
1619 2292 1736 2323 corpus
1750 2305 1757 2312 .
1787 2278 1892 2313 Addit
1903 2279 2040 2313 coelestis
2050 2279 2143 2313 Pala-

1261 2331 1296 2364 tii
1322 2331 1450 2375 Regem
1466 2332 1527 2364 efle
1552 2330 1719 2364 Christum
1733 2330 1942 2369 Dominum,
1968 2330 2002 2363 &
2015 2330 2140 2374 pergit:

1262 2389 1340 2421 Hoc,
1366 2382 1479 2424 utique
1503 2380 1598 2424 hujus
1617 2380 1757 2415 coelestis
1775 2381 1876 2423 Regis
1901 2380 2037 2422 corpus,
2063 2388 2143 2412 nune

1257 2431 1323 2463 licet
1343 2430 1396 2463 tibi
1419 2432 1523 2464 videre
1545 2437 1577 2462 in
1601 2436 1702 2464 terra‘.
1733 2435 1805 2463 Non
1826 2435 1906 2463 enim
1917 2430 2064 2473 Angelos,
2091 2439 2143 2463 nee

1260 2480 1473 2525 Archangelos,
1502 2492 1552 2514 nec
1564 2483 1645 2514 coelos
1673 2481 1802 2516 &coelos
1826 2481 1962 2512 emiorum
1975 2504 1983 2518 ‚
2006 2477 2062 2520 sed
2081 2477 2142 2519 isto·

1258 2543 1322 2563 rum
1349 2530 1474 2574 ipsorum
1496 2531 1610 2571 ostendo
1632 2535 1815 2564 Dominum.
1845 2529 1949 2568 Vidisti
1965 2553 1975 2568 ‚
2002 2530 2144 2570 quemad-

1257 2582 1374 2613 modum
1396 2582 1477 2623 quod
1498 2581 1536 2620 est
1559 2586 1688 2614 omnium
1708 2580 1976 2624 praestantiffimum
1999 2580 2143 2611 &maxi-

1257 2632 1303 2664 me
1325 2630 1526 2664 honorandum
1548 2632 1636 2664 vides
1659 2637 1692 2665 in
1716 2640 1819 2665 terra.
1844 2635 1949 2671 Neque
1966 2626 2067 2670 solum
2093 2634 2143 2661 vi-

1257 2683 1308 2714 des
1324 2705 1334 2721 ‚
1356 2681 1414 2725 sed
1432 2688 1522 2714 etiam
1546 2687 1647 2725 tangir
1660 2706 1670 2721 ‚
1694 2680 1752 2724 sed
1770 2686 1860 2714 etiam
1881 2680 2007 2711 comedis
2024 2702 2034 2717 ,
2061 2679 2096 2712 <St
2108 2687 2140 2711 eo

1259 2740 1373 2774 accepto
1394 2733 1511 2764 domum
1532 2736 1714 2765 reverteris.
1744 2732 1826 2764 Haec
1849 2729 1941 2763 verba
1967 2738 2140 2771 utramque

1260 2781 1446 2826 Berengarii
1473 2783 1700 2824 professionem
1723 2778 2139 2814 lucidiffirneconfirmant.

1261 2832 1303 2865 Et
1321 2832 1455 2876 quidem
1480 2831 1719 2866 Eucharistiam
1758 2832 1820 2864 esse
1857 2828 2065 2862 tremendum
2099 2828 2139 2862 ’ἀ

1258 2881 1503 2916 formidandum
1530 2882 1720 2925 mysterium
1754 2877 2008 2920 frequentissime
2035 2877 2140 2912 afferit

1258 2933 1290 2966 &
1317 2932 1462 2966 inculcat
1484 2956 1491 2966 .
1529 2932 1573 2966 Et
1593 2929 1633 2965 de
1652 2931 1746 2964 nullo
1769 2930 1836 2963 alio
1859 2927 1893 2962 id
1917 2926 2004 2962 dixit
2031 2930 2141 2962 Sacra·

1260 2992 1391 3017 mento.
1419 2983 1498 3015 Hoc
1516 2982 1594 3015 item
1615 2981 1648 3014 in
1672 2981 1748 3014 loco
1768 2979 1907 3013 affirmat
1921 2973 2140 3012 Dominum&

1260 3033 1372 3076 Magis
1392 3032 1483 3067 fuisse
1502 3031 1671 3067 adoratum
1698 3031 1784 3065 intra
1810 3028 1979 3073 tugurium
2005 3029 2038 3064 &
2064 3037 2140 3072 prae-

1261 3084 1349 3126 sepe.

1308 3132 1432 3167 Eadem
1453 3131 1485 3164 in
1511 3128 1650 3165 homilia
1670 3130 1810 3174 exponit
1834 3128 1990 3173 Apostoli
2025 3127 2138 3162 verba:

1259 3183 1351 3215 Calix
1384 3181 1596 3216 benedicitonn
1618 3186 1663 3214 cui
1683 3181 1878 3214 benedicimus
1899 3180 1915 3219 ⁴,
1953 3189 2047 3212 nonne
2069 3189 2143 3210 com-

1258 3239 1412 3266 municatio
1442 3229 1599 3275 sanguinis
1627 3230 1737 3269 christi
1763 3231 1801 3271 est
1823 3231 1835 3264 ?
1873 3230 1977 3263 Hunc
2002 3227 2138 3262 calicem

1259 3282 1368 3315 denuo
1393 3282 1530 3317 affirmat
1552 3282 1616 3316 effe
1635 3281 1812 3316 terribilem
1825 3280 1858 3313 ὅ(
1870 3276 2114 3312 formidandum
2128 3302 2136 3310 .

1259 3332 1350 3378 Qin
1377 3333 1411 3367 &
1447 3331 1531 3365 istud
1568 3330 1723 3374 Apostoli
1750 3331 1884 3364 verbum
1913 3328 2049 3362 affirmat
2074 3329 2138 3361 effe

1262 3394 1330 3417 non
1342 3381 1573 3418 tantummodo
1583 3382 1678 3417 fidele
1692 3405 1704 3422 ,
1728 3381 1779 3416 sed
1792 3380 1891 3414 etiam
1904 3376 2063 3413 terribile.
2094 3377 2138 3415 Et

2030 3425 2087 3464 dat
