2352 3756
546 96 1085 142 Moouernun
1132 91 1834 145 Concitxassur-uu.

280 184 364 217 dixit
375 179 436 225 ipse
454 185 545 221 Rex,
568 180 622 215 Sic
634 190 686 213 me
702 178 794 212 Deus
819 177 971 221 adjuvet,
998 176 1066 211 haec
1089 188 1158 211 om-

279 235 336 268 nia
349 233 474 268 illibata
496 230 627 265 servabo
648 229 813 268 fideliter,
839 229 917 262 ficut
943 229 1012 261 sum
1034 227 1157 266 homo,

279 283 362 317 ficut
383 285 454 317 sum
477 280 710 320 Christianus,
734 280 814 313 ficut
835 279 904 312 sum
930 278 1022 311 miles
1042 303 1052 318 ‚
1080 278 1158 312 sicut

280 335 352 367 sum
377 333 453 367 Rex
471 340 649 366 coronatus
670 329 865 364 &inunctus
882 352 890 359 .
916 331 963 360 Et
983 325 1133 370 sciendum
1147 352 1158 368 ,

279 385 360 426 quod
373 390 407 416 in
425 387 573 424 principio
579 379 728 424 sententie
734 379 872 421 ferenda.-
886 402 895 416 ,
920 389 986 411 cum
1004 379 1160 411 traderen-

279 443 330 467 tur
345 431 479 466 omnibus
490 430 617 475 accensae
625 430 748 471 candele
759 452 771 469 ,
798 430 917 462 tradita
922 427 989 469 fuit
1000 431 1075 471 Regi
1084 439 1158 467 una,

278 485 313 517 ὀ·
325 494 390 516 cum
401 482 547 525 accepisset
558 492 624 515 eam
638 504 650 520 ‚
677 480 769 513 noluit
780 490 847 512 eam
859 486 953 511 tenere
963 500 973 516 ‚
994 476 1015 520 s
1013 480 1052 511 ed
1064 478 1159 511 tradi-

277 533 326 566 dit
336 533 452 565 cuidam
463 533 654 573 Prelatorum
664 531 766 563 dicens
779 541 787 562 :
817 528 897 561 Non
918 528 1010 561 decet
1025 539 1076 561 me
1088 539 1160 561 can-

277 581 388 616 delam
413 582 512 616 talem
537 592 672 620 tenere,
700 591 769 613 non
791 578 880 613 enim
906 578 975 611 sum
988 578 1159 611 Sacerdos.

278 634 325 664 Et
335 643 375 666 ex
396 640 467 665 tunc
477 636 575 665 tenuit
598 641 720 664 manum
731 626 899 671 expansam
909 629 953 660 ad
959 627 1065 669 petrus
1075 651 1085 667 ,
1111 629 1160 660 do-

279 692 332 716 nee
342 689 406 716 tota
412 680 565 726 sementia
582 681 738 723 finiretur.
767 678 819 712 Ex
831 689 899 722 quo
922 677 1013 712 vides
1024 675 1082 710 has
1099 686 1159 710 ter-

931 853 1175 861 *ἡ

1947 119 2033 163 393

1229 177 1339 212 ribiles
1361 178 1446 211 faces
1466 179 1482 212 a
1495 181 1571 214 solis
1589 186 1949 222 excommunicantibus
1963 189 2104 227 Piaeiaris

1227 228 1320 261 fuiffe
1343 237 1467 268 tentas,
1495 230 1667 272 projectas,
1694 237 1883 272 exstinctas.
1912 238 1954 272 Et
1965 235 2042 271 hinc
2062 242 2105 275 de

1227 277 1433 312 Hardeberto
1456 278 1682 322 Ultrajeetenfi
1700 286 1860 330 Episcopo
1881 312 1890 327 ‚
1916 288 2106 324 Holiandiae

1227 328 1400 362 Comitem
1416 329 1602 364 solemniter
1616 337 1944 372 excommunicatum
1958 363 1968 377 ‚
1994 338 2105 373 scribit

1226 378 1389 422 Magnum
1414 378 1522 423 Beigii
1549 379 1740 414 chronicon
1763 396 1770 414 :
1798 388 1926 427 Proeeffie
1947 387 2102 431 universus

1225 429 1330 461 Clerus
1337 427 1498 471 secundum
1503 431 1620 473 gradus
1627 429 1677 474 sui
1688 433 1820 466 ordinem
1839 440 1871 467 in
1892 437 1967 469 alln's
1977 461 1989 476 ,
2014 450 2101 480 quen·

1225 479 1430 512 Hardebertus
1455 478 1578 519 Antistes
1595 482 1739 521 noviffime
1752 481 1928 525 sequebatur
1949 492 1981 518 in
2003 490 2103 521 Ponti·

1219 527 1355 569 ficalibus
1374 536 1555 562 ornamentis
1579 554 1590 570 ,
1609 530 1793 572 fulmineum
1823 537 1918 576 ignem
1939 547 2047 578 gerens
2066 543 2101 571 in

1223 578 1361 611 manibus
1386 603 1398 619 ‚
1433 588 1468 612 ut
1495 583 1640 614 Comitem
1665 581 1934 618 anathematizaret
1958 596 2023 620 cum
2037 584 2100 629 suis

1223 628 1408 669 complicibus
1441 653 1449 660 .

1223 677 1421 723 Episcopus.

1486 630 1697 666 Fulmineum
1724 632 1838 677 ignem
1862 631 1991 679 gerebat
2016 635 2100 670 solu:

615 991 1114 1102 moguntinum
1171 986 1749 1075 Conciliahuium.

514 1230 566 1263 Oc
578 1225 850 1262 Conciliabuium
861 1224 998 1269 exponit
1009 1224 1155 1261 Berthol·

539 1279 599 1313 dus
610 1276 892 1312 Constantiensis:
921 1280 962 1310 Hi
983 1287 1084 1309 omnes
1103 1277 1154 1309 ad-

537 1326 670 1371 versarii
685 1325 807 1369 Ecclelie
819 1330 877 1361 Det·
885 1351 895 1367 ‚
910 1332 1155 1360 excommunicati

534 1378 560 1423 s
554 1381 644 1413 cilicet
655 1383 688 1411 in
701 1380 812 1417 synodo
823 1375 1058 1411 orthodoxorum
1067 1400 1078 1416 ‚
1092 1377 1153 1410 uti-

539 1440 602 1472 que
623 1426 993 1476 Qintilino·Burgenfi
1006 1449 1017 1466 ‚
1043 1430 1076 1459 in
1098 1435 1154 1460 ter-

267 1484 312 1512 tia
325 1477 512 1512 hebdomada
528 1478 592 1521 post
609 1478 732 1521 finitam
745 1478 885 1516 synodum
903 1474 992 1519 suam
1003 1480 1155 1520 Moguntie

267 1530 440 1573 collegerunt
451 1539 508 1562 non
522 1531 540 1562 5
540 1530 675 1569 modum,
674 1527 731 1572 sed
740 1526 1016 1567 conciliabulum,in
1027 1537 1082 1569 quo
1093 1537 1155 1559 um-

265 1578 406 1612 bracilem
411 1577 594 1622 sententiam
611 1582 921 1612 excommunicationis
933 1584 1037 1610 contra
1050 1576 1153 1618 fideles

264 1627 368 1660 Sanffl
384 1629 465 1660 Petri
476 1622 720 1669 deprompserunt
732 1651 743 1666 ‚
770 1628 870 1668 utpote
888 1637 1077 1668 nequaquam
1089 1627 1152 1660 illos

265 1682 514 1709 excommunicare
537 1676 676 1710 valentes
690 1698 701 1715 ,
723 1674 780 1717 sed
788 1675 963 1716 apertiffime
980 1674 1153 1717 semetipsos

267 1728 287 1758 ἃ
307 1730 503 1758 communione
528 1725 748 1758 Catholicorum
772 1721 1012 1766 sequestrantes,
1038 1731 1071 1756 ut
1095 1734 1152 1756 non

266 1777 386 1808 tantum
391 1776 507 1817 judicio
513 1771 619 1817 sanc‘le
631 1771 753 1813 Ecclefie
769 1796 779 1811 ,
798 1772 858 1815 sed
879 1773 914 1805 ὁ*
921 1777 1043 1813 proprio
1063 1777 1152 1804 ettam

260 1826 375 1868 judicio
397 1847 408 1864 ,
427 1823 500 1867 ficut
521 1834 622 1857 omnes
648 1823 768 1865 heretici
794 1846 805 1861 ‚
830 1825 851 1856 ἃ
879 1820 1039 1855 Catholicis
1064 1821 1151 1863 effene

259 1873 398 1917 [κραναῇ
417 1899 424 1906 .
448 1875 539 1907 Sedes
561 1884 673 1915 quoque
695 1870 916 1905 catholicorum
939 1867 1149 1911 Epist-oporam

262 1928 434 1958 viventium
444 1927 606 1956 temeraria
623 1921 790 1963 cupiditate
808 1924 900 1960 cecati
911 1916 967 1958 fibi
989 1919 1150 1951 vendicare

262 1984 321 2007 non
345 1979 505 2006 timuerunt
527 1995 535 2002 .
563 1973 594 2004 A
613 1967 974 2017 Qintilinoburgenfis
999 1967 1148 2001 Concilii

262 2021 417 2057 Decretis
429 2022 463 2055 in
473 2020 596 2054 rabiem
606 2020 666 2053 acti
678 2017 875 2052 schismatici
886 2017 1037 2060 Episcopi
1049 2017 1147 2051 redie-

262 2082 340 2106 runt
363 2071 582 2117 Moguntiam
603 2094 613 2110 ,
649 2068 706 2103 sua.
727 2066 798 2102 illic
817 2066 902 2101 Asta
926 2067 1146 2106 innovarunt,

262 2123 296 2156 ἀ
309 2122 465 2157 miserunt
478 2121 511 2154 in
525 2118 779 2154 executionem.
805 2115 850 2150 Et
874 2126 954 2150 tunc
964 2115 1144 2150 Hartuicus

262 2171 524 2206 Herosfeldenfis
549 2168 662 2204 Abbas
684 2167 811 2202 videtur
828 2165 970 2210 primiim
992 2165 1143 2200 fuissein-

262 2222 367 2256 trusus
386 2222 420 2254 in
434 2218 749 2265 Magdeburgensem
758 2213 956 2252 Cathedram
970 2240 977 2249 .
1007 2216 1141 2250 Etenim

260 2266 626 2319 Qintilinoburgenfis
648 2267 801 2313 Synodus
811 2268 891 2301 fasta
907 2265 970 2301 suit
992 2265 1027 2299 in
1048 2266 1138 2310 septi-

259 2331 359 2355 mana
380 2318 531 2355 paschali
554 2343 567 2361 ,
593 2319 705 2363 paucis
726 2316 841 2353 diebus
861 2315 933 2360 post
952 2315 1140 2362 Moguntiae

1226 1227 1345 1261 fastum
1356 1228 1401 1261 est
1414 1226 1479 1263 hoc
1490 1227 1666 1262 seeundum
1687 1228 1895 1264 latrocinium
1907 1252 1918 1270 ‚
1945 1230 2101 1267 Hartuici

1226 1277 1436 1313 intrusionem
1450 1278 1629 1315 Veneticus
1645 1280 1785 1313 affirmat
1805 1280 1923 1315 fasta-m
1944 1281 1980 1315 in
1992 1283 2104 1316 mens·

1223 1327 1325 1370 Julio.

1270 1377 1340 1412 Hic
1351 1377 1430 1412 item
1440 1377 1568 1413 decreta
1593 1377 1654 1412 fuit
1665 1379 1828 1413 Gualonis
1848 1378 1883 1413 in
1895 1379 2080 1415 Metensem
2091 1403 2104 1419 ‚

1218 1428 1252 1463 &
1277 1426 1492 1473 Meginhardi
1514 1430 1548 1462 in
1569 1427 1842 1473 Herbipolensem
1860 1429 2036 1465 Ecclesiam
2055 1432 2105 1465 in-

1219 1477 1337 1513 trufio.
1362 1478 1495 1513 Horum
1516 1479 1606 1513 enim
1619 1489 1731 1513 neuter
1752 1478 1856 1513 adfuit
1875 1478 1982 1522 primo
2006 1481 2106 1515 latro·

1218 1528 1311 1563 cinio
1335 1553 1343 1560 .
1369 1528 1462 1574 Qin
1484 1528 1644 1562 Gualonis
1670 1529 1806 1564 intrufio
1840 1527 1928 1573 prins
1954 1530 2106 1573 sequenti

1219 1589 1308 1612 anno
1337 1579 1401 1612 fuit
1425 1588 1547 1621 patrata
1571 1602 1579 1610 .
1618 1578 1747 1613 Diserte
1767 1578 1832 1613 hoc
1866 1578 1975 1614 scribit
1996 1579 2104 1625 Hugo

1220 1626 1330 1662 Abbas
1348 1627 1620 1662 Flaviniacenfis:
1650 1633 1735 1662 Anno
1750 1627 1907 1672 sequenti,
1930 1627 2103 1673 persecutio-

1217 1687 1254 1709 ne
1277 1682 1416 1718 Hemici,
1443 1682 1645 1711 Herimannus
1665 1682 1772 1712 Metim
1792 1683 1870 1713 exiit
1889 1703 1898 1712 .
1930 1682 1975 1713 Et
1995 1681 2103 1714 Sedem

1218 1724 1373 1765 Catbedre
1395 1728 1463 1768 ejus
1486 1727 1580 1759 Gualo
1592 1727 1690 1761 Abbas
1712 1729 1814 1762 saneti
1836 1729 2100 1772 Arnulpbullicue

1215 1772 1374 1815 usurpavit
1385 1799 1392 1806 .
1422 1773 1527 1808 Adam
1547 1774 1585 1815 est
1596 1776 1656 1809 illic
1680 1782 1753 1808 miro
1765 1781 1821 1810 Dei
1830 1780 1946 1818 judicio
1959 1803 1970 1820 ‚
1994 1787 2027 1811 ut
2036 1781 2104 1812 cum

1214 1823 1260 1854 ad
1266 1821 1508 1865 consecrationem
1526 1826 1589 1865 ejus
1602 1824 1742 1868 chrisma
1764 1837 1930 1868 quereretur
1943 1852 1954 1868 ‚
1981 1830 2014 1862 (9·
2025 1830 2102 1861 alla-

1213 1879 1277 1904 tum
1295 1871 1358 1914 effet
1368 1870 1508 1915 chrisma
1520 1873 1558 1905 ab
1573 1878 1756 1909 Herimanno
1766 1875 1927 1917 confeHum
1939 1901 1949 1916 ,
1976 1878 2101 1921 Episco-

1209 1928 1271 1961 pus
1296 1921 1484 1963 Virdunenfis
1510 1923 1697 1964 reprobatum
1722 1924 1863 1968 chrisma
1891 1950 1902 1966 ,
1927 1929 2005 1969 quod
2022 1927 2096 1971 san-

1212 1969 1291 2002 “ium
1315 1979 1381 2003 erat
1405 1995 1415 2011 ,
1438 1974 1589 2013 proiiceret
1613 1997 1624 2013 ,
1660 1976 1694 2007 (5
1711 1976 1803 2008 allato
1823 1973 1877 2017 suo
1896 2000 1906 2016 ‚
1932 1979 2011 2018 quod
2034 1977 2098 2020 ipse

1210 2029 1311 2052 contra
1315 2022 1373 2061 jus
1395 2020 1488 2062 &fas
1504 2020 1701 2064 sacraverat,
1726 2026 1796 2056 inde
1815 2024 1966 2065 perficeret
1992 2030 2098 2060 Gualo-

1211 2074 1258 2101 nis
1278 2067 1476 2110 sacrationem
1489 2095 1500 2110 ,
1527 2083 1565 2104 ne
1576 2071 1806 2107 benedidictum
1822 2081 1927 2116 patris
1951 2076 2096 2118 filiusim·

1204 2119 1326 2159 pudens
1340 2128 1501 2152 mereretur
1513 2143 1521 2151 .
1548 2122 1644 2152 Gualo
1651 2128 1751 2154 tamen
1762 2145 1773 2161 ,
1800 2128 1873 2165 quia
1889 2131 1990 2165 patris
2018 2128 2095 2159 cub!-

1208 2168 1235 2200 le
1255 2166 1430 2210 adscendit,
1454 2168 1604 2210 publicam
1613 2177 1822 2211 poenitentiam
1833 2178 1911 2216 egit.
1940 2179 2088 2209 Henricus

1211 2216 1307 2251 inloto
1316 2220 1381 2258 ejus
1397 2221 1568 2252 Bennonem
1579 2221 1736 2261 quemdam
1747 2221 1997 2266 Ere-Episcopum
2011 2237 2092 2259 crea-

1207 2272 1254 2300 vit
1264 2291 1274 2306 ,
1301 2273 1371 2310 quia
1381 2267 1479 2310 postea
1500 2269 1540 2304 ab
1551 2270 1628 2304 Urbe
1639 2281 1703 2303 cum
1725 2272 1861 2306 dedecore
1885 2273 1918 2307 δ’
1930 2280 2091 2319 ignominia

1199 2315 1303 2360 pulsus
1324 2317 1363 2358 est
1371 2342 1379 2351 .

563 2631 906 2743 Qaedam
963 2633 1102 2712 alia
1158 2637 1218 2715 S
1216 2636 1394 2716 aneii
1451 2639 1778 2751 Gregorii

815 2742 1103 2855 septimi
1166 2749 1474 2835 Decreta
1498 2817 1513 2830 .

474 2920 579 2953 Onon
606 2914 826 2951 Praenestinus
852 2913 1036 2960 Episcopus
1062 2941 1072 2959 ,
1103 2929 1142 2953 ac

499 2965 668 3002 paschalis
691 2963 825 3002 secundi
847 2976 901 3008 per
924 2967 1070 3002 Galliam
1082 2968 1141 3003 Le-

497 3028 591 3062 gatus
620 3041 631 3058 ,
666 3017 724 3050 suo
751 3015 952 3050 Belluacensi
982 3017 1139 3052 Concilio

498 3067 621 3102 indidit
633 3066 716 3102 duos
736 3065 892 3111 Gregorii
914 3065 1016 3101 nostri
1030 3066 1138 3104 Cano-

500 3127 578 3156 nes,
603 3116 780 3161 ignotosin
802 3116 870 3158 ejus
881 3116 1037 3160 Synodis.
1070 3117 1137 3153 Hic

256 3168 303 3203 est
325 3168 447 3210 primus
474 3182 485 3201 :
521 3167 761 3205 Presbyterorum
777 3166 857 3209 filios
882 3168 902 3198 ἆ
922 3166 1003 3209 fiecri
1025 3168 1136 3202 altaris

257 3217 414 3258 ministerio
423 3217 614 3250 removendos
625 3217 830 3256 decernimus,
855 3215 911 3258 nist
919 3226 972 3251 aut
996 3223 1028 3250 in
1037 3222 1135 3253 στησ-

256 3269 315 3302 hiis
340 3276 395 3301 aut
416 3272 449 3299 in
465 3271 626 3300 Canonicis
647 3265 845 3311 Regularibus
864 3267 996 3310 religtose
1015 3269 1136 3311 probati

250 3318 371 3359 fuerint
382 3315 566 3360 conversati.
593 3315 878 3351 HuncCanonem
899 3318 1009 3361 pamm
1030 3319 1133 3355 sccun-

258 3368 303 3402 do
327 3367 473 3404 Urbano
503 3366 714 3403 adscribimus
732 3391 745 3410 ,
770 3366 824 3402 sed
858 3365 938 3404 hinc
953 3368 1047 3406 'lucet
1071 3371 1134 3407 esse

1203 2920 1358 2967 Gregorii
1378 2921 1568 2959 Institutum
1588 2923 1630 2960 ab
1642 2923 1789 2961 Urbano
1809 2923 1980 2962 dumtaxat
2001 2939 2078 2964 con·

1201 2971 1366 3007 firmatum
1385 2998 1391 3006 .
1422 2973 1479 3008 Est
1501 2976 1561 3010 suo
1580 2975 1660 3010 loco
1681 2975 1861 3020 expositus.
1891 2976 1933 3010 Et
1955 2977 2012 3012 ubi
2034 2979 2077 3014 ad

1203 3020 1335 3058 Urbani
1350 3025 1489 3059 Decreta
1503 3024 1758 3069 pervenerimus,
1782 3024 1907 3069 aliquid
1922 3026 2074 3064 addetur.

1201 3072 1271 3107 Hic
1287 3073 1332 3108 est
1355 3075 1514 3110 secundus
1535 3086 1591 3120 per
1626 3074 1805 3110 Cononem
1818 3073 1982 3120 addustus
2012 3078 2076 3114 Ca·

1201 3134 1287 3157 non:
1313 3126 1378 3168 ‚Qui
1384 3122 1486 3168 sacros
1498 3127 1628 3160 Ordines
1643 3124 1832 3166 transiliunt,
1853 3124 2074 3170 suspendantur

1198 3171 1236 3205 ab
1246 3173 1333 3215 officio
1344 3199 1355 3215 ,
1381 3174 1452 3218 &fi
1462 3181 1601 3210 meruerit
1619 3180 1687 3209 vita
1706 3187 1804 3209 eorum
1815 3200 1826 3216 ,
1852 3177 2073 3222 Indulgentiam

1194 3222 1434 3267 consequantur,
1461 3228 1497 3261 <9
1519 3223 1651 3268 intersint
1672 3225 1826 3259 ordinibus
1846 3249 1857 3266 ,
1882 3237 1955 3269 quor
1976 3227 2073 3273 omise-

1194 3282 1286 3307 runt.
1314 3273 1369 3308 An
1393 3286 1448 3319 per
1472 3286 1613 3320 quatuor
1634 3275 1778 3310 minores
1797 3276 1832 3311 ἀ
1851 3276 2071 3314 Subdiacona-

1195 3333 1267 3359 tum
1287 3335 1326 3359 ac
1346 3325 1573 3361 Diaconatum
1597 3323 1745 3370 gradatio
1766 3326 1805 3360 fit
1831 3325 2070 3372 Evangelicum

1195 3383 1251 3409 aut
1273 3373 1503 3419 Apostolicum
1530 3375 1739 3421 Institutum,
1764 3375 1812 3411 est
1832 3379 2067 3459 “P‘mgflu'

1966 3438 2019 3462 io.
