2372 3756
696 123 1150 180 DE'QU113U'SDAM
1187 119 1427 163 PATRUM
1465 118 1673 163 [oms.

1930 132 2016 178 171

275 219 329 260 9³⁴²
349 211 535 257 (ΜΡΟΜῘῘΜ
556 218 659 252 ⁶0VP1¹5
674 212 793 241 Domini
801 206 923 250 sumum
944 218 982 239 Μ·
994 210 1156 246 participa·
1206 200 1352 241 ¹st'ut‘lum
1362 199 1399 240 est
1412 224 1422 239 ‚
1432 202 1503 233 licet
1514 210 1570 232 non
1581 203 1757 234 manducent
1769 214 1886 236 carnem
1896 204 1979 236 illam
1992 226 2002 242 ,
2021 214 2088 244 quae

275 275 354 300 tione
365 266 498 302 altaris,
523 260 730 305 spiritualiter
755 259 811 291 illa
833 256 1037 290 benedictione
1056 253 1155 293 coelesti

274 317 311 350 Q?
315 322 421 361 gratia
440 314 609 355 replentur.
639 311 682 343 Et
697 306 836 342 iterum:
862 311 940 339 Cum
961 305 1014 337 hac
1040 309 1154 337 ratione

273 367 432 409 dupliciter
446 363 508 397 baec
519 372 584 394 caro
597 361 782 403 intelligatur
794 382 805 397 ,
829 355 899 397 ficut
908 356 1005 388 altera
1028 355 1155 398 tntelltgt

270 416 362 459 potest
369 414 429 458 fine
439 413 537 446 altera
550 436 559 451 ‚
581 409 619 452 fic
641 412 675 444 (9⁰
689 411 786 443 altera
794 407 997 439 manducatur
1011 402 1155 444 finealte-

274 480 312 500 ra
336 492 342 498 .
369 463 489 498 Multis
509 462 681 494 confirmat
706 458 794 496 haec,
820 456 852 489 δε
880 453 1050 488 concludit
1073 466 1080 485 :
1108 456 1154 486 De

274 526 330 549 uno
335 520 417 557 pane
421 517 452 558 J
454 513 530 545 udas
541 518 651 550 accepit
664 534 673 548 ,
701 510 734 541 (τ
747 510 856 539 Petrus
870 516 879 546 3
902 503 960 546 sed
968 513 1068 536 tamen
1087 515 1154 545 quae

270 577 347 608 pars
368 564 448 606 fideli
470 573 533 595 cum
552 559 664 602 tnfideli
706 559 719 590 ?
745 558 856 589 Petrus
880 560 960 587 enim
980 558 1088 594 accepit
1113 554 1158 584 aa'

274 623 394 655 vitam,
415 613 528 658 Judas
539 611 580 642 ad
589 618 728 640 mortem.
758 610 863 647 Itaque
883 602 1044 646 secundum
1056 604 1155 635 diver-

270 664 338 708 sum
351 662 529 697 intelteitum
551 655 744 699 &diversum
767 654 897 695 effec‘lum
910 677 920 692 ‚
945 654 1009 685 cum
1030 663 1108 685 unus
1114 650 1155 692 fit

269 721 366 758 panis
378 711 509 752 Christi,
536 711 610 741 alter
625 716 726 739 tamen
748 704 961 747 quodammodo
974 713 1056 744 quem
1074 700 1155 744 sum-

270 763 329 807 pfit
357 766 493 798 Petrus,
518 760 702 802 alteryquem
722 754 844 799 sumpfit
858 755 989 798 Judas.
1018 752 1155 793 alterque

271 814 351 857 sumi
359 808 451 854 potest
466 807 527 850 'fine
539 807 632 840 attero
642 831 649 838 .
677 804 862 848 Spiritalem
875 801 997 835 Christi
1022 811 1153 834 carnem

270 861 399 897 affidue·
415 859 486 893 vult
509 858 570 891 effe
597 855 665 898 ejus
687 853 864 898 spiritalem
878 852 1045 885 effectum.
1079 849 1153 884 Ubi

272 922 399 946 certum
422 911 467 944 est
495 909 598 952 ipsum
620 908 701 939 resta
725 903 841 938 sentire
868 927 877 942 ‚
904 901 956 935 sed
985 912 1053 934 non
1073 899 1155 933 redie*

272 963 385 1005 loqui.
413 959 547 994 Etenim
569 957 678 990 datam
702 952 850 988 nobisab
872 952 935 985 hoc
946 951 1154 984 Sacramento

273 1013 412 1056 gratiam
437 1008 547 1042 nulius
562 1005 793 1050 Evangelista·,
820 1002 931 1036 nullus
952 1001 1153 1042 Apostolus,

274 1062 365 1094 riu-ila
393 1057 548 1101 Synodus
570 1082 580 1097 ,
620 1055 728 1089 nullus
754 1054 928 1087 Romanus
955 1051 1154 1093 Episcopus,

272 1111 382 1145 uullus
404 1108 554 1143 Ecclefiae
585 1107 710 1140 Docior
733 1102 907 1147 appellavit
937 1100 1061 1133 Christi
1087 1111 1152 1132 car-
1194 1140 1196 1142 ‚

272 1173 351 1194 nem
375 1186 381 1192 .
410 1159 494 1193 Haec
516 1156 662 1192 Domini
682 1154 778 1188 verba
804 1177 814 1192 ,
840 1156 919 1183 Caro
939 1161 1003 1182 mea
1024 1151 1095 1182 ven>
1117 1149 1153 1189 est

272 1212 357 1245 cibus
383 1234 394 1250 ,
413 1209 504 1244 *nulli
534 1217 678 1246 unquam
699 1204 740 1238 de
766 1203 878 1236 effectu
905 1200 1154 1238 intellexerunt,

272 1262 327 1294 sed
350 1271 467 1294 omnes
477 1259 518 1293 de
539 1258 650 1290 causa.

323 1307 475 1357 Qae'stio
489 1308 534 1342 est
552 1332 561 1346 ‚
578 1306 683 1340 Unde
694 1304 825 1336 Sanstus
837 1300 1010 1335 Anselmus
1023 1300 1056 1333 in
1070 1298 1155 1332 hanc

274 1360 495 1404 incongruam
518 1355 720 1390 locutionem
743 1354 780 1399 fit
803 1352 931 1395 lapsus?
958 1349 1155 1393 Respondeo

275 1420 316 1442 ex
334 1409 448 1442 affefflt
463 1409 495 1442 &
507 1407 580 1440 zelo
595 1430 604 1444 ,
629 1416 696 1447 quo
708 1400 1026 1438 Sanfli'Lanfranci'3
1054 1399 1100 1431 sui
1122 1399 1155 1431 &

276 1460 310 1491 in
328 1459 474 1492 Beccenfi
492 1454 633 1489 Abbatia
658 1455 692 1487 ἀ
705 1454 738 1485 in
753 1448 1161 1484 Cantuarienst'Cathedra·

275 1507 501 1550 Antecess‘o'ris
528 1529 539 1545 ‚
575 1502 724 1539 adversus
760 1499 992 1544 Berengarium'
1029 1499 1152 1540 Scripta

272 1557 475 1591 concordare
486 1554 608 1589 studuit
621 1564 697 1586 cum
710 1551 874 1595 posteriori
890 1575 899 1590 ,
913 1560 969 1592 per
982 1549 1153 1590 septimum

272 1606 477 1651 Gregorium
495 1604 671 1647 composita
685 1602 702 1642 ,'
721 1601 863 1644 ejusdem
887 1599 1006 1633 reducti
1020 1598 1155 1631 Erronis

271 1657 472 1700 proi'effione
500 1679 506 1687 .
535 1654 567 1687 A
594 1653 712 1686 sancto
743 1651 958 1692 Hieronymo
990 1648 1152 1682 laudatam

275 1703 416 1752 duplicis
440 1704 630 1739 Dominicae
657 1700 1037 1735 carnis·distinstionem
1060 1708 1152 1733 norat

275 1756 471 1790 Anfeinms':
500 1755 606 1788 Norat
618 1751 754 1798 eandem
777 1750 902 1794 probari
924 1751 943 1784 ‘a
958 1750 1072 1783 Sancto
1085 1749 1153 1783 Λα·-

272 1807 443 1850 gunnam·
457 1806 488 1838 ἃ
503 1816 543 1838 ex
565 1804 630 1847 ipsa
653 1801 927 1840 nnncaffirmari,
957 1811 1046 1833 nunc
1058 1811 1152 1845 nega-

270 1857 322 1896 ri,
348 1854 441 1898 ‘quod
462 1855 526 1898 ipsa
548 1864 606 1897 pro
631 1852 732 1886 nobis·
747 1852 899 1885 crucifixa
923 1862 997 1884 caro
1018 1851 1094 1884 esset
1115 1862 1152 1884 ac

270 1906 525 1940 manducaretur
536 1904 569 1936 in
584 1903 811 1936 sacramento.
842 1901 949 1934 Norat
962 1900 1026 1933 haee
1038 1901 1149 1935 omnia

271 1967 331 1998 per
352 1955 544 1989 sententiam
566 1952 658 1986 illam
684 1977 694 1992 ‚
721 1963 818 1997 quam
845 1951 963 1984 Sancto
992 1951 1151 1994 Prospero

267 2000 632 2048 adscripfi'tGratianus
645 2027 655 2042 ,
680 2003 772 2035 fuisse
790 2002 806 2034 a
823 2001 939 2034 Sansto
963 2001 1150 2034 Lanfranco

271 2057 483 2088 confirmata.
513 2054 606 2086 Hinc
629 2051 837 2093 &probatam
851 2051 868 2083 a
883 2050 980 2084 tantis
999 2050 1149 2084 Patribus

273 2104 517 2139 distinctionem
528 2102 662 2135 reti-nere
675 2102 800 2138 voluit,
826 2101 859 2133 ἀ
872 2100 904 2132 in
920 2100 1070 2143 Gregorii
1083 2101 1148 2133 De-

273 2164 398 2188 cretum
413 2164 479 2187 non
487 2152 672 2195 impingere
684 2174 694 2188 ,
721 2161 816 2192 atque
828 2151 871 2182 ita
886 2149 948 2182 fuit
962 2148 1148 2190 compulsus

273 2203 493 2237 distinffionis
513 2201 655 2235 membra
679 2199 772 2232 aliter
793 2198 991 2242 intelligere.
1019 2198 1080 2232 Per
1091 2199 1147 2241 spi—

272 2251 674 2287 1italemChristicarnem
698 2259 764 2281 non
779 2249 879 2291 ipsam
902 2248 970 2290 ejus
991 2248 1048 2282 sub
1062 2249 1147 2292 spiri—

271 2303 354 2336 tuali
366 2301 538 2337 existentia
551 2299 763 2333 substantiam
781 2322 790 2337 ‚
818 2298 868 2330 sed
885 2297 1046 2331 intellexit
1059 2300 1145 2340 {piri-

271 2353 395 2386 malem
407 2352 448 2385 ab
466 2352 532 2393 ipsa
543 2350 651 2383 datam
664 2348 801 2392 gratiam
824 2345 1144 2381 &benedistionem

272 2402 369 2436 Istam
381 2401 567 2435 Dominicae
579 2399 682 2433 carnis
695 2398 891 2440 spiritualem
913 2397 945 2429 in
962 2400 1146 2431 Sacramen-

272 2462 310 2486 to
321 2451 527 2484 existentiam
552 2447 758 2483 nullomodo
780 2447 932 2490 negavit.
962 2447 1095 2480 Etenim
1110 2448 1142 2481 in

272 2512 390 2545 quarto
412 2525 422 2540 ‚
448 2500 564 2543 quinto
588 2523 598 2538 ,
624 2499 655 2531 &
681 2499 771 2531 sexto
797 2491 888 2530 istius
910 2495 1013 2529 libel-li
1039 2498 1144 2540 capite

271 2553 375 2594 ipsam
389 2550 555 2594 insigniter
564 2548 728 2591 profitetur
738 2548 769 2580 ἃ
780 2546 934 2589 exponit.
962 2547 1143 2581 Solummo-

267 2602 315 2635 de>
328 2602 434 2634 censet
458 2598 630 2634 eamistius
649 2596 939 2630 distinctionisnon
962 2596 1025 2629 effe
1046 2609 1141 2631 mem-

268 2651 395 2686 brum-¹
446 2667 449 2670 ·

319 2702 451 2735 Eisdem
477 2697 643 2743 principiis
662 2695 811 2729 nituntur
837 2695 1002 2738 sequentia
1027 2697 1139 2730 verba:

91 2743 163 2780 cas·
182 2752 227 2771 ¹¹·
263 2753 424 2785 Sciendum
434 2749 493 2789 est,
520 2749 601 2791 quod
620 2751 719 2779 carnis
742 2747 821 2779 illius
833 2746 883 2778 vel
904 2751 1027 2786 corporis
1048 2746 1140 2790 spiri-

265 2805 360 2835 malis
373 2826 383 2841 ,
410 2802 447 2833 de
459 2810 512 2842 quo
526 2802 598 2839 jam
616 2798 709 2830 multa
732 2798 866 2828 diximus
881 2820 890 2835 ,
916 2798 1139 2830 sacramentum

264 2853 304 2892 est
314 2863 381 2885 caro
393 2851 446 2884 vel
454 2857 554 2890 corpus
568 2846 676 2887 Christi
688 2871 698 2886 ,
723 2846 803 2888 quod
820 2852 852 2878 in
865 2849 925 2877 Ara
935 2848 1037 2878 Crucis
1063 2849 1097 2880 Θ
1106 2853 1138 2880 tn

265 2899 551 2943 Altartsacrificatur
564 2923 574 2938 ,
588 2899 622 2931 δ’
633 2897 818 2938 corporaliter
832 2895 1027 2927 manducatur
1039 2920 1046 2928 .
1073 2901 1136 2930 Ne-

266 2963 314 2983 mo
328 2960 426 2983 autem
436 2953 580 2983 mitaris
591 2959 636 2980 me
647 2955 756 2990 arguat
764 2943 1005 2987 praesumptorem
1018 2968 1029 2986 ,
1056 2948 1138 2988 quad

266 3009 369 3042 corpus
381 2999 490 3039 Christi
502 2999 649 3039 appellem
669 2998 887 3030 Sacramentum
898 3000 1021 3035 corporis
1045 2995 1134 3029 Chri·

258 3053 318 3092 sti.
347 3054 432 3082 Nam
453 3050 487 3081 δ’
500 3048 613 3080 Paulus
627 3048 672 3079 ad
682 3044 864 3078 Timotheum
876 3045 965 3076 dicit:
993 3048 1132 3089 Magnum

265 3100 319 3144 effe
335 3103 459 3141 pietatis
486 3099 708 3130 Sacramentum
728 3118 738 3134 ,
763 3095 839 3137 quod
859 3092 1076 3135 manifestatum
1095 3096 1131 3137 est

264 3156 298 3183 in
309 3160 411 3182 carne.
438 3148 496 3180 sed
515 3146 664 3180 &beatus
683 3144 843 3186 Ambrofius
868 3150 899 3176 in
919 3143 992 3176 libro
1003 3146 1047 3176 ad
1056 3149 1129 3179 Gra-

262 3206 380 3232 tianum
391 3200 463 3231 dicit
472 3196 633 3238 apparuisse
644 3194 808 3227 hominibus
820 3198 1006 3236 Um'genitum
1028 3197 1129 3230 Patris

257 3259 316 3293 per
327 3252 544 3282 Sacramentum
555 3247 690 3287 assumpti
714 3244 840 3276 homtms
853 3269 860 3276 .
890 3247 919 3274 E
924 3254 935 3275 t
959 3250 1054 3276 caeteri
1072 3250 1128 3279 Ec-

259 3299 349 3341 clefiae
375 3297 508 3330 Doe‘lores
529 3297 630 3327 dicunt
651 3296 837 3327 §aeramento
857 3302 943 3326 tenus
966 3305 1012 3326 eos
1022 3303 1124 3336 corpus

260 3349 371 3389 Christi
392 3348 571 3381 manducare
584 3368 594 3384 ‚
619 3349 669 3386 qui
681 3345 864 3376 manducant
875 3344 1010 3386 indigne.
1040 3347 1125 3388 ,Quos

257 3409 361 3435 tamen
384 3398 562 3430 manducare
583 3402 687 3435 corpus
709 3392 819 3430 Christi
830 3417 840 3433 ,
856 3394 928 3433 jano
946 3391 1037 3436 supra
1044 3404 1123 3436 μή-

356 3447 464 3487 Christ.
478 3450 557 3488 Lupi
568 3448 665 3487 Opera
675 3446 784 3476 TomV
785 3447 808 3475 I.

1218 249 1354 291 vivificat
1371 259 1426 292 per
1446 251 1589 291 Spiritum
1611 251 1832 288 vivifi-antem.
1865 254 2025 295 Loquitur
2046 263 2088 284 ex

1217 301 1345 335 laudata
1367 300 1577 333 distinetione
1598 298 1704 331 Sancti
1720 302 1935 345 Hieronymi:
1963 314 2004 336 ex
2023 301 2089 334 lau-

1216 351 1289 386 data
1303 362 1357 393 per
1369 350 1566 384 Gratianum
1579 349 1756 382 sententia.
1786 351 1865 384 Haec
1876 353 1963 385 enirn
1983 351 2090 385 ass'erit

1216 401 1438 444 spirituale&
1462 398 1697 434 Sacramentale
1724 399 1864 431 Domini
1893 412 2007 443 corpus
2027 400 2091 435 effe

1216 453 1457 485 Sacramentum
1484 450 1571 487 veri,
1596 448 1678 482 oiim
1702 447 1871 488 cruci-fixi,
1897 450 2027 482 &nunc
2047 450 2090 484 ad

1219 501 1322 535 Patris
1348 501 1511 545 dexteram
1540 499 1670 544 gloriosi
1696 498 1839 540 corporis
1861 523 1867 529 .
1897 498 1939 530 Et
1960 498 2090 533 Sanetus

1217 551 1416 584 Lanfrancus
1438 550 1638 583 demonstrat
1662 549 1753 582 istam
1774 547 1930 589 loquendi
1952 548 2090 590 speciem

1215 601 1343 634 necesse
1356 611 1498 640 novam,
1522 610 1579 633 nec
1593 599 1897 632 inconvenientem.
1926 598 2007 630 Haec
2023 609 2092 630 otn-

1217 652 1269 684 nia
1295 650 1351 684 fibi
1372 649 1541 684 retinenda
1566 649 1692 682 censuit
1707 647 1899 687 Anselmus‚
1924 658 1960 695 'at
1971 646 2091 680 eisdem

1217 701 1321 734 verbis
1347 700 1408 734 alia
1434 699 1611 745 significata
1638 698 1802 741 supposuit
1832 723 1838 730 ,
1865 698 1925 731 Per
1953 696 2092 740 spiritale

1217 751 1356 789 Domini
1368 761 1485 793 corpus
1498 761 1565 783 non
1587 748 1687 792 ipsam
1698 747 1767 791 ejus
1778 746 1988 781 substantiam
1999 745 2092 780 intel-

1217 801 1318 841 lexit,
1345 799 1399 834 sed
1419 800 1486 843 ejus
1506 798 1757 833 Sacramentales
1777 798 1926 831 effeetus.
1956 795 2091 830 Ethinc

1218 851 1321 893 lapsus
1346 851 1390 884 est
1416 850 1449 883 in
1476 850 1573 883 aliam
1600 847 1758 892 loquendi
1785 846 2092 891 incongruentiam.

1220 900 1350 933 Etenim
1365 901 1455 943 quod
1469 900 1687 934 Dominicum
1700 898 1732 931 in
1745 899 1955 932 Sacramento
1974 906 2091 939 corpus

1216 949 1344 983 dicatur
1355 950 1462 983 dataea
1485 952 1515 984 se
1532 948 1650 982 divinae
1669 947 1904 982 benedictionis
1925 947 1959 980 &
1980 946 2090 990 gratiae

1217 1000 1459 1033 Sacramentum
1487 1024 1497 1039 ,
1524 1000 1612 1033 nulla
1634 998 1679 1032 est
1703 998 1858 1032 novitatis
1881 997 1999 1039 species
2020 1007 2029 1037 3
2055 1004 2091 1028 at

1217 1048 1305 1092 qudd
1329 1049 1416 1083 idem
1438 1060 1553 1092 corpus
1564 1048 1609 1082 ob
1626 1048 1749 1081 varium
1773 1045 1929 1081 existendi
1952 1046 2090 1084 modum

1217 1101 1342 1133 dicatur
1363 1099 1413 1132 sui·
1436 1099 1532 1142 ipsius
1544 1099 1809 1137 Sacramentum,
1836 1109 1895 1140 prae
1906 1097 1935 1129 se
1962 1097 2021 1129 fert
2034 1095 2090 1129 alir

1217 1150 1293 1191 quid
1309 1150 1497 1193 incongruae
1511 1148 1665 1181 novitatis
1676 1171 1683 1177 .
1696 1147 1788 1180 Hinc
1799 1146 1889 1180 istam
1901 1146 2091 1191 apologiam

1219 1199 1296 1232 reste
1322 1199 1461 1233 Sanflus-
1483 1199 1684 1233 Lanfrancus
1711 1220 1721 1235 ,
1758 1197 1890 1230 Sant‘tus
1918 1195 2092 1229 Anselmus

1221 1261 1285 1283 non
1302 1249 1383 1282 recte
1396 1249 1524 1283 usitavit
1542 1273 1549 1280 .
1576 1247 1646 1291 Ipsa
1659 1246 1705 1280 uti
1718 1245 1872 1281 debuerat
1894 1246 1933 1281 ad
1946 1245 2091 1280 membra

1218 1299 1277 1332 suae
1296 1297 1532 1332 distinstionis.

1267 1349 1431 1393 insignem
1454 1347 1699 1383 instructionem
1736 1349 1911 1384 continent-
1935 1346 2002 1383 haec
2027 1348 2095 1391 eius

1218 1399 1311 1432 verba
1327 1412 1334 1431 z
1354 1403 1436 1442 Jam
1445 1399 1596 1441 postquam
1606 1411 1643 1432 ex
1654 1399 1826 1443 confragosis
1859 1403 1926 1434 locis
1937 1398 1993 1433 huc
2004 1397 2094 1442 usque
2112 1397 2186 1434 CssP·
2203 1397 2249 1432 ¹33

1217 1447 1359 1489 evafimus
1374 1473 1384 1488 ,
1408 1448 1583 1490 confide-rare
1596 1449 1667 1482 libet
1679 1451 1824 1483 attentius
1840 1475 1850 1491 ‚
1877 1461 1927 1483 cur
1937 1448 2027 1492 super
2038 1449 2093 1481 hac

1217 1510 1249 1531 re
1260 1504 1293 1531 in
1297 1497 1465 1541 samqorum
1480 1502 1608 1532 Patrum
1621 1499 1797 1532 tradtanbus
1820 1507 2008 1542 reperiantur
2027 1497 2093 1541 fi’n-

1217 1555 1318 1581 tentiae
1343 1558 1406 1581 ram
1421 1549 1542 1589 dubiae,
1569 1558 1632 1582 tam
1648 1546 1848 1593 scrupulosae,
1876 1552 1910 1584 &¹
1923 1561 1990 1592 quae
2003 1555 2095 1582 etiam

1210 1598 1266 1641 fibi
1287 1604 1416 1632 invicem
1439 1610 1646 1642 nonnunquam
1676 1606 1834 1634 contrariae
1857 1602 1998 1634 videntur
2024 1624 2035 1640 ,
2061 1609 2095 1633 ut

1217 1660 1273 1681 non
1284 1648 1373 1690 solum
1385 1654 1436 1692 qui
1447 1651 1641 1684 contendendi
1653 1657 1816 1685 intentione
1825 1651 1894 1683 illas
1907 1658 2095 1694 congregant,

1216 1704 1374 1734 materiam
1398 1705 1429 1734 in
1451 1706 1494 1736 eir
1517 1708 1680 1735 inveniant
1691 1703 1814 1734 errandi
1828 1724 1839 1740 ,
1860 1699 1918 1742 sed
1936 1703 1970 1734 (5
1983 1707 2034 1742 qui
2055 1712 2095 1733 ex

1215 1757 1257 1784 eis
1284 1750 1432 1792 adstruere
1454 1754 1558 1786 volunt
1577 1752 1668 1794 fidem
1691 1751 1890 1789 Catholicam,
1929 1762 1986 1783 non
2000 1750 2096 1791 facil&

1211 1800 1243 1844 se
1264 1804 1334 1836 indi?
1359 1810 1468 1845 queant
1495 1803 1636 1845 expedire
1656 1827 1663 1833 .
1691 1802 1770 1835 Haec
1798 1801 1932 1834 Parrum
1957 1799 2096 1833 obscuri-

1215 1863 1262 1885 tas
1287 1853 1332 1885 est
1357 1853 1435 1886 item
1460 1854 1573 1894 causa,
1599 1863 1657 1886 cur
1681 1852 1816 1896 quidam
1841 1850 1941 1885 hodie
1964 1850 2096 1884 mollio-

1214 1914 1262 1936 res
1284 1902 1525 1938 Caninistae&
1541 1903 1727 1938 Romanam
1749 1901 1847 1936 fidem
1869 1901 2004 1936 &suam
2031 1912 2096 1943 per-

1214 1952 1328 1987 fidiam
1353 1953 1487 1987 censent
1514 1954 1577 1987 esse
1605 1952 1807 1998 probabilem
1833 1976 1841 1985 .
1872 1953 1967 1987 Hinc
1993 1950 2097 1985 etiam

1213 2003 1427 2048 Berengarius
1453 2028 1464 2043 ,
1502 2004 1623 2049 aliique
1653 2003 1901 2039 Sacramentarii
1936 2002 2097 2040 Haeretic?

1214 2053 1415 2096 proclam-ant
1452 2053 1571 2088 affidue
1596 2055 1636 2088 ad
1663 2057 1813 2090 sanetum
1842 2055 2090 2100 Augustinum,

1212 2103 1260 2134 nti
1297 2102 1337 2134 ad
1374 2103 1585 2137 firmiffimam
1611 2105 1802 2139 columnam
1829 2105 1877 2139 sui
1902 2106 2086 2151 dogmatis.

1212 2149 1359 2185 Eandem
1383 2152 1415 2185 in
1430 2154 1532 2194 specie
1554 2154 1800 2196 discrepantiam
1811 2155 1946 2196 reperies
1966 2157 2000 2189 in
2013 2157 2087 2191 aliis

1210 2200 1359 2235 Patribus
1378 2227 1385 2234 .
1414 2202 1457 2235 Et
1477 2203 1609 2236 sanstus
1636 2203 1811 2237 Anselrnus
1832 2205 1949 2239 merito
1971 2207 2085 2248 quaeric

1209 2252 1338 2285 causam
1359 2276 1365 2282 .
1396 2253 1438 2285 Et
1459 2253 1650 2294 respondet:
1677 2257 1760 2297 ‚Quia
1781 2254 1821 2286 ab
1842 2259 1927 2287 initio
1947 2256 2085 2298 Ecclefiae

1208 2299 1299 2343 usque
1319 2303 1364 2333 ad
1384 2301 1478 2339 nostra
1495 2304 1573 2344 pene
1604 2313 1736 2345 tempora
1760 2303 1822 2336 baec
1847 2303 1885 2337 ab
1913 2304 2079 2340 bominibus

1208 2351 1325 2392 quaestio
1345 2352 1571 2385 intallarelic‘la
1591 2352 1647 2392 est.
1673 2353 1777 2386 san&
1791 2357 1902 2387 Patres
1923 2358 2002 2398 quod
2021 2369 2079 2390 non

1206 2401 1438 2444 impugnabatur
1472 2414 1530 2434 non
1565 2403 1767 2444 defendebant
1793 2427 1804 2443 ,
1841 2403 1898 2446 nist
1913 2408 1993 2447 quod
2027 2408 2079 2440 ali-

1205 2452 1325 2492 quando
1349 2456 1380 2484 in
1413 2451 1590 2485 trac‘latibus
1609 2451 1675 2496 suis
1688 2453 1739 2486 hoc
1758 2465 1848 2486 unum
1860 2454 2077 2499 proferebant,

1204 2503 1284 2542 quod
1306 2512 1354 2534 res·
1376 2502 1541 2544 postulabat
1567 2527 1578 2542 ‚
1605 2504 1639 2536 Θ
1664 2502 1827 2537 habebatur
1862 2510 1895 2537 in
1919 2507 2071 2539 manibus.

1204 2552 1296 2593 ,Quod
1317 2556 1390 2593 quia
1414 2551 1615 2593 quaestiom'bus
1628 2564 1685 2585 non
1696 2552 1909 2596 respondebat,
1936 2568 2003 2597 quae
2013 2569 2076 2592 nec-

1201 2602 1273 2632 dum
1292 2611 1399 2640 erant,
1420 2610 1530 2642 parum
1552 2603 1634 2635 modo
1644 2602 1772 2645 sufficere
1792 2605 1910 2637 videtur
1934 2607 1980 2638 ad
1997 2618 2071 2648 eas,

1201 2661 1265 2682 cum
1288 2659 1436 2694 exurgunt
1460 2675 1471 2689 ‚
1496 2650 1712 2694 compeftendas
1731 2678 1738 2684 .
1768 2656 1880 2686 Contra
1904 2666 1977 2697 quas
2000 2662 2071 2699 quia

1201 2709 1271 2732 tunc
1297 2711 1354 2733 non
1390 2700 1536 2743 vigilabat
1562 2712 1657 2734 eorum
1679 2707 1800 2735 intentio
1822 2728 1834 2744 ‚
1868 2706 1999 2746 plurima
2032 2709 2070 2742 de

1200 2752 1401 2782 sacramentis·
1422 2755 1455 2782 in
1476 2749 1634 2792 scripturis
1654 2750 1719 2794 fiais
1746 2755 1929 2795 reliquerunt
1951 2781 1964 2796 ,
2000 2768 2070 2799 quae

1197 2801 1253 2832 loco
1272 2798 1349 2842 fiio,
1370 2799 1424 2842 suo
1443 2798 1530 2843 finsu
1556 2800 1629 2834 bene
1652 2800 1771 2842 diffie,
1796 2803 1835 2835 ab
1857 2810 1900 2837 eis
1927 2812 1978 2847 qui
2002 2818 2068 2840 con-

1198 2850 1317 2882 tendere
1343 2850 1396 2882 vel
1417 2860 1516 2884 errare
1541 2860 1648 2883 amant
1672 2875 1683 2890 ,
1719 2862 1804 2886 eruta
1829 2853 1868 2887 de
1901 2855 1971 2888 locis
1999 2856 2065 2898 suis

1192 2907 1248 2941 per
1266 2897 1299 2941 se
1322 2899 1462 2933 videntur
1484 2901 1568 2933 aliud
1586 2898 1691 2943 fimare
1707 2926 1717 2942 ,
1746 2904 1835 2944 qudm
1856 2902 1961 2948 sonent
1986 2907 2066 2947 und?

1196 2950 1341 2993 assumpta
1372 2947 1443 2991 sunt
1468 2972 1480 2989 ,
1517 2952 1550 2984 δ’
1576 2962 1668 2993 quam
1687 2950 1835 2995 senserint
1868 2960 1921 2996 qui
1940 2954 2064 2997 scripse-

1196 3009 1266 3032 runt
1289 3024 1296 3030 .

1190 3048 1282 3092 finit,
1308 3060 1375 3090 quae
1399 3049 1473 3082 bene}
1491 3050 1595 3090 dista,
1616 3049 1674 3094 sed
1696 3050 1843 3094 obscurius
1861 3077 1873 3096 ,
1897 3055 1997 3094 utpote
2022 3055 2062 3088 ab

1193 3106 1233 3132 eis
1257 3124 1266 3139 ‚
1292 3103 1342 3140 qui
1368 3108 1401 3131 ut
1418 3098 1548 3132 homines
1567 3124 1578 3139 ‚
1619 3110 1762 3134 venturas
1787 3112 1884 3134 omnes
1911 3105 2063 3136 Erronum

1191 3149 1352 3182 calumnias
1390 3159 1446 3181 non
1469 3157 1607 3191 poterant
1624 3152 1795 3191 praevtdere
1813 3174 1824 3188 ,
1852 3153 1928 3185 male
1947 3155 2061 3187 intelle-

1191 3200 1238 3231 θα
1261 3204 1415 3230 materiam
1442 3200 1565 3232 errandi
1584 3201 1636 3233 vel
1655 3201 1848 3233 contendendi
1868 3203 1998 3243 perditis
2013 3210 2061 3237 vr·-

1190 3251 1298 3282 dentur
1313 3248 1472 3289 praestare.

1334 2999 1392 3031 sed
1415 3000 1449 3033 ὠ·
1479 3000 1571 3033 multa
1590 3003 1628 3034 de
1653 3003 1755 3034 eadem
1780 3013 1812 3035 re
1831 3003 1870 3035 ab
1894 3011 1937 3036 eis
1959 3004 2063 3038 reuera

1238 3299 1292 3331 Est
1306 3309 1347 3330 ex
1360 3299 1476 3331 Sansto
1500 3298 1690 3344 Augustino
1708 3297 1870 3344 desumpta
1882 3303 2051 3346 responfio.

1190 3348 1321 3380 Etenim
1345 3349 1376 3380 ὃς
1389 3346 1466 3381 hinc
1480 3347 1731 3393 pelagianorum
1749 3349 2056 3395 PrincipiJuiiano,

1187 3399 1327 3441 quaedam
1359 3398 1507 3432 adversus
1531 3399 1694 3443 originale
1720 3410 1887 3443 peccatum
1914 3403 2054 3437 testimo-

1617 3447 1644 3482 P
1695 3460 1717 3486 2

1950 3453 2005 3485 nia
