2352 3756
576 91 864 143 stannum
898 83 1210 139 Romanum
1244 87 1623 138 Conctt‘wM.

212 179 431 217 laborantibus
451 179 533 215 olim
557 179 785 215 benedicerent
798 202 809 219 ,
834 176 924 221 supra
945 174 1075 210 testatus

212 232 308 266 nobis
327 232 372 266 est
392 231 527 266 sanstus
546 229 769 276 Augustinus.
799 228 844 261 Et
862 226 951 271 qudd
964 225 1075 259 Nesta-

211 282 277 316 rius
297 280 684 325 Constantinopolitanus
705 279 905 323 Episcopus,
929 274 1008 309 dum
1027 273 1078 309 ad-

211 325 277 366 huc
296 330 416 366 Laicus
436 330 614 365 Tharsoin
627 330 767 374 Regiam
786 327 900 362 urbem
911 326 1034 366 abiret,
1060 326 1078 358 a

210 382 271 415 suo
297 380 460 426 Episcopo
476 380 632 415 Diodoro
655 379 913 414 benediffionem
930 376 1079 419 petierit,

156 453 160 455 —
211 431 344 465 testatur
354 429 560 474 Nicephorus
580 429 749 465 Calixtus.
775 427 926 462 omnine>
935 427 998 460 fuit
1009 435 1080 459 mos

211 480 417 515 universalis.
443 481 557 514 Nemo
576 479 665 514 enim
686 477 792 513 fidelis
812 477 854 511 de
871 474 1079 511 Parochiaad

210 528 405 566 Parochiam
427 531 559 564 tranfire
573 537 698 573 peterat
710 529 776 561 fine
786 527 935 561 formatis
946 525 1060 559 litteris
1072 548 1082 563 ‚

207 580 359 623 adeoque
370 581 405 614 ἀ
413 580 482 614 fine
492 579 718 615 benedictione
729 577 777 611 sui
792 577 943 621 Episcopi
959 601 967 608 .
992 575 1083 609 Post-

210 630 315 664 modo
337 630 428 672 supra
451 636 622 663 numerum
644 627 859 670 multiplicata
873 627 918 660 est
931 624 1082 660 Christia-

210 679 319 712 nitas:
346 679 568 721 Multiplicata
579 689 681 722 gens,
708 687 777 711 non
800 678 835 711 in
855 675 1084 710 omn-ibusma-

212 729 371 773 gnificata
383 728 493 763 laetitia
505 754 513 761 .
539 727 601 762 Ista
623 727 733 762 omnis
746 727 864 770 pietas,
895 725 1003 759 duma
1015 733 1086 756 tan-

38 334 102 370 4ἰῐὶ).
111 343 155 365 12.

38 383 101 414 cap·
112 384 154 406 12.

213 788 251 811 to
275 790 409 815 numero
430 777 554 823 negligi
576 778 674 821 coepi't
689 800 700 816 ,
725 778 761 810 se>
775 775 940 810 contraxit
964 773 1004 812 ad
1017 773 1083 808 sola

213 826 413 864 Monasteria
431 851 438 858 .

894 935 1049 943 -—--—.-.-...

277 1008 492 1073 Exponitur
505 1003 753 1051 sacerdotalis
767 1001 994 1052 Maledicfilio
1004 1038 1016 1051 .

297 1124 401 1159 Tiam
423 1124 489 1158 haec
508 1124 556 1158 est
569 1122 671 1169 longe
684 1121 903 1167 antiquiffima
917 1147 924 1154 .
952 1120 1087 1156 Etenim

251 1171 258 1175 ⁵
313 1175 400 1209 ‘Noe
411 1175 481 1209 filio
493 1176 552 1208 suo
563 1172 670 1208 Cham
681 1198 693 1214 ,
711 1174 744 1207 &
754 1172 856 1215 Jacob
868 1172 927 1206 suo
938 1171 1008 1205 filio
1019 1170 1086 1203 Ru-

211 1223 283 1258 ben
296 1223 464 1264 maledixit
478 1249 484 1256 .
496 1223 593 1258 Dicta
603 1223 644 1257 ad
656 1223 744 1257 hunc
757 1222 874 1262 verba,
885 1227 957 1255 Non
968 1219 1088 1263 crescas,

213 1273 358 1307 omnino
378 1274 551 1308 continent
571 1273 855 1307 maledictionem.
884 1273 928 1306 Et
940 1272 976 1306 in
986 1270 1088 1305 Novo

215 1322 438 1358 Testamento
449 1324 581 1357 Sanctus
593 1322 708 1356 Petrus
721 1322 899 1365 Apostolus
923 1320 1089 1354 Ananiam

218 1372 453 1416 &Sapphiram
473 1374 527 1406 sua
550 1372 779 1406 maledictione
789 1370 929 1409 occidit.
958 1370 1002 1404 Et
1014 1371 1091 1405 San-

216 1423 288 1456 flus
310 1422 430 1457 Paulus
452 1421 632 1466 Apostolus
653 1422 876 1463 Hymenaeum
896 1421 928 1455 δε
951 1420 1091 1453 Alexan-

215 1471 315 1506 drum
334 1495 346 1512 ,
373 1481 410 1505 ut
428 1471 447 1505 ὲ
467 1469 709 1513 blasphemandi
734 1471 870 1505 audacia
910 1469 1057 1504 liberaret
1080 1493 1091 1509 ,

213 1519 354 1555 tradidit
365 1520 506 1555 Satanae:
517 1520 619 1569 Qod
632 1531 699 1553 non
711 1519 775 1554 fuit
785 1519 872 1554 aliud
886 1543 898 1560 ,
918 1518 1015 1562 quam
1026 1530 1094 1552 ma-

217 1567 376 1604 ledicere.
405 1569 472 1604 Eos
498 1570 815 1605 excommunicavit.
844 1570 887 1603 Et
907 1579 1093 1603 excommu-

213 1616 395 1654 nicationis
431 1619 578 1664 elogium
596 1619 643 1652 est
678 1618 819 1654 omnino
859 1618 1093 1653 matedietionis

216 1668 336 1712 species
355 1669 477 1703 famosa
499 1667 586 1712 apud
606 1668 839 1713 Synngogam,
865 1667 900 1701 &
921 1679 977 1710 per
999 1667 1093 1700 Divi-

216 1726 298 1752 nam
318 1716 440 1752 Christi
460 1718 605 1753 Domini
624 1717 856 1752 authoritatem
882 1717 1027 1751 traducta
1052 1716 1092 1750 ad

218 1767 408 1803 Ecclefiam.
431 1767 534 1803 Poffit
544 1777 653 1802 tamen
674 1770 737 1802 effe
756 1766 944 1805 maledictio
964 1767 1033 1800 fine
1042 1777 1092 1799 ex-

219 1818 543 1853 communicatione:
570 1817 705 1851 Etenim
716 1817 758 1851 de
769 1817 887 1851 Sancto
897 1816 1024 1859 Jacobo
1034 1815 1094 1849 Ni·

215 1865 331 1900 sibeno
354 1866 540 1910 Episcopo,
566 1878 663 1910 quem
685 1865 921 1911 praedicationis
937 1867 1041 1911 gratia
1053 1865 1094 1899 ad

217 1915 331 1950 Persas
350 1925 484 1951 euntem
502 1917 611 1951 nescio
629 1928 701 1961 quae
721 1916 948 1960 impudentes,
974 1916 1009 1957 βε
1021 1916 1095 1949 suos

220 1976 351 2011 pannos
371 1967 407 2001 in
429 1968 523 2001 fonte
544 1966 687 2001 lavantes
707 1993 717 2009 ,
745 1966 858 2009 puellae
882 1965 1095 2007 deridebant,

221 2016 334 2051 scribit
346 2017 381 2050 in
393 2016 563 2060 Religiosa
573 2017 723 2050 Historia
734 2016 969 2051 Theodoretus
981 2029 988 2048 z
1004 2017 1097 2059 ‚Quod

221 2068 303 2110 agre*
316 2065 423 2107 ferens
437 2065 520 2098 bomo
531 2069 587 2099 Dei
601 2090 612 2105 ‚
634 2074 829 2107 opportunum
836 2075 921 2099 ratus
937 2069 992 2099 Dei
1003 2073 1097 2098 virtu-

219 2123 285 2149 tem
304 2113 465 2156 ostendere:
489 2124 524 2148 ut
549 2113 653 2156 illustri
662 2117 802 2148 miraculo
812 2116 852 2147 ab
862 2121 1014 2157 impietate
1026 2115 1096 2148 Iibe-

223 2173 329 2205 rant,
348 2164 467 2207 fhntem
490 2164 528 2205 est
539 2174 709 2198 execratus.
737 2167 783 2197 Et
794 2165 933 2203 fluentum
953 2163 1097 2206 confestim

223 2219 368 2249 evanuit.
397 2216 515 2248 Puellas
537 2225 648 2257 quoque
668 2224 826 2251 execratus
851 2213 888 2254 est
898 2225 933 2247 ac
946 2216 1097 2256 impuden-

184 2304 186 2306 ,
221 2269 284 2299 iem
299 2274 400 2297 earum
415 2266 577 2306 ‚iuventam
599 2269 761 2297 immatura
787 2270 895 2298 canitie
920 2264 1075 2307 castigavit
1089 2289 1096 2296 .

223 2315 271 2346 Et
281 2313 375 2347 verba
384 2312 531 2355 confestim
539 2313 656 2356 fadum
679 2313 717 2353 est
731 2313 908 2355 confi-tutum
919 2339 928 2354 ,
955 2313 1097 2357 mutatus-

225 2373 284 2405 que
304 2362 342 2404 est
362 2369 442 2406 niger
461 2365 531 2396 color
543 2364 691 2405 pilorum,
717 2363 866 2404 &fimiles
878 2362 1038 2406 evaserunt
1050 2376 1097 2396 no-

225 2413 316 2446 vellis
339 2412 493 2447 arboribus
504 2437 517 2454 ,
540 2424 609 2455 quae
629 2424 698 2447 vere
713 2421 824 2456 opertae
838 2412 1001 2456 suntfoliis
1013 2423 1094 2447 autu-

224 2462 376 2496 mnalibus
386 2487 393 2494 .
415 2462 465 2496 Ex
477 2474 544 2506 quo
557 2463 645 2497 vides
657 2462 741 2497 hanc
751 2463 1013 2497 malediffioncm
1028 2475 1095 2497 non

224 2512 410 2556 impingere
420 2513 454 2546 in
467 2512 698 2557 Evangelicam
709 2514 833 2558 Legem
844 2537 855 2554 ‚
882 2525 952 2557 quae
967 2511 1100 2546 maledi-

155 2567 162 2574 “
227 2563 314 2595 &um
326 2571 413 2596 vetat
423 2562 522 2596 etiam
543 2562 633 2596 reddi
657 2563 847 2596 maledicto.
876 2562 1047 2596 Necenim
1060 2564 1097 2596 fit

227 2621 270 2644 cx
289 2610 369 2645 odio
388 2622 444 2646 aut
467 2611 608 2646 nocendi
631 2611 788 2650 libidine,
817 2612 869 2645 sed
889 2623 930 2645 ex
942 2613 1097 2646 charitate

46 2024 119 2062 Cap.
143 2034 167 2054 1.

226 2659 389 2695 liberandi
411 2661 453 2695 ab
463 2661 653 2704 iniquitate.
679 2661 810 2695 Nam&
827 2660 1047 2696 Alexandrum
1060 2674 1096 2696 ac

227 2709 450 2756 Hymenaeum
469 2712 602 2745 sanctus
622 2709 740 2745 Paulus
753 2711 874 2744 Satanae
885 2712 1016 2745 tradidit
1029 2735 1041 2751 ,
1063 2723 1096 2746 at

227 2759 266 2794 in
287 2762 457 2795 interitum
476 2761 602 2801 carnis,
628 2772 665 2794 ut
682 2760 843 2795 discerent
865 2772 932 2794 non
955 2761 1097 2805 blasphe-

229 2821 319 2845 mare
330 2837 337 2843 .
364 2812 408 2845 Et
419 2811 588 2845 Ananiam
600 2822 637 2844 ac
653 2808 843 2854 Sapphiram
855 2835 866 2851 ,
893 2810 1010 2854 quibus
1022 2813 1096 2846 San-

228 2861 299 2893 &us
321 2861 434 2896 Petrus
453 2860 640 2898 maledixit,
665 2862 757 2894 fuisse
776 2862 807 2893 in
835 2861 934 2894 vitam
947 2872 1094 2895 aeternam

228 2909 367 2944 salvatos
384 2911 520 2945 affirmat
541 2922 617 2945 cum
639 2911 710 2944 aliis
723 2911 857 2944 Sanctus
870 2909 1076 2954 Augustinus
1087 2936 1094 2943 .

230 2957 276 2991 Et
286 2959 326 2992 de
346 2961 401 2994 sua
425 2960 602 3004 petulantia
616 2960 850 3004 poenitentibus
864 2961 978 3003 puellis
990 2961 1095 2995 lauda-

229 3016 281 3041 tus
289 3008 426 3051 Iacobus
447 3007 584 3044 reddidit
604 3011 704 3045 fontis
720 3021 838 3054 aquam
851 3011 885 3044 ὃς
896 3009 1040 3045 colorem
1051 3012 1096 3055 pi-

200 3065 204 3071 ·
228 3056 336 3095 lorum
348 3082 354 3089 .
366 3058 468 3105 Qod
475 3058 573 3093 etiam
582 3059 748 3095 Persarum
759 3059 861 3105 Regis
872 3061 1001 3102 Saporis
1011 3072 1095 3095 exer-

228 3107 332 3141 citum
350 3107 577 3149 maledixerit,
602 3109 786 3153 cyniphum
811 3111 844 3144 δε
865 3111 1009 3144 culicum
1036 3122 1095 3147 nu-

225 3156 304 3191 bem
315 3155 449 3191 immitti
460 3158 494 3192 in
505 3158 609 3202 ipsum
619 3160 638 3192 a
649 3160 724 3193 Deo
737 3160 955 3204 impetraverit
967 3184 978 3199 ‚
1000 3168 1094 3204 atque

226 3208 276 3241 ita
296 3207 487 3241 Nisibenam
508 3207 674 3242 civitatem
694 3208 876 3243 liberaverit
897 3209 938 3243 ab
957 3209 1093 3245 obsidio-

61 3261 155 3291 Lib.2.
229 3268 291 3296 ne,
318 3256 471 3291 scribitin
487 3256 704 3292 Ecclefiastica
714 3258 860 3293 Historia
874 3259 961 3293 idem
983 3259 1094 3294 Theo-

60 3306 174 3340 (ἥδ’-6·
227 3306 376 3341 doretus.
406 3308 449 3341 Et
467 3304 507 3340 de
532 3307 623 3342 Milli
644 3307 777 3342 Perfidis
798 3310 962 3353 Episcopo
987 3310 1094 3345 scribit

230 3356 383 3396 Hermias
399 3357 630 3392 Zozomenus:
655 3359 731 3390 Ci‘cm
753 3364 895 3393 neminem
907 3364 940 3392 in
951 3356 1009 3402 fica
1023 3365 1094 3396 civi-

325 3405 430 3448 Christ,
445 3410 525 3450 Lupi
535 3411 623 3450 oper.
640 3409 672 3440 T.
685 3411 739 3441 VI.

1841 107 1898 151 25
1914 107 1932 151 5

1137 178 1199 204 tate
1216 171 1304 215 poffi’t
1324 171 1368 203 ad
1381 169 1474 211 fldem
1496 172 1695 211 Christianam
1712 175 1888 216 perducere,
1915 172 2010 216 ipsam

1139 230 1292 255 execratus
1313 219 1352 260 est
1366 245 1377 261 ,
1395 218 1556 262 statimque
1582 221 1697 263 disceffie
1720 247 1727 255 .
1754 229 1825 258 Non
1849 226 1930 268 longo
1946 223 2009 265 post

1142 279 1266 314 tempore
1283 296 1293 312 ‚
1319 282 1385 304 cum
1404 272 1547 303 Primariz·
1572 275 1632 302 viri
1652 271 1729 303 illius
1749 274 1830 305 urbis
1850 279 1881 306 in
1900 278 2008 317 Regem

1136 322 1293 365 peccassent
1312 346 1324 362 ,
1350 327 1500 354 exercitus
1535 330 1599 352 cum
1625 326 1758 354 trecentis
1779 323 1957 364 Elephantis
1975 325 2008 356 eo

1137 371 1287 414 profec‘lus
1296 370 1398 404 urbem
1407 376 1517 404 evertit
1533 395 1539 401 .
1563 369 1688 403 Pedum
1699 369 1829 406 suorum
1843 373 2016 414 pulverem.

1142 421 1250 455 Minis
1268 431 1382 456 contra
1407 422 1498 454 suam
1525 420 1691 454 civitatem
1716 419 1851 452 excuffit
1873 443 1879 451 .
1907 422 2008 455 Hunc

1143 473 1233 506 enim
1243 471 1341 506 ritum
1351 473 1412 506 elle
1423 469 1660 505 maledictionis
1671 470 1809 512 speciem
1835 468 2011 504 ostendunt

1146 522 1256 556 addita
1278 520 1419 556 Domini
1439 520 1553 554 verba:
1580 519 1773 554 Tolerabilius
1793 524 1849 552 erit
1860 527 1948 551 terrae
1966 521 2015 551 50-

1146 573 1294 605 domorum
1317 572 1351 605 (ν’
1374 570 1624 604 Gomorrbaeorum
1650 576 1683 604 in
1702 570 1749 603 die
1765 569 1897 610 judicii,
1924 579 2015 609 quam

1146 624 1190 655 illi
1208 627 1327 655 civitati
1347 646 1355 654 .
1382 622 1426 655 Et
1450 619 1491 653 de
1514 621 1632 654 Sancto
1656 618 1821 653 Machuto
1853 618 2018 661 Episcopo

1146 671 1297 707 Britones
1327 669 1543 705 maledicente
1569 665 1677 704 scribit
1702 667 1885 713 Sigebertus
1920 668 2019 702 Gem·
2036 686 2165 721 An.561.

1148 721 1320 758 blacenfis:
1347 721 1474 755 sanHus
1499 719 1653 753 Machmas
1683 721 1850 752 Britannos
1865 743 1875 758 ,
1898 725 2019 760 propter

1142 770 1230 813 suam
1250 771 1480 805 maledic‘lionem
1500 775 1599 804 variis
1622 769 1755 803 cladibus
1778 768 1914 801 addie‘los
1929 793 1939 808 ,
1965 769 2020 801 das·

1147 829 1180 854 ta
1201 823 1320 854 rursum
1341 821 1535 854 benedictione
1554 818 1682 863 absolvit
1706 831 1740 853 ac
1758 818 1905 862 sanavit.
1932 817 2021 850 lnfli-

1149 872 1232 904 &am
1254 870 1446 905 Britonibus
1467 871 1486 904 a
1503 869 1730 905 maledictione
1742 870 1871 914 plagam
1882 868 2021 910 exponit

1150 920 1235 954 idem
1254 919 1438 964 sigebertus
1458 921 1494 954 in
1514 920 1655 964 ejusdem
1678 920 1784 954 Sanffi
1811 918 1875 952 vita
1890 932 1900 951 .-
1928 919 2021 950 Terra

1131 969 1182 1017 lin
1203 977 1286 1011 opere
1305 975 1459 1012 impiorum
1484 971 1643 1004 maledidia
1665 994 1676 1009 ‚
1701 979 1765 1003 tam
1797 974 1830 1002 in
1853 967 1995 1012 frugibus
2012 991 2023 1007 ‚

1149 1031 1241 1061 quam
1261 1024 1294 1052 in
1310 1026 1408 1062 pomis
1427 1027 1555 1055 omnium
1570 1031 1711 1063 generum
1727 1020 1838 1060 sterilis
1873 1020 1906 1052 (θ’
1930 1018 2020 1059 infru-

1157 1067 1254 1111 t‘luosa
1270 1068 1308 1110 est
1327 1071 1466 1103 reddita.
1494 1071 1689 1104 Habitatores
1698 1072 1767 1103 verri
1785 1072 1850 1110 eJ'us
1862 1069 1939 1102 mille
1951 1078 2025 1101 mor·

1152 1118 1252 1153 borum
1271 1120 1364 1153 modis
1386 1120 1535 1156 devorati,
1566 1120 1744 1153 Enumerat
1760 1119 1948 1153 morborum
1961 1118 2025 1159 spe,-

1151 1169 1239 1209 cies,
1265 1168 1299 1202 &
1315 1170 1505 1204 concludit:
1532 1174 1597 1203 Nec
1609 1170 1718 1210 aliquis
1730 1178 1795 1202 erat
1806 1174 1949 1207 omnium,
1976 1171 2027 1208 qui

1150 1218 1266 1257 coeleslis
1287 1218 1430 1253 vindidae
1446 1218 1582 1263 effligeret
1601 1220 1768 1260 judicium.
1798 1219 1912 1252 Tanta
1935 1227 2031 1251 vexa·

1151 1268 1199 1302 tio
1221 1267 1312 1302 dedit
1335 1269 1556 1309 intellestum,
1580 1269 1613 1303 &
1636 1269 1793 1311 compulit
1814 1268 1855 1302 ad
1867 1268 2033 1311 postulan-

1154 1318 1229 1353 dam
1251 1318 1269 1352 ὲ
1295 1319 1414 1354 Sancto
1427 1319 1590 1363 Episcopo
1613 1319 1765 1359 veniam,
1790 1317 2032 1352 &maledicum

1154 1369 1206 1402 nis
1216 1368 1474 1403 absolutionem.
1502 1370 1547 1403 Et
1561 1369 1647 1412 apud
1659 1369 1811 1403 Sandtum
1831 1368 2032 1412 Gregorium

1154 1418 1385 1454 'Turonensem
1406 1420 1442 1453 in
1465 1419 1550 1454 libro
1566 1420 1607 1453 de
1631 1421 1820 1453 Sanctorum
1843 1418 1919 1451 vitis
1945 1416 2034 1450 Hor-

1154 1468 1290 1502 tenfium
1309 1468 1477 1503 Comitem
1489 1492 1499 1508 ‚
1525 1468 1616 1512 quod
1635 1468 1670 1501 in
1684 1480 1854 1512 pauperem
1869 1466 1947 1501 dure
1957 1477 2034 1511 ager

1135 1530 1138 1538 ·
1155 1527 1202 1551 ret
1216 1542 1226 1556 ,
1252 1516 1417 1552 maledicit
1441 1520 1574 1553 Sanetus
1595 1517 1797 1565 Qintianus
1820 1516 2033 1551 Arvernenfis

1160 1567 1340 1611 Episcopus
1361 1581 1373 1602 .·
1399 1569 1442 1601 Et
1456 1568 1695 1603 maledictionis
1723 1567 1851 1602 effeetus
1879 1579 1948 1601 non
1970 1566 2035 1603 ces-

1157 1617 1258 1656 savit,
1283 1618 1342 1651 nisi
1364 1618 1405 1652 ad
1430 1618 1604 1660 poenitenti
1624 1617 1736 1652 datam
1756 1616 2032 1651 benedictionem,

1157 1666 1350 1700 Maledistio
1370 1666 1488 1701 habuit
1506 1668 1540 1702 ὅ(
1562 1667 1652 1702 hunc
1677 1668 1849 1701 articulum
1866 1680 1872 1699 :
1903 1665 2011 1710 ,Quaeso
2025 1691 2035 1705 ‚

1157 1718 1282 1748 Domine
1299 1739 1310 1755 ,
1335 1725 1490 1758 nunquam
1510 1718 1548 1750 de
1573 1715 1715 1757 Hortensii
1736 1722 1924 1760 generatione
1950 1714 2030 1758 quisq

1157 1776 1247 1807 quam
1260 1773 1471 1806 promoveatur
1493 1767 1537 1798 ad
1547 1764 1720 1808 Episcopale
1731 1768 1933 1800 Sacerdotium
1948 1790 1958 1805 ‚
1985 1772 2034 1807 qui

1157 1812 1334 1857 Episcopum
1353 1826 1411 1848 non
1433 1816 1560 1848 exaudit
1582 1841 1589 1848 .
1616 1816 1661 1850 Et
1686 1816 1771 1859 apud
1799 1816 2032 1859 Presbyterum

1157 1863 1381 1902 Flodoardum
1408 1865 1539 1900 Sanetus
1557 1865 1730 1910 Remigius
1753 1865 1947 1905 Rhemenfis
1959 1866 2037 1908 Epi-

1158 1912 1437 1957 scopusCeltenfis
1450 1914 1523 1959 pagi
1535 1916 1698 1956 ruricolis,
1727 1916 1816 1958 quod
1843 1918 1900 1950 suae
1925 1916 2037 1950 Eccle-

1159 1964 1206 1999 fiae
1226 1964 1339 1999 villam
1361 1965 1545 1998 exuffiffent
1567 1990 1578 2006 ,
1605 1966 1778 2000 maledixit.
1803 1966 1838 1999 in
1861 1964 1948 2000 hanc
1975 1968 2040 2000 for·
2080 1995 2094 2002 ..

1160 2024 1265 2047 mam:
1293 2017 1404 2047 Omnes
1422 2019 1473 2056 qui
1493 2013 1543 2048 boc
1565 2021 1701 2058 egerint,
1729 2018 1763 2050 (9⁸
1778 2021 1827 2058 qui
1849 2018 1887 2050 de
1909 2015 2038 2058 ipsbrum

1155 2070 1288 2107 germine
1298 2063 1487 2105 natlfuerint
1499 2088 1508 2103 ‚
1536 2071 1598 2097 viri
1605 2065 1760 2107 ponderosi
1762 2066 1843 2108 fiant
1854 2092 1866 2107 ‚
1893 2067 2036 2108 &faemi-

1163 2125 1211 2147 nae
1225 2118 1355 2157 gutturis
1375 2114 1545 2147 calamitate
1564 2113 1752 2155 plee‘lanrur.
1782 2116 1825 2149 Et
1848 2116 2035 2150 maledictio

1160 2163 1309 2197 effestum
1333 2162 1448 2197 habuit
1468 2164 1567 2206 usque
1587 2163 1627 2197 ad
1649 2164 1769 2208 Magni
1800 2165 1913 2198 Caroli
1937 2165 2039 2209 Impe-

1162 2214 1245 2247 rium
1258 2238 1265 2251 ,
1292 2214 1335 2247 Et
1357 2211 1397 2247 de
1420 2212 1541 2247 cosma
1556 2213 1741 2248 Patriarcha
1757 2214 2039 2259 Constantinopo-

1162 2264 1266 2297 litano
1294 2288 1304 2304 ‚
1330 2261 1492 2298 atrocibus
1520 2263 1645 2307 injuriis
1671 2264 1787 2299 affecto
1817 2277 1872 2308 per
1899 2267 2036 2310 Impera-

1161 2323 1265 2348 torem
1283 2313 1476 2348 Manuelem
1503 2314 1736 2355 Comnenum,
1768 2314 1876 2349 scribit
1900 2316 2036 2351 Nicetas

1162 2362 1364 2398 Choniates:
1392 2363 1574 2397 Patriam-ha
1596 2366 1801 2408 indignatione
1824 2366 1932 2407 plenus
1945 2371 2035 2409 Impe-

1159 2418 1280 2446 ratricis
1312 2422 1425 2446 uterum
1445 2423 1602 2447 execratur
1625 2440 1637 2456 ‚
1674 2426 1710 2448 ne
1734 2427 1832 2448 mares
1854 2415 1958 2450 liberos
1981 2425 2035 2458 pa-

1160 2470 1220 2496 riat
1233 2489 1240 2495 .
1255 2464 1299 2496 Et
1310 2464 1391 2497 infra
1403 2476 1410 2495 ε
1423 2467 1470 2497 An
1482 2466 1553 2499 verb
1567 2469 1757 2506 Imperatoris
1772 2467 1893 2506 conjux
1907 2466 1941 2500 ob
1950 2466 2035 2507 istam

1163 2516 1267 2546 Patris
1286 2522 1492 2547 execrationem
1511 2526 1609 2548 mares
1630 2526 1687 2547 non
1695 2521 1861 2556 pepererit,
1891 2520 1958 2549 Deo·
1973 2515 2035 2560 ser-

1159 2574 1232 2596 vum
1248 2561 1335 2605 suum
1354 2561 1514 2597 honorante
1526 2588 1536 2603 ,
1563 2573 1652 2606 atque
1671 2567 1802 2606 efficiente
1814 2591 1824 2605 ,
1850 2574 1883 2599 ut
1904 2566 1957 2599 illa
1978 2575 2033 2607 per

1160 2623 1271 2645 omnem
1289 2622 1408 2646 aetatem
1426 2615 1542 2653 puellas
1564 2616 1681 2646 tantum
1693 2620 1849 2648 eniteretur
1861 2640 1871 2655 ,
1898 2617 2034 2658 equidem

1159 2660 1361 2704 nonsatis-fiio
1373 2686 1380 2693 .
1412 2661 1548 2696 Cosmas
1563 2664 1626 2697 fuit
1639 2665 1783 2698 imitatus
1795 2666 1946 2699 Sanstum
1960 2665 2035 2700 Sab-

1160 2712 1234 2746 bam
1256 2711 1417 2745 Abbatem
1430 2736 1440 2752 ,
1468 2713 1523 2756 qui
1539 2712 1691 2757 Augustae
1707 2713 1893 2749 Theodorae
1906 2727 2032 2750 uterum

1161 2762 1267 2795 noluit
1289 2762 1477 2796 benedicere
1492 2786 1499 2792 .
1524 2762 1627 2808 Quod
1637 2765 1736 2798 etiam
1748 2765 1881 2799 Sanetus
1903 2765 2033 2800 Radbe-

1158 2812 1217 2846 dus
1239 2811 1485 2854 Ultrajestenfis
1511 2813 1689 2856 Episcopus
1719 2815 1897 2858 gentilibus
1925 2816 2031 2849 Danis

1158 2861 1362 2896 maledixerit
1373 2886 1382 2901 ,
1398 2862 1431 2895 ὅ(
1445 2862 1493 2895 isti
1507 2874 1622 2896 omnes
1633 2863 1719 2898 male
1733 2865 1886 2907 perierint
1897 2890 1908 2905 ,
1934 2865 2033 2900 habes

1158 2913 1191 2945 in
1206 2922 1327 2955 magno
1348 2911 1453 2956 Belgii
1473 2911 1662 2947 Chronico.
1689 2914 1796 2948 Fuisse
1818 2915 2032 2950 anathematis

1159 2961 1417 2996 maledictionem
1440 2987 1453 3002 ,
1477 2963 1511 2996 ὃς
1542 2974 1753 2998 contumaces
1785 2966 1900 2999 Danos
1935 2966 2031 2999 fuisse

1159 3010 1337 3055 pestilentia
1358 3012 1517 3055 percussos
1535 3038 1545 3054 ‚
1574 3014 1712 3048 affirmat
1745 3015 1852 3049 Sansti
1879 3014 2030 3050 Ratbodi

1158 3063 1229 3095 vita.
1241 3061 1397 3096 Attamen
1410 3059 1710 3106 paganisinflietum
1729 3064 1902 3099 anathema
1915 3066 2029 3107 nequit

1158 3113 1248 3146 fuiffe
1283 3110 1503 3146 Ecclefiastica
1539 3114 1841 3149 excommunicatio
1866 3139 1873 3148 .
1912 3114 2029 3148 Simile

1158 3159 1325 3196 anathema
1334 3160 1520 3206 flagitioso,
1537 3163 1622 3196 acin
1635 3164 1697 3196 suis
1710 3163 1855 3197 sordibus
1870 3164 2028 3206 pertinaci

1157 3210 1348 3254 Presbytero
1361 3235 1373 3250 ‚
1384 3222 1444 3245 nec
1454 3224 1521 3246 non
1530 3214 1564 3247 ὃς
1574 3212 1767 3256 quibusdam
1779 3213 1939 3256 ejusmodi
1951 3214 2031 3251 Lai-

1158 3263 1204 3296 cis
1224 3260 1346 3294 inflixit
1367 3262 1497 3296 Sanctus
1523 3262 1651 3307 Eligius
1661 3262 1881 3297 Tornacenfis
1894 3263 2028 3307 Episco-

1160 3323 1231 3355 pus:
1261 3311 1305 3344 Et
1327 3311 1423 3345 istum
1444 3335 1455 3351 ,
1480 3311 1558 3345 dum
1579 3313 1678 3346 etiam
1706 3313 1881 3347 sacrificare
1906 3314 2003 3347 audet
2017 3338 2027 3354 ,

1158 3359 1369 3397 infelicissima
1381 3372 1485 3399 morte
1495 3361 1671 3405 perculsum
1683 3386 1694 3401 ,
1721 3362 1780 3404 hos
1792 3363 1809 3397 a
1827 3363 2026 3400 daemonibus

1604 3409 1638 3444 Y
1687 3420 1710 3446 2
1907 3414 1980 3446 fuis-

2056 1999 2115 2026 Lm·
2135 2004 2191 2026 1.o.

2062 2047 2107 2072 17.

2056 2380 2118 2408 L.2.
2130 2387 2154 2409 c.
2164 2387 2192 2414 3..

2053 2883 2115 2913 Fol·
2133 2892 2178 2919 72-
