2352 3756
88 1841 160 1879 Cap.
181 1849 226 1869 ao.

91 2151 165 2189 Cap.
180 2158 227 2184 41.

349 169 377 203 Ξ
424 170 450 202 2

275 242 353 277 dam
366 264 377 281 ,
389 170 472 272 51¹0ss
489 235 598 271 minus
616 236 714 281 quam
735 233 776 270 ad
793 235 1023 279 perficiendam
1049 234 1158 267 sacrm

275 294 391 326 sannae
412 285 618 322 Eucharistiae
638 287 917 322 consecrationem
931 311 951 327 .‚
977 285 1150 318 Diaconus
1176 309 1180 316 .

275 339 435 386 populum
461 336 647 372 solemniter
673 336 823 380 patabat,
848 336 912 369 alta
940 331 1021 368 vo'ce
1045 333 1149 367 decla—

275 401 389 426 mans:
417 390 632 422 Attendamus.
660 385 780 420 Nostra
801 386 922 423 Latina
943 383 1085 417 formula
1104 381 1147 415 est

275 440 474 476 sanstissimae
495 436 674 472 Trinitatis
695 434 861 469 invocatio
881 459 892 475 ‚
917 433 951 467 &
976 433 1018 467 ad
1046 433 1148 475 ipsam

275 492 456 536 Episcopus
471 489 616 533 praefatur
629 500 640 519 .-
666 486 853 525 Aeffutortum
873 482 1004 524 nostrum
1018 486 1149 515 innomi·

273 553 312 576 ne
325 545 460 574 Domini.
488 539 532 572 Et
551 536 681 571 Chorus
703 533 891 576 respondet:
919 534 983 575 ,Qui
997 531 1075 574 secat
1095 541 1148 564 cae-

272 592 336 625 lum
357 593 392 626 ό·
413 600 524 624 terram
545 611 551 618 .
580 585 648 619 Uti
666 584 707 617 ad
727 583 969 617 conficiendam
993 581 1151 615 machari-¹

273 642 368 676 stiam
382 666 392 681 ‚
419 641 462 673 ita
473 639 572 671 etiam
583 635 623 669 ad
645 633 895 676 impartiendam
918 632 1043 676 populo
1056 630 1148 687 bene·

272 692 450 727 dictionem
464 685 562 720 nostri
576 683 732 728 Episcopi
752 683 927 727 implorant
938 681 1147 717 affistentiam

271 741 405 776 Divinae
425 735 684 780 Omnipotentiae
704 759 710 766 .
738 733 786 767 Ita
813 732 1006 776 profitentur
1020 756 1031 771 ,
1057 731 1146 774 quod

270 792 304 825 ἀ
325 788 456 823 Chorus
481 788 538 821 suo
559 785 731 828 Responso
757 784 930 817 confirmat
953 806 964 822 ‚
992 790 1148 825 magnam
1169 812 1179 815 ,,

268 841 319 876 illi
341 841 438 874 inesse
461 838 615 872 virtutem
637 858 648 874 ,
676 844 792 877 magna
813 832 972 874 Mysteria
997 857 1004 864 .
1034 830 1154 876 Pergit.

267 891 403 926 Simeon
417 902 424 922 :
436 894 543 923 omnes
556 890 655 927 capita
667 886 846 917 inclinantes
857 881 1033 925 respondent
1045 905 1056 921 ‚
1069 884 1147 915 cum

263 940 376 985 spiritu
388 950 450 972 tuo.
478 935 629 971 Graviter
639 934 831 968 lamentatur
845 932 938 975 hujus
951 930 1147 966 benedictio-

268 993 320 1025 nis
334 991 465 1024 virtutes
481 988 546 1030 jam
560 984 670 1029 paffim
695 984 839 1029 ignorari
862 983 879 1016 ὲ
899 982 1027 1027 populis
1039 1006 1049 1022 ,
1075 993 1143 1038 non

267 1039 392 1076 attendi
405 1038 444 1073 ad
458 1039 557 1081 ipsam
570 1037 602 1069 in
627 1035 764 1069 Ecclesia
777 1060 787 1075 ,
812 1035 844 1068 δε
854 1034 940 1076 quali
950 1043 1144 1067 contemni.

268 1090 420 1124 Affirmat
432 1088 464 1121 id
477 1086 641 1131 procurari
651 1086 668 1119 ὲ
681 1084 835 1130 malignis
848 1083 987 1118 Diaboli
999 1082 1123 1117 artibus
1137 1107 1144 1115 .

267 1141 312 1175 Et
334 1139 431 1174 recte.
877 1144 881 1151 ·
1054 1182 1061 1189 .
1124 1182 1131 1188 ἱ

319 1188 464 1224 Proinde
489 1189 581 1230 super
602 1186 739 1220 stantem
752 1209 762 1225 ,
788 1185 822 1218 &
840 1183 906 1218 sola
922 1184 1029 1227 capita
1053 1181 1145 1238 incli-

265 1252 399 1276 nantem
423 1239 580 1284 populum
603 1238 685 1270 olim
708 1234 903 1269 fundebatur
929 1234 987 1268 ista
1015 1231 1144 1266 bencdi-

265 1290 330 1325 fflo
343 1316 350 1324 .
378 1289 560 1324 Rationem
571 1283 838 1331 darAgathenfis
848 1283 1019 1327 Synodus:
1038 1286 1074 1315 za
1085 1293 1147 1315 con—

265 1339 382 1382 clufione
406 1343 624 1372 Matutinarum
647 1339 698 1370 vel
706 1333 948 1378 Vesper-tinorum
972 1333 1145 1376 Missurum,

261 1391 324 1434 post
338 1396 466 1431 Hymnos
476 1389 615 1431 capitella
633 1389 670 1420 de
683 1384 811 1428 Psalmis
830 1385 967 1416 dicantur
983 1407 992 1422 ,
1018 1384 1052 1415 (ς’
1058 1381 1144 1423 plebs

262 1441 380 1475 collem
389 1445 520 1473 oratione
531 1439 575 1470 ad
585 1435 743 1479 Vesperam
769 1435 807 1466 ab
819 1431 962 1475 Episcopo
988 1443 1053 1464 cum
1064 1431 1146 1463 bene-

263 1490 389 1524 dictione
399 1492 588 1524 dimittatur.
621 1485 762 1518 Mandat
776 1494 842 1516 non
859 1483 965 1517 solum
988 1481 1022 1515 in
1036 1480 1145 1538 Maru-

261 1542 365 1580 tinis,
392 1538 555 1574 sedetiam
577 1534 849 1578 innVespertinis,
878 1544 948 1577 quae
967 1531 1146 1575 injeJumo-

262 1602 335 1626 rum
345 1581 460 1624 diebus
473 1587 596 1622 fiebant
610 1611 619 1625 ,
631 1584 738 1619 Missis
746 1583 893 1618 benedici
909 1582 1066 1626 populum
1078 1605 1089 1621 ,
1113 1581 1145 1614 δε

261 1639 573 1676 cumbeuediffione
584 1635 708 1670 dimitti
723 1660 730 1667 .
758 1632 862 1667 Porro
882 1631 1087 1667 soliPerfeffi
1113 1631 1147 1664 δι

261 1691 485 1727 Co'nfistentes
496 1688 632 1722 aderant
648 1685 753 1719 Missis
765 1698 776 1718 .-
808 1684 848 1717 Et
861 1681 895 1716 hi
910 1681 1036 1715 stabant
1045 1682 1145 1714 etiam

259 1742 302 1777 ad
329 1739 608 1775 consecrationem
636 1759 645 1767 .
673 1734 876 1767 Genuflexos
902 1730 1052 1766 benedici
1078 1740 1145 1763 erat

261 1791 504 1826 Substratorum
517 1813 524 1820 .
551 1787 645 1820 Hinc
662 1784 774 1819 statuit
795 1783 894 1816 etiam
909 1782 1011 1824 prima
1023 1780 1146 1814 Arausi-

263 1854 347 1878 cana
363 1839 540 1884 Synodus:
561 1841 585 1869 Δ
593 1835 728 1879 fidelium
739 1832 938 1866 benedicqsone
947 1856 958 1872 ,
970 1837 1060 1865 etlam
1069 1835 1146 1862 inter

265 1891 434 1932 domesticas
448 1894 594 1923 orations
607 1910 618 1926 ‚
647 1890 679 1917 in
690 1892 835 1924 quantum
852 1887 952 1915 caveri
969 1880 1060 1923 potest
1072 1904 1083 1920 ,
1104 1877 1147 1923 se·

262 1943 413 1989 gregandl
427 1965 437 1982 ‚
463 1936 705 1981 informandique
722 1932 795 1976 sum
806 1931 1037 1971 Catecbument,
1064 1939 1099 1964 ut
1113 1930 1148 1974 se

267 2002 403 2028 revocent
416 2015 427 2031 ‚
453 1987 652 2032 &fignandos
674 1986 723 2017 vel
734 1983 946 2016 benedicendos
958 1982 1093 2027 semotim
1104 1980 1146 2036 of-

262 2044 372 2088 ferant
384 2067 391 2074 .
420 2041 474 2074 De
489 2035 739 2078 indisciplinatis
760 2031 982 2067 haereticorum
993 2031 1148 2088 Collestis

269 2093 382 2129 scribit
408 2092 440 2125 in
470 2086 753 2129 Praescriptionum
779 2081 864 2116 libro
903 2081 1149 2115 Tertullianus:

271 2148 356 2187 ,Quis
381 2138 618 2174 catechumenus
639 2159 650 2175 ‚
678 2138 743 2176 quis
765 2131 867 2174 fidelis
887 2153 900 2171 ,
923 2136 1068 2164 incertum
1093 2129 1149 2168 est.

272 2198 394 2229 Pariter
405 2191 516 2224 adeunt
528 2211 538 2228 ,
549 2190 667 2228 pariter
678 2184 817 2222 audiunt,
827 2187 942 2224 pariter
951 2189 1039 2214 orant
1052 2206 1058 2212 .
1074 2179 1151 2214 Pro-

273 2243 352 2280 inde
363 2244 396 2275 ὅ(
409 2240 526 2285 pariter
538 2233 777 2272 benedicuntur
789 2255 797 2264 .
817 2230 915 2265 Istam
925 2230 1150 2265 confusionem

273 2295 368 2331 fuisse
379 2293 413 2325 in
427 2288 599 2324 Gallicana
612 2283 752 2319 Ecclesia
773 2279 949 2325 aliquando
962 2281 1130 2326 grassatam
1142 2305 1152 2319 ‚

275 2352 458 2386 numquam
469 2336 652 2373 credidero.
682 2334 793 2380 Qare
805 2332 924 2366 Canon
937 2342 1003 2365 non
1024 2329 1153 2387 d⁶.EP¹'

277 2392 400 2437 scopali
412 2392 498 2424 intra
511 2385 687 2422 Ecclesiam
698 2405 708 2422 ‚
727 2383 779 2416 sed
791 2383 832 2416 de
841 2380 915 2416 data
924 2392 978 2425 per
989 2380 1153 2438 publipam

278 2455 335 2481 aut
349 2442 507 2487 privatam
521 2434 750 2482 processionem
763 2431 987 2466 benedictione
1000 2432 1153 2473 loquitur.

279 2495 375 2530 Hinc
389 2490 497 2526 addit:
525 2491 633 2521 Etiam
643 2490 723 2517 inter
735 2481 901 2522 domesticas
915 2486 1072 2514 orationes.
1101 2479 1155 2536 Et-

279 2547 348 2581 iam
359 2542 425 2576 illic
439 2540 508 2573 vult
523 2539 608 2571 inter
618 2533 747 2570 fidelem
770 2533 804 2566 &
814 2530 1096 2566 catechumenum
1108 2529 1158 2562 di-

281 2594 383 2630 scerni
397 2618 405 2626 .
435 2583 674 2625 Catechumeni
722 2593 759 2617 ut
785 2594 839 2625 per
866 2581 1034 2616 Adamum
1058 2580 1132 2623 lapsi
1148 2602 1158 2618 ,

283 2647 317 2680 &
329 2654 382 2689 per
393 2639 560 2677 Christum
573 2609 762 2670 Domiiium
775 2631 914 2669 necdum
924 2631 1018 2665 erecti
1031 2656 1041 2672 ‚
1067 2629 1162 2664 debe-

284 2696 364 2729 bant
377 2689 523 2736 prostrati
535 2683 794 2722 benedictionem
804 2681 963 2725 accipere.
986 2679 1162 2715 Notandus

287 2744 331 2777 est
355 2741 452 2776 &hic
472 2737 614 2781 ejusdem
627 2733 774 2771 Concilii
786 2733 929 2767 Canon:
958 2733 1163 2765 Dtaconaeom-

289 2793 420 2828 trimodis
432 2801 487 2823 non
498 2787 690 2822 ordinanda.
718 2785 824 2826 siquae
843 2784 913 2823 jam
933 2780 1028 2825 sunu
1049 2781 1165 2835 benedtj

291 2842 401 2880 eliani,
425 2851 491 2882 quae
500 2838 605 2881 populo
626 2834 824 2877 impenditur3
851 2838 952 2874 capita
968 2830 1164 2887 submittant..

292 2889 417 2927 Denuo
430 2889 565 2922 affirmat
578 2884 803 2928 Episcopalem
828 2883 860 2915 in
880 2882 1018 2916 Ecclesia
1039 2880 1166 2916 benedi-

295 2941 434 2975 ‹stionem
446 2938 539 2972 fuisse
551 2932 913 2978 impensam-stantibus,
933 2931 1168 2966 inclinantibus

296 2990 364 3026 sola
376 2989 482 3032 capita
491 3011 499 3020 .
511 2987 593 3020 Item
606 2985 742 3018 affirmat
757 2993 822 3015 non
836 2982 934 3015 Clero
945 2982 1036 3016 fuisse
1047 2982 1169 3024 impen-

297 3043 386 3080 sam,
415 3038 468 3073 sed
491 3037 551 3071 soli
574 3034 716 3078 populo.
746 3032 875 3074 Nempe
898 3031 1011 3065 Clesus
1034 3033 1116 3065 intra
1126 3030 1167 3064 sa-

299 3102 391 3126 crum
412 3085 557 3124 tribunal
576 3082 729 3118 affidebat
751 3091 807 3114 aut
827 3082 972 3114 adstabat
987 3082 1167 3124 Episcopo,

302 3142 443 3183 ideoque
463 3138 530 3181 ejus
540 3131 758 3169 benedictioni
781 3130 1014 3174 cooperabatur
1032 3156 1043 3171 ‚
1071 3131 1170 3173 ipsam

303 3201 370 3223 non
394 3187 571 3231 accipiebat
591 3209 598 3218 .
625 3182 733 3217 Aliter
754 3191 864 3215 tamen
885 3180 977 3215 fuiffe
997 3182 1117 3215 fastum
1138 3180 1172 3212 in

304 3238 467 3272 Orientali
484 3235 624 3271 Ecclesia
636 3258 646 3274 ‚
672 3231 848 3266 ostendunt
860 3229 925 3264 haec
948 3229 1039 3264 verba
1052 3231 1172 3267 Simeo-

306 3290 356 3321 nis
367 3283 663 3321 Thessalonicensis
673 3295 685 3316 .·
702 3279 852 3324 -Episcopo
857 3279 978 3323 sedente
999 3287 1032 3312 in
1050 3279 1152 3312 throno
1164 3304 1174 3321 ,

305 3342 358 3381 qui
369 3341 396 3369 ei
403 3334 525 3378 subsunt
536 3337 653 3368 sacrati
676 3333 787 3365 &laici
800 3355 811 3370 ‚
828 3328 943 3370 stantes
963 3330 1037 3371 fixis
1049 3330 1175 3362 ocultstn

307 3396 373 3421 eum
383 3408 395 3425 ‚
421 3386 543 3417 velutin
555 3382 701 3422 Christum
716 3384 869 3413 Dominum
891 3382 959 3413 caelo
983 3378 1152 3419 mfidentem
1165 3404 1176 3420 ‚

310 3441 475 3471 intuentur.
504 3436 547 3466 Et
571 3443 632 3468 cum
645 3435 791 3465 Diaconos
800 3429 936 3473 profert,
960 3429 1177 3471 Attendamus,

1402 113 1413 133 ᾔ
2186 120 2197 137 0

1126 119 1137 134 <
1222 121 1309 144 2.
1352 141 1356 146 ,
1472 134 1478 141 ,
1639 135 1641 138 ⁴

639 154 682 199 S.
719 151 1038 199 Gancoun
1074 140 1319 208 §Eprius
1352 136 1728 212 PEN'Tisrcis

1201 228 1378 275 ,Eptftopiss
1383 233 1463 270 dicit
1475 236 1541 268 alea
1553 247 1621 270 voce
1632 251 1643 270 .·
1672 240 1742 271 Pax
1754 238 1888 285 omnibus
1899 264 1911 282 ‚
1921 243 1992 283 vel,
2018 243 2092 277 Rue

1215 281 1337 317 vobtsf
1350 287 1470 318 Omnes.
1482 288 1555 322 vero
1570 293 1672 328 capita
1692 289 2086 334 inclinanteiqespondent:

1210 334 1289 365 Cum
1305 329 1416 374 spiritu
1435 342 1503 369 tuo.
1533 335 1575 369 Et
1598 337 1645 371 ita
1669 337 1769 372 hodie
1790 333 2046 387 servatur-etiam
2067 345 2088 378 a

1213 380 1308 416 nobis
1319 381 1449 418 Latinis
1459 409 1466 416 .
1494 386 1692 422 Solemniter
1702 385 1909 424 benedicenti
1921 387 2088 437 Episcopo

1211 442 1280 464 non
1301 440 1432 467 tantum
1455 435 1488 468 in
1514 436 1631 472 Chore
1652 447 1808 480 cantans,
1835 439 1889 473 sed
1911 441 2013 477 etiam
2027 442 2089 486 ipsi

1211 480 1375 526 Episcopo
1398 484 1540 520 assistens
1559 498 1596 521 ac
1614 487 1800 524 ministrans
1811 489 1926 524 Clerus
1946 491 2091 533 inclinat

1210 541 1324 574 caput.
1354 534 1529 569 Notandus
1552 537 1596 570 est
1621 538 1764 579 Canon,
1789 551 1888 582 quem
1909 540 1943 574 in
1957 540 2089 576 Barchi-

1180 607 1182 610 ,
1208 583 1342 615 nonenli
1355 585 1493 626 synodo
1515 587 1617 621 edidit
1642 590 1759 632 Serges
1776 584 1990 634 Metropolita
2003 589 2089 627 Tar-

1209 634 1411 667 raconensis:
1443 636 1597 670 Fidels'bus
1618 637 1781 672 benedu‘lto
1802 644 1834 672 in
1844 647 2005 674 matutlnls
2020 667 2032 684 ,
2048 641 2090 684 fi-

1205 689 1254 715 cut
1276 682 1478 727 invespera,
1503 687 1652 720 tribuatur
1674 714 1681 721 .
1713 689 1815 723 Aliud
1836 690 1971 731 Gallia,
1996 693 2088 727 aliud

1206 730 1289 765 olim
1310 733 1380 778 egit
1389 734 1568 778 Hispania.
1602 738 1795 773 Haecesolis
1818 741 2088 785 vespertinispre-

1208 781 1299 815 cibus
1320 807 1331 823 ,
1358 784 1414 818 illa
1437 783 1457 817 ὲ
1480 786 1556 820 solis
1579 787 1685 824 Miffis
1714 787 2087 832 populum‘dimittebat

1206 841 1282 866 cum
1294 832 1480 878 Episcopali
1495 836 1740 873 benedietione.
1770 840 1811 872 Et
1822 840 1959 884 quidem
1980 841 2088 885 plures

1211 880 1364 927 Episcopi
1386 884 1622 921 benedicebant
1659 879 1735 932 post‘
1764 890 1847 923 solas
1873 891 1988 925 Missas
2020 903 2087 926 rna-

1208 930 1328 967 tutinas
1354 957 1362 966 .
1401 934 1511 970 Gallia
1550 937 1683 972 diurnas
1707 940 1849 973 astiones
1875 965 1882 972 .
1922 941 2086 983 Hispania

1208 983 1401 1017 noesturnam
1421 985 1726 1027 populicustodiam
1737 990 1927 1024 attendebat
1940 1015 1950 1031 ‚
1977 1003 2014 1026 ac
2025 991 2089 1026 Di-

1208 1031 1291 1065 vinae
1313 1032 1477 1075 Maiestati
1498 1037 1752 1073 commendabat
1774 1064 1782 1072 .
1811 1039 1993 1075 Postmodo
2016 1040 2086 1076 haic
2115 1071 2118 1073 .

1207 1083 1330 1125 optime
1344 1083 1425 1117 vidit
1437 1095 1539 1119 omne
1552 1097 1680 1126 tempus
1703 1088 1850 1132 indigere
1869 1090 1986 1125 divino
1996 1092 2087 1125 auxi-

1208 1131 1254 1164 lio
1275 1156 1285 1172 ,
1313 1132 1453 1177 ideoque
1475 1134 1580 1168 sanxit
1603 1136 1733 1172 Divinae
1754 1137 1935 1181 Majestatis
1960 1153 2086 1176 nomen.

1209 1183 1299 1225 super
1320 1185 1476 1226 populum
1488 1185 1550 1218 effe
1561 1188 1661 1221 etiam
1674 1189 1771 1222 mane
1782 1188 2016 1226 *invocandum
2027 1215 2036 1224 .

1259 1232 1408 1267 Eximios
1432 1234 1634 1279 Episcopalis
1656 1260 1667 1276 ,
1692 1249 1731 1273 ac
1751 1239 1851 1272 etiam
1871 1239 2087 1276 Monachalis

1209 1281 1446 1317 benedictionis
1458 1285 1587 1319 effeetus
1598 1285 1730 1321 adducit
1742 1289 1775 1321 in
1789 1289 1975 1324 Monastica
1988 1289 2090 1325 histo-

1207 1332 1252 1365 ria
1278 1331 1512 1367 Theodoretus
1532 1359 1538 1364 .
1566 1335 1699 1369 Etenim
1721 1338 1853 1372 Sanctus
1877 1338 1920 1373 ibi
1945 1340 2087 1383 Jacobus

1210 1381 1384 1420 Nisibenus
1402 1383 1578 1427 Episcopus
1590 1409 1602 1425 ,
1627 1386 1685 1427 qui
1707 1386 1933 1422 deridentibus
1949 1390 1982 1425 se
1998 1399 2101 1430 tran*⁷

1211 1432 1355 1466 seuntem
1369 1433 1487 1476 puellis
1507 1436 1541 1468 &
1552 1435 1680 1469 fontem
1691 1436 1902 1471 exsiccaverat
1912 1462 1924 1479 ,
1948 1438 2087 1477 &etse-

1209 1482 1264 1514 riei
1276 1485 1431 1517 canitiem
1445 1483 1618 1518 induxerat
1630 1510 1641 1526 ,
1666 1486 1986 1531 &aquascssccapillis
1995 1490 2088 1524 colo·
2106 1500 2109 1509 l

1209 1543 1298 1572 rem,
1323 1532 1399 1566 data
1421 1545 1476 1577 per
1497 1535 1602 1568 crucis
1620 1535 1747 1580 signum
1768 1536 2016 1580 benedictione,
2040 1550 2088 1576 re·

1210 1581 1330 1616 stituit.
1358 1583 1498 1618 Aeacius
1510 1583 1711 1620 Berrheensis
1730 1588 1764 1620 in
1779 1588 1882 1630 prima
1905 1588 1995 1632 Syria
2008 1591 2088 1634 Epi-

1211 1632 1344 1676 scopus,
1369 1634 1569 1677 &Julianus
1590 1635 1801 1671 Anachoreta
1824 1637 2024 1673 submersum
2047 1640 2086 1675 in

1210 1691 1307 1724 puteo
1328 1694 1463 1726 puerum
1474 1683 1548 1718 data
1561 1683 1788 1721 benedictione
1810 1698 1964 1723 revocant
1985 1689 2027 1723 ad
2038 1689 2086 1723 vi-

1209 1742 1296 1765 tam.
1324 1733 1369 1766 Et
1380 1731 1420 1766 de
1442 1731 1545 1777 seipso
1568 1734 1731 1779 Episcopo
1751 1760 1762 1776 ,
1787 1737 1906 1772 Sancto
1931 1738 2087 1785 Simeone
2123 1760 2125 1762 v

1211 1782 1327 1824 Stylita
1347 1807 1358 1823 ‚
1394 1794 1433 1818 ac
1458 1785 1595 1827 paganis
1619 1786 1786 1820 Saracenis
1810 1787 1920 1821 scribit
1959 1787 2086 1824 ibidem

1208 1830 1463 1867 Theodoretu'si
1489 1834 1831 1877 cumjuffiffitstmeon·,
1850 1846 1884 1870 ut
1894 1838 2032 1873 Saraceni
2040 1838 2090 1873 ad
2107 1819 2181 1859 QP'
2196 1824 2244 1850 ’δ’

1211 1883 1458 1923 mit-accederent,
1485 1884 1744 1923 &Sacerdotalem
1763 1886 1990 1921 benedlfflonem
2010 1894 2084 1922 acct-
2221 1896 2224 1900 '

1208 1940 1333 1973 pererit,
1359 1939 1526 1966 maximum
1535 1934 1602 1967 tllos
1609 1930 1714 1968 &icens
1734 1945 1773 1969 ex
1793 1936 1968 1977 eaefruHum
1983 1946 2086 1979 perce·

1207 1989 1309 2023 pturos
1321 2005 1332 2021 ,
1360 1982 1392 2015 bt
1403 1981 1555 2017 barbarico
1562 1988 1675 2026 impetu
1694 1990 1840 2019 irruentes
1851 1987 1907 2020 alt!
1921 1989 1941 2019 ἁ
1956 1986 2086 2030 fronte,

1211 2034 1265 2066 alit
1290 2034 1311 2064 ἂ
1331 2040 1412 2078 tergo
1431 2056 1442 2072 ‚
1469 2035 1523 2066 alti
1547 2034 1568 2064 ἃ
1588 2032 1731 2067 lateribus
1753 2034 1944 2072 trabebant.
1980 2035 2097 2075 Addit,

1211 2081 1376 2125 quendam
1386 2081 1600 2124 paralyticum
1609 2083 1844 2118 Saracenorum
1862 2083 2088 2128 Phylarchum

1213 2131 1376 2166 Simeonis
1398 2129 1622 2166 benedictione
1637 2133 1730 2167 fuisse
1751 2136 1915 2168 sanatum.
1942 2135 1988 2170 Et
2006 2137 2039 2170 in
2048 2136 2090 2171 li-

1214 2181 1277 2216 bris
1300 2180 1342 2215 de
1363 2181 1563 2215 Poenitentia
1585 2182 1694 2217 scribit
1713 2183 1848 2220 Sanctus
1875 2184 2086 2222 Ambrofius:

1214 2233 1293 2265 Cum
1313 2234 1455 2264 Dominus
1477 2232 1563 2265 saulo
1585 2234 1709 2266 reddero
1726 2234 1816 2276 posset
1837 2231 1921 2276 usum
1938 2237 2085 2278 videndi,
2107 2242 2169 2275 Lib.
2181 2254 2209 2274 r.

1213 2293 1277 2316 eum
1295 2289 1396 2314 tamen
1414 2282 1460 2313 ad
1469 2285 1617 2314 AnanIam
1637 2281 1816 2323 discipulum·
1827 2282 1912 2326 ficum
1932 2284 2029 2326 mist),
2053 2295 2090 2320 tte
2105 2292 2210 2322 cap-ys

1214 2334 1279 2372 ejus
1301 2331 1497 2364 benedu‘ltone
1519 2331 1607 2363 saulo
1627 2330 1858 2370 refunderentur
1883 2335 1957 2367 ocult
1978 2359 1989 2374 ,
2014 2347 2088 2378 quos

1215 2379 1374 2428 amiserat.
1404 2380 1448 2413 Et
1469 2380 1510 2414 de
1531 2381 1648 2414 Saneto
1669 2381 1774 2415 Sabba
1793 2381 1946 2424 Abbate,
1972 2394 2093 2430 rogato

1217 2442 1252 2465 ut
1264 2430 1403 2464 sterilem
1414 2428 1602 2463 Theodorae
1614 2431 1830 2474 Imperatricis
1846 2443 1973 2476 uterum
1996 2434 2093 2470 bene·

1217 2481 1356 2518 diceret,
1383 2479 1492 2513 scribit
1515 2479 1583 2522 ejus
1607 2480 1696 2522 vita,
1722 2482 1812 2526 quod
1836 2482 1891 2525 ipfi
1906 2484 2039 2519 salutem
2057 2485 2093 2520 δε

1217 2531 1403 2573 sospitatem
1415 2540 1600 2572 apprecatus
1610 2531 1726 2572 fuerit,
1751 2532 1785 2566 ὃ(
1796 2532 1958 2570 addiderit
1975 2535 2021 2570 de
2035 2546 2096 2580 po·

1220 2580 1335 2614 stulata
1346 2578 1573 2613 benediffione
1585 2580 1665 2614 uteri
1680 2592 1688 2612 :
1716 2584 1798 2614 Deus
1811 2594 1868 2615 non
1878 2582 1956 2623 finer
1963 2585 2093 2627 aliquem

1213 2630 1351 2674 fruc‘lum
1371 2641 1408 2663 ex
1429 2639 1459 2662 eo
1474 2630 1542 2668 edi,
1566 2630 1676 2673 neipsi-
1684 2642 1795 2673 quoque
1811 2632 1905 2676 gustes
1914 2635 2016 2671 Seven
2026 2636 2095 2678 dog-

1222 2689 1305 2714 mata
1325 2705 1336 2720 ,
1364 2681 1397 2713 (a
1418 2680 1572 2713 deteriores
1592 2704 1603 2720 ,
1630 2682 1722 2722 quim
1740 2682 1826 2722 priris
1846 2681 1903 2725 sub
1930 2682 2094 2726 Anastafio‚

1225 2729 1435 2773 Eutychiano
1454 2729 1666 2773 lmperatore,
1692 2732 1835 2765 tumultus
1854 2732 2024 2766 conturbent
2035 2737 2094 2767 Det

1225 2778 1378 2822 Ecclefiam
1388 2804 1396 2812 .
1422 2779 1551 2824 Nempe
1563 2780 1695 2814 Sanctus
1705 2780 1827 2814 Sabbas
1842 2780 1983 2817 habebat
1996 2782 2094 2817 bene-

1224 2829 1355 2865 dicendi
1379 2828 1572 2870 Charisma‚
1597 2830 1631 2865 δε
1651 2830 1669 2862 ἑ
1690 2830 1812 2872 Spiritu
1834 2832 1948 2866 Sansto
1969 2832 2031 2866 fuit
2044 2844 2094 2867 ve·

1225 2883 1303 2915 titus
1324 2881 1428 2923 ipsum
1452 2879 1487 2913 in
1510 2879 1693 2924 malignum
1715 2879 1927 2922 Eutychianae
1947 2883 2094 2917 mulieris

1227 2932 1354 2964 uterum
1383 2929 1563 2972 expendere
1584 2955 1591 2962 .
1630 2929 1778 2973 Eandem
1809 2931 1946 2974 gratiam
1983 2930 2098 2967 habuit.

1228 2983 1360 3015 SanCius
1386 2978 1571 3019 Columba,
1597 2978 1776 3020 Hyberniae
1797 2978 1931 3020 Abbas,
1957 2982 2098 3025 ideoque

1230 3030 1434 3064 Domnalum
1449 3028 1591 3063 Aidonis
1602 3029 1704 3074 Regis
1723 3028 1829 3062 filium
1839 3028 2035 3070 benedicens
2044 3032 2102 3067 ad·

1231 3080 1334 3115 didit:
1361 3085 1418 3115 Hic
1433 3076 1521 3122 super
1539 3089 1637 3112 omnes
1651 3078 1772 3119 fratres
1779 3077 1845 3121 suos
1859 3076 2004 3123 superstes
2014 3088 2071 3115 ertt
2081 3107 2095 3124 ,

1231 3133 1264 3164 Θ
1279 3134 1345 3165 Rex
1357 3130 1447 3162 valde
1451 3127 1587 3171 famosus
1600 3152 1610 3167 ‚
1635 3139 1687 3161 nec
1699 3141 1827 3171 unquam
1839 3136 1871 3161 in
1885 3143 1992 3165 manus
2003 3136 2102 3173 immt-

1231 3192 1327 3213 corum
1349 3180 1495 3213 tradetur.
1515 3178 1617 3224 Qod
1637 3179 1735 3211 etiam
1750 3178 1922 3214 hominem
1946 3179 2102 3215 tenaciffi-

1234 3242 1324 3264 mum
1361 3231 1415 3263 sua
1453 3228 1681 3262 benedictione
1712 3228 1856 3263 liberarit
1891 3230 1933 3264 ab
1965 3230 2103 3264 avaritiae

2109 1317 2184 1355 Cep·
2197 1317 2224 1347 ιζ
2237 1321 2270 1355 ²·ss

1235 3282 1314 3313 vitio
1335 3303 1346 3319 ‚
1373 3280 1406 3313 in
1433 3278 1501 3321 ejus
1529 3278 1593 3311 vita
1615 3279 1749 3313 testatur
1775 3276 1991 3313 Adamannus
2013 3302 2022 3311 .
2046 3279 2105 3313 Et-

1235 3332 1298 3363 iam
1321 3330 1454 3363 Sanstus
1477 3325 1702 3362 columbanus
1719 3327 1971 3366 Lexovienfium
1992 3328 2105 3364 Abbas

1235 3380 1366 3421 quosvis
1398 3377 1542 3411 donabat
1577 3377 1734 3420 postulata
1767 3377 1994 3411 benedictione
2017 3402 2027 3417 ‚
2053 3379 2108 3414 ad-

1236 3428 1350 3472 ditque
1381 3428 1448 3470 ejus
1481 3428 1548 3461 vita
1581 3427 1666 3470 apud
1702 3428 1914 3466 Laurentium
1946 3428 2108 3463 Surium:

1962 3480 2062 3511 Tanta
