2352 3756
350 138 448 189 316

835 128 1474 183 ‘Bnlxrnnusn

283 208 422 252 bantur,
451 209 687 252 Episcoporum
709 219 784 243 cum
797 207 965 242 Desiderio
985 206 1158 241 Caffinensi
1191 211 1297 244 ,¹cato
1310 208 1444 242 Sanetus
1457 208 1571 243 Petrus
1581 210 1758 246 Damiani:
1784 217 1862 250 Ecce
1879 219 2027 261 compellis
2050 232 2096 262 me

284 258 417 295 Abbate
439 259 472 295 &
483 260 643 294 Romanae
667 259 817 294 Ecclefiae
828 257 1003 293 cardinale
1025 257 1067 290 de
1078 254 1159 289 Gui-

1223 258 1348 305 vulgato
1359 255 1493 300 sernwne
1503 260 1670 301 depromere
1679 286 1690 303 ‚
1716 266 1798 305 quod
1815 265 1850 298 ob
1861 269 2024 309 bnperialts
2037 275 2097 305 Pa·

283 309 367 344 berti
379 309 559 344 intrusione
569 309 819 353 disputationem
832 310 927 342 refert
937 316 1057 349 ,atque
1075 306 1159 339 inter
1223 307 1291 339 latii
1306 314 1508 343 reverentiam
1519 312 1709 346 decreveram
1709 312 1826 355 filentio
1840 322 1999 359 pratum-0
2007 345 2019 362 ‚
2043 320 2100 363 sea

145 359 211 393 Lib·
241 361 347 397 3-›alia
371 358 500 394 scribitz
527 358 666 403 Episcopi
690 360 733 393 illi
750 360 946 400 privilegium
969 358 1090 391 Nicolai
1102 358 1162 389 Pa·

147 410 209 439 (ΒΡ-
222 411 266 437 50‘
278 419 333 453 pae
357 433 369 451 ‚
394 409 476 453 quod
492 420 557 444 cum
582 410 790 447 Hildebrando
811 406 1019 442 Archidiacono
1041 407 1075 441 Θ·
1095 415 1161 438 cen-

281 469 349 493 t-um
387 465 627 503 vigintiquinque
665 456 821 499 Episcopis
853 456 972 498 fecerat
998 478 1009 495 ,
1027 454 1160 498 profere-

274 511 357 547 bant
379 534 390 551 ,
426 522 482 553 quo
498 510 642 550 statutum
658 508 766 550 fuerat
779 531 790 547 ,
817 513 850 539 ut
873 517 1026 548 nunquam
1051 510 1084 538 in
1103 508 1162 540 Ro-

279 571 374 594 mana
385 559 511 601 Ecclesia
529 559 590 601 sine
601 562 791 598 Imperatoris
812 563 883 589 nutu
899 555 1044 597 Pontifex
1054 553 1136 597 fieret
1149 580 1160 597 ,

279 612 362 653 quod
375 610 404 652 fi
409 615 584 655 contingeret
605 607 692 649 fieri,
717 605 806 650 sciret
814 604 848 648 se
859 604 1027 649 hujusmodi
1037 618 1095 639 non
1104 615 1161 648 pro

281 663 372 703 Papa
383 661 554 694 habendum
568 680 577 695 ‚
598 655 654 700 sed
674 656 994 692 anathematizandum
1006 682 1013 689 .
1044 656 1099 689 An
1113 657 1161 689 in-

278 720 410 759 tegrum
432 710 465 745 ὃς
477 708 590 743 sanum
601 732 611 749 ,
638 718 680 741 an
694 705 770 742 vero
781 718 973 750 corruptum
992 707 1011 739 ὲ
1025 705 1165 740 Guiber·

280 767 317 795 to
344 761 524 796 Decretum
560 757 771 803 allegaverint
795 782 806 798 ,
845 757 929 791 infr&
967 757 1140 791 discutiam
1152 781 1159 788 .

280 809 458 856 Quidquid
468 809 525 849 sit,
551 809 746 842 asseruerunt
767 807 943 844 Pontificis
963 806 1161 841 nominandi

276 860 449 897 Indu'tum
463 859 613 894 Hem-ico
624 858 718 892 fuisse
728 858 746 892 ὲ
759 857 906 895 Nicolao
917 858 1029 892 datum
1042 882 1053 899 ,
1063 866 1161 899 atque

276 911 347 954 ejus
368 911 479 955 vigore
494 909 689 945 Guibertum
702 909 765 942 esse
782 918 969 951 promotum
982 933 989 941 .
1017 906 1162 942 Addide-

264 960 355 998 »iunt
370 963 479 1005 plures
489 959 669 994 Pontifices
679 958 771 992 fuisse
784 959 829 992 ita
841 968 1011 1001 promotos
1023 983 1034 1000 ,
1053 969 1161 992 exem-

278 1010 574 1055 plisdemonstrare
585 1010 696 1044 conati
710 1010 784 1043 sunt
795 1034 806 1049 ‚
824 1019 920 1052 atque
932 1009 976 1044 ita
990 1018 1056 1043 tam
1066 1008 1159 1051 hujus

279 1061 503 1107 promotionis
525 1084 536 1101 ,
564 1060 661 1107 quim
686 1059 783 1102 ipsius
802 1060 901 1093 etiam
922 1059 1056 1094 Decreti
1073 1058 1159 1102 justi-

279 1112 532 1150 tiam-evincere
553 1136 560 1144 .
590 1110 742 1153 Ejusdem
768 1110 927 1144 Desiderii
953 1109 1052 1144 aliam
1081 1120 1157 1143 cum

280 1161 352 1205 ipso
367 1161 550 1204 Anti-Papa
563 1160 727 1197 Guiberto
740 1159 789 1194 ·de
800 1159 914 1194 eadem
929 1159 1158 1203 redisputatio-

280 1223 356 1248 nem
369 1212 508 1256 exponit
521 1212 608 1246 idem
621 1212 692 1245 Leo
703 1233 710 1242 .
736 1211 781 1244 Et
799 1210 841 1244 de
856 1209 1055 1254 Apostolicae
1067 1209 1157 1244 Sedis

260 1290 261 1293 ,
276 1261 447 1303 invasione
458 1262 648 1308 redargutus
664 1259 901 1301 Haerefiarcha‚
925 1258 959 1303 se
970 1266 1103 1293 invitum
1124 1260 1159 1292 id

272 1312 373 1360 feciffe
395 1312 566 1356 respondit.
594 1316 680 1347 Nam
693 1309 725 1352 fi
734 1310 840 1352 facere
861 1312 897 1344 id
916 1311 1050 1353 renuisset
1071 1334 1081 1349 ,
1101 1311 1155 1351 jus

272 1361 362 1411 suum
378 1364 513 1406 profedlb
534 1363 574 1397 ab
585 1367 766 1404 Imperatore
780 1362 974 1394 adimendum
995 1359 1135 1403 afferebat
1148 1383 1155 1390 .

279 1413 412 1457 Utique
423 1414 474 1458 jus
486 1410 680 1447 nominandi
695 1410 882 1446 Pontificis.
911 1410 955 1443 Et
979 1409 1044 1443 hoc
1063 1419 1154 1443 tanto

274 1464 335 1502 zeli
349 1463 474 1507 impetu
495 1463 714 1497 defenderunt
736 1460 787 1494 isti
802 1460 977 1503 Episcopi,
998 1470 1034 1493 ut
1045 1459 1086 1494 ad
1098 1458 1154 1493 Pa-

274 1513 357 1559 palis
367 1513 538 1548 elestionis
547 1523 589 1546 ex
605 1511 802 1555 Apostolico
814 1510 955 1544 Canone
966 1509 1152 1544 libertatem

274 1565 469 1606 piovocanti
485 1587 496 1604 ‚
522 1563 811 1597 &Germa-norum
837 1559 1088 1604 imperatoribus
1102 1569 1157 1593 ne-

273 1614 406 1654 quidem
424 1613 569 1659 Regium
583 1613 778 1646 consensum
794 1610 950 1654 deinceps
969 1610 1156 1654 permitten-

273 1664 354 1698 dum
378 1662 710 1698 asserentiDefiderio
731 1660 877 1696 Astenfis
892 1659 1155 1704 Episcopusindi-

269 1720 444 1763 grimonem
467 1719 560 1758 Regis
584 1715 757 1748 &omnium
777 1713 862 1745 ultra
882 1720 997 1744 montes
1020 1709 1156 1742 babitan-

274 1764 456 1806 tinmfuerit
475 1762 695 1804 cumflomacho
717 1767 869 1794 minatus.
900 1759 942 1795 Et
955 1769 1064 1795 tamen
1079 1757 1153 1799 hic,

274 1816 351 1849 licet
364 1815 514 1850 Hentico
529 1812 702 1849 adhaereret
711 1833 722 1851 ‚
737 1823 804 1846 non
817 1820 885 1846 erat
898 1808 1049 1845 alienus&
1064 1806 1153 1852 septi-

274 1876 332 1902 mo
343 1865 509 1910 Gregorio
522 1890 529 1897 .
704 1897 707 1911 ‚

325 1914 474 1950 Secunda
488 1912 623 1958 quaestio
636 1911 701 1953 est,
727 1910 783 1944 An
799 1908 995 1944 Guibertina
1019 1909 1053 1943 &
1066 1907 1158 1943 Hen-

276 1966 398 2004 1iciana
410 1966 508 2005 faustio
519 1963 616 1999 fuerit
632 1963 716 1996 circa
736 1961 801 1995 hoc
813 1962 969 2004 punaum,
993 1957 1128 1992 fundata
1142 1956 1157 1990 ἒ

277 2016 476 2060 Respondeo
490 2027 549 2049 nec
566 2013 670 2049 ullum
687 2009 893 2045 fundamenti
917 2010 1030 2044 fucum
1043 2008 1092 2041 illi
1105 2004 1154 2042 ad·

277 2068 386 2101 suifle.
399 2067 506 2100 Lucet
520 2076 561 2098 ex
575 2063 684 2098 Sansti
697 2060 848 2095 Anselmi
861 2059 1013 2094 Lucensis
1028 2057 1157 2100 Episco-

276 2117 309 2160 pi
327 2117 422 2150 variis
432 2116 472 2149 ad
482 2114 551 2157 ejus
572 2123 675 2157 nugas
698 2109 977 2153 responsionibus.
1009 2109 1090 2143 Haec
1113 2105 1157 2139 est

278 2168 403 2210 prima:
430 2166 526 2208 ,Quod
538 2163 568 2204 fi
583 2162 804 2195 admittendum
826 2158 886 2199 est,
913 2167 947 2191 ut
969 2162 1085 2192 ratione
1103 2156 1159 2198 fa-

278 2218 357 2252 etum
368 2216 487 2250 dicatm
500 2239 510 2256 ,
535 2213 687 2253 objicimus
717 2212 761 2243 ad
774 2210 824 2243 boc
835 2206 1050 2249 confutandum
1062 2231 1072 2248 ,
1079 2215 1160 2248 prae-

272 2267 380 2313 fatum
393 2269 499 2310 Regem
520 2264 628 2304 &ejus
642 2265 811 2302 optimates
822 2283 833 2299 ‚
855 2257 890 2302 se
906 2270 941 2293 ea
964 2257 1160 2297 constitutione

280 2319 418 2363 indignos
431 2314 532 2358 fectffe
546 2338 555 2349 .
582 2312 718 2345 Primum
744 2335 756 2350 ,
784 2315 856 2352 quia
875 2307 972 2350 postea
991 2306 1161 2351 praefatum

283 2368 443 2401 Nicolaum
471 2389 483 2405 ,
509 2359 712 2404 coloniensem
738 2358 990 2402 archiepiscopum
1022 2365 1080 2399 pro
1098 2355 1160 2400 suis

281 2416 435 2457 exceffibus
462 2412 629 2456 mipulffe
650 2436 660 2452 ‚
684 2416 830 2455 graviter
849 2411 986 2443 tulerunt
1004 2432 1016 2448 ,
1041 2417 1163 2449 eumque

284 2467 376 2510 hujus
392 2470 518 2510 gratia,
546 2463 697 2507 quantiam
717 2467 750 2494 in
758 2458 889 2503 secrat,
914 2460 1068 2499 cil'apatu
1078 2457 1164 2498 depo-

283 2516 407 2566 suerunt
417 2540 428 2556 ‚
454 2516 488 2549 et
499 2523 603 2549 nomen
615 2510 747 2555 ejusdem
761 2516 794 2544 in
811 2518 932 2546 canone
944 2506 1163 2549 consecrationis

288 2572 435 2602 nominari
446 2571 607 2599 vetuerunt
619 2587 630 2603 ‚
657 2563 778 2603 ideoque
789 2564 948 2594 Decretum
962 2560 1031 2595 ejus
1052 2559 1164 2598 dejure

289 2624 410 2653 irritum
431 2617 482 2660 effe
507 2612 624 2649 debebit
637 2637 644 2644 .
673 2614 759 2656 ,Quia
779 2611 844 2643 cum
864 2611 884 2642 ἃ
910 2618 969 2642 toto
989 2607 1055 2641 orbe
1077 2610 1164 2648 Papa

291 2668 448 2704 baberetur
462 2690 473 2707 ,
493 2667 590 2707 juxta
599 2664 755 2697 eorundem
762 2660 944 2704 sententiam
954 2657 1060 2701 eisdem
1078 2659 1165 2699 Papa

296 2717 440 2760 nonfuit.
474 2713 572 2760 ,Quafi
579 2726 637 2747 non
658 2725 695 2748 ex
706 2715 760 2746 Dei
771 2735 783 2752 ,
804 2709 862 2754 sed
876 2722 914 2744 ex
927 2720 1024 2744 eorum
1047 2707 1167 2741 tantum

293 2769 435 2810 penderet
447 2769 621 2805 voluntate,
649 2767 818 2806 quempiam
825 2759 969 2804 quidlibet
981 2759 1032 2802 effe
1050 2759 1102 2791 vel
1110 2768 1169 2792 non

298 2816 367 2862 effe.
393 2821 543 2849 Romanus
557 2819 636 2848 enim
651 2812 793 2853 Pontifhx
804 2837 814 2852 ‚
844 2819 875 2844 ut
881 2808 1031 2856 sapienter
1039 2816 1147 2841 norunt
1158 2831 1168 2847 ,

301 2877 359 2904 non
370 2868 453 2900 modo
472 2869 576 2907 deponi
594 2889 604 2905 ,
628 2861 683 2906 sed
702 2869 793 2896 etiam
814 2861 894 2896 nullo
918 2858 1085 2899 Christiano
1100 2860 1173 2899 ‚iure

298 2915 391 2959 potest
411 2916 566 2958 &quolibet
572 2917 729 2955 judicari.
758 2911 968 2946 Colonienfis
992 2909 1049 2942 ille
1060 2907 1176 2953 Archi·

302 2961 473 3010 episcopus
495 2965 557 2998 fuit
578 2965 701 3001 sanstus
727 2963 831 2997 Anno
853 2985 862 2993 .
889 2959 968 3002 Ejus
990 2959 1007 2992 ὲ
1030 2957 1174 2993 Nicolao

304 3016 469 3050 Pontifice
480 3014 671 3058 castigatum
683 3011 839 3045 delicium
850 3012 950 3053 usque
964 3009 1028 3042 huc
1040 3010 1173 3053 ignoro.

304 3067 428 3100 Forsan
447 3065 567 3100 fuerint
577 3063 644 3106 ejus
657 3062 729 3095 lites
739 3072 815 3094 cum
825 3060 948 3104 populo
967 3058 1176 3095 Coloniensi.

306 3116 411 3154 Porro
433 3113 756 3151 NicolaiDecreium
775 3122 843 3145 erat
865 3109 1005 3154 precaria
1028 3109 1109 3145 &ad
1124 3119 1182 3145 nu·

308 3177 380 3200 tum
406 3163 598 3202 revocabilis
624 3164 658 3196 in
687 3160 869 3194 Henricum
903 3159 1031 3204 Regem
1058 3157 1178 3204 gratia.

308 3216 414 3251 Lucet
434 3227 476 3251 ex
498 3213 643 3249 adduffis
666 3212 734 3255 ejus
752 3210 874 3244 verbis.
901 3209 1015 3243 Etista
1033 3209 1067 3245 in
1079 3209 1178 3243 Nico-

308 3264 396 3301 laum
417 3265 550 3300 audacia
560 3274 627 3298 erat
639 3261 830 3296 atrocissima
842 3259 958 3303 injuria
967 3270 1063 3302 atque
1075 3260 1177 3302 ingra-

308 3315 437 3350 titudo.
466 3316 558 3349 Hinc
581 3312 757 3348 Anselmus
777 3309 860 3345 reste
878 3309 988 3344 scribit
1007 3308 1177 3352 precariam

312 3365 448 3409 gratiam
474 3364 515 3398 ab
537 3365 602 3408 ipsa
628 3363 719 3398 fuisse
743 3356 950 3397 exsufflatam
970 3385 976 3392 .
1004 3358 1178 3404 lnfigniter

311 3414 378 3453 hac
391 3413 531 3456 *illustrat
553 3415 587 3450 iu
611 3413 828 3459 disputatione
848 3422 923 3447 cum
936 3410 1045 3459 Regio
1068 3408 1175 3445 Advo-

1215 359 1313 400 juxta
1325 358 1430 398 vestrae
1435 358 1549 403 scilicet
1559 362 1723 396 exactionis
1735 363 1982 408 instantiamjam
1998 376 2030 409 ῃ.
2041 383 2100 406 me.

1225 407 1308 440 dium
1323 408 1492 451 proferetur
1512 420 1585 453 opus
1611 419 1760 457 egregium
1786 415 1914 459 vestrum
1929 440 1946 457 ‚,
1979 415 2098 461 speum

1219 458 1359 492 *omnibus
1385 462 1556 494 inauditum
1581 487 1589 494 .
1622 463 1761 499 Reblores
1779 470 1863 501 enim
1886 466 1973 501 -Aulae
1997 472 2099 513 Regiq

1222 517 1288 540 cum
1308 511 1456 544 nonnullis
1481 515 1630 546 Teutonici
1652 517 1749 559 Regni
1772 516 1912 558 Sandis,
1938 527 1974 551 ut
1993 524 2039 552 ita
2059 521 2100 556 Ιο-

1224 569 1302 601 quar
1315 583 1327 600 ,
1354 559 1511 604 Episcopis
1532 561 1734 606 conspirantes
1743 575 1845 600 contra
1857 570 2031 605 ‚Romanam
2041 573 2100 604 Ec-

1224 607 1336 649 clefiam
1348 634 1359 650 ,
1385 613 1549 647 Concilium
1565 613 1729 658 collegistis,
1764 628 1821 658 quo
1843 619 1962 660 Papam
1977 628 2034 662 -per
2051 622 2101 660 s,-

1224 660 1359 693 nodalem
1376 664 1560 703 sententiam
1577 665 1810 708 condemnastis,
1836 668 1870 702 δ’
1882 675 1981 703 omnia
1992 694 2004 711 ,
2030 682 2099 713 quae

1223 708 1262 741 ab
1285 722 1316 743 eo
1331 710 1460 754 fuerant
1481 712 1595 753 statuta
1622 739 1633 755 ‚
1659 715 1766 760 caffare
1787 718 1954 752 incredibili
1973 721 2100 762 prorsus

1225 761 1350 794 audacia
1367 761 1606 806 praesicmpfistis.
1632 768 1670 798 In
1690 777 1746 808 quo
1761 767 1901 801 nimirum
1921 780 1980 803 non
2000 771 2100 809 dicam

1218 811 1333 851 judicio
1354 836 1365 854 ‚
1388 811 1446 855 sed
1460 816 1639 855 praejudicio
1665 817 1700 848 td
1723 815 1819 859 ipsum
1840 830 1952 861 quoque
1973 821 2100 862 privile-

1220 864 1303 907 gium
1322 886 1334 903 ‚
1360 864 1441 906 quod
1461 866 1537 908 Regi
1550 866 1720 907 praedicqus
1746 869 1836 910 Papa
1857 870 2022 903 contulerat
2041 895 2052 911 ,
2070 869 2103 911 fi

1224 911 1318 945 decere
1337 913 1425 947 liceat
1442 937 1454 954 ,
1480 915 1628 956 vacuastis
1649 941 1656 949 .
1684 921 1772 950 Nam
1789 920 1863 951 dum
1884 921 2034 962 quidquid
2050 921 2098 955 ille

1224 960 1370 1001 constituit
1387 987 1397 1002 ,
1423 963 1522 1004 vestra
1538 963 1690 1008 sententia
1714 969 1889 1002 decernente
1915 969 2098 1010 destruitur,

1223 1010 1428 1062 consequenter
1448 1018 1541 1046 etiam
1560 1016 1612 1054 id,
1636 1018 1718 1058 quod
1739 1018 1779 1052 ab
1797 1030 1828 1052 eo
1840 1022 1916 1063 Regi
1929 1019 2098 1062 praestitum
2153 1041 2155 1045 ‹

1217 1059 1324 1105 fuerat
1347 1085 1358 1102 ‚
1384 1061 1517 1096 aboletur
1532 1087 1540 1095 .
1565 1065 1762 1101 Sceleratum
1782 1068 1872 1103 hunc
1892 1081 2098 1104 conventum

1223 1111 1316 1146 fuisse
1334 1113 1441 1147 assum
1463 1113 1611 1156 Basileae,
1636 1115 1774 1150 affirmat
1785 1118 1996 1154 Hermannus
2008 1121 2100 1155 Con-

1224 1163 1355 1198 tractus.
1382 1162 1507 1197 Verum
1529 1163 1598 1199 hoec
1618 1164 1687 1208 ejus
1705 1165 1788 1202 Asta
1800 1191 1812 1209 ,
1838 1168 1953 1212 utpote
1974 1169 2100 1214 puden-

1223 1212 1264 1247 da
1274 1234 1286 1251 ‚
1310 1213 1482 1256 praeterivit
1500 1214 1645 1249 silentio.

1272 1263 1407 1298 Sanctus
1419 1263 1594 1300 Anselmus
1603 1264 1738 1301 adducit
1745 1267 1780 1302 &
1790 1267 1964 1303 secundam
1973 1269 2104 1313 respon·

1223 1312 1345 1347 sionem
1358 1325 1370 1346 .-
1395 1316 1512 1348 Deinde
1524 1339 1535 1355 ,
1560 1322 1634 1358 quia
1641 1327 1707 1350 cum
1725 1318 1825 1351 eodem
1838 1321 1961 1353 Decreta
1979 1327 2101 1353 cautum

1222 1363 1288 1404 esset
1298 1387 1310 1403 ,
1337 1371 1371 1397 ut
1382 1367 1483 1397 Romae
1491 1365 1647 1408 Pontificis
1668 1366 1768 1400 elee‘lio
1788 1370 1809 1401 ἃ
1821 1372 1953 1402 Romano
1962 1370 2048 1403 Clero
2064 1370 2101 1404 θ

1219 1413 1324 1456 populo
1344 1424 1481 1458 ageretur
1493 1438 1503 1455 ,
1530 1415 1668 1457 &postea
1688 1419 1762 1461 Regi
1787 1418 1987 1461 notificaretur
2010 1443 2022 1460 ,
2046 1417 2103 1461 ipss

1218 1462 1385 1505 praefatum
1398 1467 1555 1498 Decretum
1568 1467 1717 1500 violantes
1733 1491 1744 1507 ‚
1771 1469 1939 1513 elegerunt,
1965 1469 2047 1512 quod
2053 1473 2100 1503 eis

1223 1524 1279 1546 non
1300 1513 1407 1547 licebat
1431 1538 1444 1555 ,
1461 1521 1549 1557 prius
1571 1517 1738 1550 Cadaloum
1763 1517 1958 1565 Parmensem
1979 1516 2103 1562 Episco-

1220 1571 1294 1605 pum
1316 1587 1328 1604 ,
1348 1563 1449 1607 postea
1475 1565 1648 1599 Guibertum
1674 1570 1888 1603 Ravennatem
1907 1593 1916 1601 .
1944 1563 2099 1606 Affirmat'

1223 1624 1290 1647 uon
1302 1613 1498 1649 nominandi
1511 1615 1684 1652 Pontificis
1693 1618 1883 1655 facultatem
1893 1643 1905 1660 ,
1930 1619 1985 1654 sed
1995 1618 2101 1655 solam

1223 1663 1321 1708 Regii
1344 1664 1379 1698 in
1402 1664 1519 1700 fastam
1543 1665 1734 1702 electionem
1747 1679 1786 1701 ac
1809 1669 1910 1703 Eleai
1927 1669 2100 1712 personam

1222 1714 1399 1747 consensus
1407 1715 1547 1759 gratiam
1570 1715 1664 1750 fuisse
1675 1716 1838 1752 indultam
1856 1718 2100 1753 &NicolaiDe-

1220 1772 1330 1804 creto,
1357 1761 1498 1807 ideoque
1510 1765 1639 1810 Regem
1660 1766 1695 1800 ἅτ
1709 1777 1813 1810 nuper
1826 1768 1860 1802 in
1869 1767 2013 1802 cadaloi
2027 1791 2038 1807 ‚
2063 1767 2101 1804 δε

1221 1822 1301 1846 tunc
1323 1813 1357 1845 in
1379 1813 1532 1847 Guiberti
1557 1815 1736 1850 intrusione
1757 1817 1899 1861 graviter
1920 1816 2098 1852 exceffiffe.

1217 1861 1323 1907 ⁴Q<5d
1341 1862 1381 1896 sit
1401 1863 1436 1897 &
1463 1863 1622 1898 veriffima
1642 1888 1654 1904 ,
1678 1864 1712 1899 ἀ
1731 1866 1947 1911 peremptoria
1972 1868 2102 1913 respon·

1208 1913 1267 1954 (sio
1280 1936 1290 1951 ,
1317 1912 1427 1954 polim
1448 1913 1549 1948 claret
1570 1925 1612 1948 ex
1635 1914 1705 1956 ipso
1717 1915 2026 1958 NicolaiDecreto„
2053 1917 2099 1952 Et

1222 1960 1306 1995 istud
1329 1961 1365 1997 in
1389 1960 1474 1996 libro
1485 1962 1528 1996 de
1549 1963 1676 1997 unitate
1686 1963 1976 2001 Ecclesiaeadvertit
1989 1965 2100 2002 Vene-

1220 2011 1307 2045 ricus
1319 2009 1534 2046 Vercellensis
1544 2011 1746 2056 Episcopus,
1773 2014 1915 2060 ideoque
1925 2016 1997 2060 post
2016 2017 2098 2051 mul-

1222 2071 1256 2096 ta
1272 2061 1308 2094 in
1320 2060 1490 2104 septimum
1503 2062 1701 2107 Gregorium
1711 2065 1851 2099 crustata
1873 2066 2022 2101 convicia
2031 2077 2099 2110 per·

1223 2110 1271 2155 git
1282 2123 1294 2145 .-
1322 2114 1416 2153 Atque
1427 2112 1493 2144 idei
1501 2109 1568 2154 ipsa
1579 2134 1590 2151 ‚
1614 2123 1683 2154 quae
1694 2115 1767 2147 ‘vere‘
1784 2123 1851 2148 erat
1871 2116 1906 2149 6·
1916 2114 1954 2155 est
1965 2119 2099 2150 Romana

1225 2159 1350 2202 Ecclefia
1362 2183 1374 2200 ,
1397 2161 1465 2194 cum
1481 2160 1522 2202 fit
1536 2164 1638 2196 Mater
1658 2167 1787 2197 omnium
1795 2163 2006 2208 Ecclefiarum,
2030 2177 2100 2209 quae

1224 2212 1322 2256 aliquo
1338 2218 1440 2253 pravo
1457 2213 1594 2255 dogmate
1616 2223 1669 2246 nec
1689 2214 1854 2256 aliquando
1870 2214 1986 2258 fefellit
2010 2241 2021 2257 ‚
2047 2227 2099 2252 nec

1223 2264 1326 2303 aliqua
1337 2259 1441 2302 haerefi
1445 2273 1576 2303 unquam
1586 2261 1663 2304 falli
1672 2270 1774 2304 potuit
1785 2289 1792 2297 .
1821 2267 1906 2298 Talis
1917 2289 1928 2306 ‚
1954 2271 2097 2308 inquam,

1220 2310 1332 2355 sanc‘la
1343 2314 1444 2344 Mater
1457 2315 1593 2345 Romana
1614 2311 1739 2354 Ecclefia
1750 2338 1762 2355 ,
1786 2315 1851 2348 cum
1869 2325 1928 2348 non
1942 2316 2032 2359 posset
2040 2327 2100 2350 non

1224 2360 1355 2404 misereri
1373 2361 1447 2403 filiis
1458 2360 1602 2404 viscerum
1604 2361 1723 2404 suorum
1738 2386 1750 2403 ,
1772 2370 1824 2406 qui
1830 2372 1887 2406 per
1908 2364 2101 2408 diffenlionem

1226 2415 1316 2455 Regis
1340 2416 1463 2447 Henrici
1486 2413 1521 2446 (9⁶
1537 2411 1739 2448 Hildebrandi
1760 2416 1857 2456 Papae
1881 2414 2102 2456 trahebantur,

1228 2462 1315 2504 elegit
1331 2459 1450 2502 summa
1470 2461 1626 2500 neceffitate
1637 2462 1811 2497 Guibertum
1830 2467 2022 2499 Ravennatis
2043 2468 2102 2499 Ec·

1227 2509 1304 2551 clefie
1315 2509 1496 2554 Episcopum
1517 2512 1563 2544 ad
1571 2511 1756 2552 Pastor-alem
1776 2525 1877 2547 curam
1887 2517 2013 2549 Romani
2024 2518 2104 2550 Pon-

1227 2560 1360 2603 tificatus
1374 2585 1385 2601 ,
1408 2558 1603 2603 consentiente
1617 2568 1738 2603 pariter
1758 2565 1793 2598 ὑ
1808 2573 1912 2609 agente
1930 2570 2009 2611 Rege
2020 2575 2103 2604 Hen-

1228 2616 1309 2651 rico,
1331 2616 1505 2653 pariterque
1525 2613 1656 2645 Patricio
1678 2614 1809 2656 Romane
1831 2615 1968 2657 Ecclesie.
1994 2612 2102 2658 Neces-

1224 2660 1296 2703 fitas
1307 2670 1410 2694 autem
1428 2671 1484 2695 non
1496 2660 1584 2695 babet
1603 2663 1708 2706 legem.
1738 2668 1833 2709 Igitur
1847 2665 1970 2707 fac‘lum
1984 2676 2042 2701 non
2062 2663 2102 2704 est

1231 2710 1356 2752 hereticev
1373 2717 1544 2752 pravitatis
1566 2723 1661 2746 errore
1685 2736 1696 2753 ,
1721 2715 1806 2756 quod
1822 2713 1956 2757 consensit
1977 2714 2103 2749 Guiber·

1231 2770 1279 2794 tus
1301 2759 1401 2794 adhuc
1419 2761 1622 2795 Hddebrando
1645 2767 1764 2797 viventi
1779 2761 1952 2808 subrogari:
1978 2767 2102 2798 Summa

1229 2809 1340 2854 scilicet
1361 2813 1529 2854 neceffltate.
1558 2814 1710 2855 ,Quoniam
1731 2811 1838 2852 constat
1861 2826 1925 2850 eum
1935 2815 2039 2866 vixlffe
2059 2815 2104 2847 ad

1234 2866 1385 2895 interitum
1403 2860 1533 2903 Ecclafiae
1546 2867 1662 2903 pariter
1682 2864 1716 2896 (n
1734 2863 1930 2907 Respublica.
1961 2864 2105 2899 Bl'aterat

1236 2911 1500 2948 Hildebrandum
1536 2911 1628 2945 fuisse
1663 2910 1841 2947 haereticam
1880 2914 2031 2949 Ecclesiae
2067 2924 2106 2948 ac

1239 2961 1440 3005 Reipublicae
1476 2963 1674 3006 perniciem,
1708 2961 1847 3006 ideoque
1883 2975 2018 2999 omnem
2054 2963 2107 2998 illi

1238 3012 1535 3047 communicantem
1556 3011 1691 3046 clerum
1714 3012 1748 3048 &
1769 3012 1930 3057 populum
1950 3012 2108 3050 excidiffe

1237 3063 1255 3096 ὲ
1283 3062 1438 3096 Romana
1465 3061 1603 3096 Ecclesia
1625 3085 1636 3101 ‚
1662 3062 1868 3106 degenerasse
1903 3065 1938 3098 in
1972 3064 2108 3108 propha-

1241 3122 1315 3145 nam
1342 3112 1552 3157 Synagogam
1573 3135 1583 3151 ,
1610 3111 1745 3145 &illam
1773 3114 1922 3157 migrasse
1940 3115 1981 3149 ad
2004 3116 2108 3150 solam
2162 3141 2164 3145 -

1243 3162 1344 3207 Regis
1363 3162 1499 3196 Henrici
1519 3162 1790 3198 communionem
1810 3188 1816 3195 .
1844 3164 2017 3214 Qoniam
2035 3175 2107 3200 vera

1244 3213 1394 3246 Romana
1416 3211 1556 3247 Ecclesia
1576 3211 1642 3245 labi
1663 3223 1732 3247 non
1756 3214 1861 3257 potest
1893 3216 1928 3249 in
1947 3213 2108 3253 haerefim,

1244 3262 1342 3308 longe
1367 3263 1476 3297 minus
1510 3262 1612 3305 ipsam
1645 3260 1762 3296 docere
1787 3288 1794 3296 .
1831 3264 1919 3298 Cum
1955 3262 2111 3299 omnibus

1245 3311 1398 3347 haereticis
1436 3312 1536 3357 garrit
1572 3323 1679 3346 veram
1716 3312 1994 3348 Christianitatem
2033 3313 2113 3356 peri-

1245 3362 1298 3396 isse
1315 3362 1355 3396 de
1377 3372 1450 3397 toto
1471 3372 1627 3396 terrarum
1651 3361 1748 3403 orbe,
1773 3364 1809 3398 &
1828 3365 2021 3398 contrastam
2050 3364 2114 3399 effe

1714 3411 1769 3447 Ad
1808 3413 1911 3448 solam
1945 3411 2117 3458 Africam,

2024 3463 2066 3498 ad

1243 3412 1282 3447 ad
1309 3414 1364 3447 sua
1391 3412 1633 3447 Conventicula
1669 3424 1677 3444 :
