2372 3756
124 1121 158 1149 1..
188 1123 214 1147 6⁴
250 1122 270 1149 ῙΞ

129 1158 192 1198 11⁴st-
212 1170 241 1193 4.

124 2198 198 2233 Cnp.
213 2198 247 2226 18

137 2885 209 2922 Cap.
224 2890 272 2918 45·

146 3230 218 3267 Cap.
240 3229 282 3257 16.

145 3344 221 3382 Cap.
241 3343 284 3372 18.

381 141 476 173 112

798 280 1196 330 CANO

654 125 694 170 S.
732 122 1043 170 Gneo-oum
1080 139 1329 169 εεΡτῐΜι
1368 126 1745 176 PoNr1F1C1s

1267 280 1320 327 Ν
1424 284 1620 331 XVI.

475 475 520 525 tc
557 473 686 523 fuerit
723 469 964 540 Episcopus
1000 486 1222 528 mortum,
1256 485 1333 518 aut
1368 478 1797 525 excommunicatus.

301 403 482 543 UT
518 404 659 453 nullus
695 402 917 450 Poenitens
951 398 1202 469 suscipiatur
1236 397 1325 449 fine
1361 401 1526 451 litteris.
1559 403 1763 473 Episcopi
1798 405 1885 469 sui,
1922 408 2001 458 nisi
2037 410 2123 461 for-

490 619 986 663 ScHOLloN.

387 767 544 802 Anonem
555 763 695 809 exponit
704 763 814 798 noster
827 759 1007 803 Gregorius
1020 758 1053 792 in
1067 758 1182 793 litteris

302 767 385 852 C
411 818 452 852 ad
482 817 668 851 Henricum
714 814 915 856 Episcopum
941 809 1179 844 Leodiensem:

300 869 402 903 LeHis
427 871 647 903 Fraterniratis
671 873 732 898 tuae
751 863 861 896 litteris
880 884 891 900 ,
919 871 978 892 non
994 860 1106 902 pariam
1127 865 1179 893 mi-

1247 608 1305 642 lint
1313 635 1324 651 ,
1351 616 1384 645 in
1394 610 1443 645 boc
1453 616 1588 649 maxim?
1599 614 1711 659 confifi,
1724 626 1758 651 ut
1767 619 1892 651 Romam
1902 619 2037 654 euntibus
2050 624 2124 663 Apo⁴

1242 659 1357 700 stolicus
1367 663 1528 705 omniafibt·
1540 666 1676 699 dimittat
1683 676 1806 709 peccata
1816 693 1827 709 ‚
1848 667 1952 711 sanilo
1973 668 2071 712 visum
2082 671 2121 711 est

1249 713 1395 752 Concilio,
1422 721 1455 746 ut
1474 715 1547 747 talis
1567 717 1754 760 indulgentur
1776 719 1837 752 illis
1854 729 1912 752 non
1931 719 2042 761 profit,
2065 718 2124 763 sed

1242 762 1330 802 prius
1345 765 1445 803 juxta
1454 766 1574 798 modum
1593 766 1908 809 deliaipoenitentiam
1914 768 1969 810 fibi
1980 771 2122 803 datariis}

1241 809 1308 854 suis
1319 813 1340 844 5
1340 814 1524 848 acerdotibus
1546 817 1732 859 adimpleant
1742 842 1752 859 ,
1778 820 1813 853 6
1826 828 1896 852 tunc
1904 820 2031 853 Romam
2050 825 2092 854 ire
2095 818 2126 861 fi

1244 861 1364 902 velint,
1392 863 1431 896 ab
1443 863 1585 908 Episcopo
1603 874 1723 910 proprio
1743 868 1891 903 licentiam
1906 893 1917 909 ,
1942 871 1977 903 er
1999 871 2119 904 litteras

298 922 474 962 rarissimus
488 943 499 960 ‚
528 928 585 949 non
605 927 641 949 ea
660 919 690 947 te
701 938 711 953 ‚
737 923 796 954 qua
818 913 913 945 decuit
926 910 1112 952 apostolicam
1135 911 1177 943 5e-
1227 913 1291 954 lad
1300 911 1484 954 apostolicum
1493 916 1531 949 de
1540 915 1650 959 eisdem
1659 918 1748 951 rebus
1759 917 1938 960 deferendas
1949 925 2098 962 accipiant
2108 946 2117 953 .

303 971 372 1002 dem
386 993 397 1008 ,
424 961 595 1001 reverentia
614 962 665 1007 sibi
688 960 819 1006 scripfiffe
831 986 842 1002 ,
863 958 920 1004 sed
930 960 1011 993 nobis
1023 962 1060 993 de
1070 958 1178 1003 abJ'olu-

298 1026 374 1051 tione
393 1019 471 1051 illius
487 1014 666 1048 Parochiani
693 1019 757 1053 tui,
786 1017 835 1054 qui
856 1012 924 1044 olim
945 1012 990 1043 ad
999 1022 1053 1044 nos
1073 1016 1179 1051 venit,

298 1069 432 1101 mordaci
455 1066 620 1100 investione
640 1062 814 1105 reprehendi
837 1073 851 1095 e
864 1085 874 1102 ‚
900 1069 1055 1103 tamquam
1067 1060 1178 1102 Aposto-

298 1120 362 1152 licae
375 1119 459 1151 Sedis
482 1128 537 1149 non
550 1115 616 1159 esset
636 1114 796 1147 austeritas
821 1136 832 1153 ‚
858 1109 1047 1154 quoscumque
1071 1113 1104 1144 Θ
1116 1109 1175 1143 ubi-

1244 961 1288 994 Et
1299 962 1542 998 Lemovicenfis
1563 966 1621 1000 sub
1632 968 1799 1002 Benedicti
1821 969 1902 1003 noni
1915 968 2120 1004 pontificatu

1242 1011 1400 1047 celebrata
1412 1014 1567 1057 Synodus
1589 1014 1654 1050 haec
1675 1016 1792 1051 habet:
1819 1015 1948 1061 Rursum
1969 1024 2002 1052 in
2015 1024 2121 1053 Conci·

1240 1063 1279 1094 lio
1290 1062 1479 1105 conquisitum
1498 1064 1536 1105 est
1547 1066 1584 1098 de
1594 1072 1852 1101 excommunicatis
1874 1072 2094 1114 Aquitenigenis
2107 1094 2119 1110 ,

1241 1117 1294 1154 qui
1319 1113 1524 1156 ignorantibus
1545 1115 1699 1159 Epiftopis
1715 1115 1781 1160 suis
1802 1142 1813 1159 ‚
1838 1120 1859 1151 ἂ
1878 1120 2008 1152 Romano
2029 1121 2119 1161 Papa

300 1179 420 1210 cumque
435 1168 501 1201 vult
513 1168 610 1210 ligare
632 1161 842 1207 &absolvere
868 1163 952 1195 Unde
958 1160 1041 1204 scias
1058 1173 1112 1199 nos
1125 1162 1169 1192 ad
1222 1149 1227 1196 l
1236 1167 1446 1203 poenitentt'am
1466 1166 1501 1198 (ff
1518 1164 1724 1208 absolutionem
1746 1173 1893 1209 accipiunt
1911 1192 1923 1209 ,
1950 1170 1985 1202 ὑ
2005 1167 2061 1201 bac
2078 1171 2118 1203 de

297 1219 403 1252 versus
422 1223 618 1251 temeritatem
639 1222 724 1247 tuam
744 1218 883 1257 graviter
904 1221 1054 1245 commotos
1066 1210 1175 1253 fuiffe.

297 1268 482 1303 Henricurn
504 1267 611 1311 arguit
631 1287 641 1304 ‚
668 1263 757 1308 quod
783 1275 825 1296 ex
853 1261 1096 1305 praesumptione
1122 1271 1176 1293 aut

297 1319 487 1363 ignorantia
508 1317 657 1351 adversim
678 1313 878 1358 Apostolicae
898 1312 989 1345 Sedis
1009 1310 1176 1344 auetorita-

297 1380 366 1403 tem
388 1369 483 1403 verba
509 1366 672 1411 jactaverit
695 1388 705 1404 ,
732 1376 768 1397 ac
797 1361 1010 1395 Eusebianam
1037 1359 1173 1392 Ariano-

296 1429 367 1452 rum
380 1444 390 1459 ,
417 1420 569 1452 Sanstum
584 1414 799 1450 Athanasium
823 1412 889 1444 fine
902 1412 958 1443 suo
970 1409 1094 1443 assensu
1107 1420 1173 1442 non

295 1469 436 1513 potuisse
460 1469 477 1501 a
499 1466 587 1510 Julio
613 1463 774 1496 Pontifice
794 1460 918 1494 absolvi
941 1458 1176 1504 garrientium,

295 1519 472 1552 factionem
496 1517 530 1550 fit
544 1515 712 1552 imitatus,
739 1523 836 1554 atque
863 1510 1081 1554 prosequitur.
1109 1508 1176 1541 Tibi

295 1570 432 1609 det‘nceps
443 1576 552 1600 caveas
565 1589 574 1604 ‚
603 1576 637 1597 ne
653 1560 817 1605 hujusmodi
827 1570 929 1594 contra
947 1571 999 1592 nos
1011 1565 1176 1592 temeritate

295 1616 440 1659 rescribas
455 1641 466 1657 ‚
477 1614 535 1659 sed
547 1615 718 1647 documenta
726 1609 892 1653 sanllarum
909 1612 1036 1642 Patrum
1051 1633 1059 1646 ,
1086 1614 1176 1651 quite

295 1669 375 1709 loqui
388 1665 554 1709 &scribere
567 1665 698 1700 doceant,
707 1661 855 1694 humiliter
867 1671 1006 1693 recurras.
1020 1658 1171 1700 Ejusdem

295 1727 369 1750 cum
385 1716 535 1750 Henrico
547 1713 712 1747 sententia:
725 1712 785 1745 fuit
799 1710 832 1743 iu
850 1711 908 1743 suo
921 1708 1102 1752 Capitulari
1118 1708 1175 1742 At·

294 1777 331 1801 to
346 1765 541 1807 Bafilejenfis
556 1775 562 1795 :
590 1762 703 1795 Nullus
727 1766 832 1804 migret
846 1760 883 1792 de
897 1757 956 1802 sua
970 1757 1117 1792 Parocbia
1133 1759 1177 1791 ad

298 1818 407 1850 aliam.
435 1820 501 1849 Nec
522 1815 566 1847 ad
574 1814 679 1845 limina
693 1810 884 1853 Apostolorum
898 1807 987 1851 causa
1008 1814 1149 1841 orationIs
1164 1833 1174 1848 ,

298 1865 432 1908 Ecclefiae
449 1864 513 1908 suae
524 1875 592 1898 cura
613 1861 770 1895 dereliela.
798 1864 863 1892 Nec
882 1860 1110 1892 &communione
1127 1855 1175 1900 su-

292 1915 416 1961 spensus
441 1916 479 1948 ab
490 1917 548 1948 alio
557 1918 781 1946 communionem
806 1910 963 1950 recipiendi
972 1913 1094 1952 gratia,
1116 1906 1191 1981 fimi

293 1967 474 2010 permifflone
493 1963 725 2008 &praescientia
746 1957 959 2004 suiEpifhopi.
985 1960 1078 2002 ,Quod
1093 1957 1176 2000 fife-

298 2022 370 2050 serit
380 2042 389 2056 ,
406 2016 483 2050 nihil
495 2017 577 2049 valet
590 2012 756 2057 huiusmodi
765 2013 922 2044 communio
936 2034 943 2041 .
967 2011 1014 2041 Et
1025 2008 1077 2041 hoc
1088 2013 1175 2041 omni-

298 2067 352 2100 bus
361 2066 503 2109 fidellbus
534 2064 793 2101 denuntiandum,
819 2070 853 2093 ut
876 2065 928 2102 qui
938 2057 1025 2100 causa
1036 2063 1174 2091 orationis

297 2119 341 2149 ad
350 2119 460 2150 limina
474 2118 636 2147 Bearorum
652 2111 840 2153 Apostolorum
847 2118 968 2151 pergere
979 2115 1100 2148 cupiunt
1110 2130 1120 2146 ,
1132 2107 1177 2139 do·

298 2172 339 2200 mi
364 2165 562 2207 confiteantur
582 2171 706 2204 peccata
722 2159 803 2204 sua,
830 2160 864 2192 δ’
880 2157 920 2200 fic
938 2155 1175 2200 proficiscantur.

300 2219 386 2259 ,Quia
397 2217 417 2247 ἃ
425 2203 548 2257 'proprio
561 2210 705 2255 Episcopo
713 2209 767 2253 suo
776 2218 829 2242 aut
840 2210 993 2242 Sacerdote
1000 2206 1115 2251 ligandi
1126 2215 1178 2239 aut

300 2264 474 2309 absolvendi
479 2262 552 2306 sunt
567 2287 577 2302 ,
603 2274 660 2294 non
674 2262 713 2293 ab
725 2270 885 2293 extraneo.
912 2258 992 2292 Illos
1001 2257 1057 2301 qui
1069 2257 1179 2290 Turo-

302 2327 379 2350 nem
400 2314 441 2348 ad
473 2314 627 2347 sancium
653 2310 836 2343 Martinum
852 2333 862 2348 ,
887 2318 943 2342 aut
965 2307 1110 2342 Romam
1137 2305 1178 2340 ad

302 2364 540 2409 Apostolorum
565 2361 680 2396 limina
703 2359 845 2393 tendunt
863 2382 875 2399 ,
901 2358 941 2392 de
965 2368 1051 2392 vana
1072 2355 1180 2391 remit-

301 2415 476 2450 tendorum
492 2422 697 2457 peccatorum
713 2409 829 2442 fiducia
843 2432 853 2448 ,
879 2419 916 2443 ac
928 2408 1018 2442 vario
1042 2407 1117 2440 finis
1128 2418 1180 2439 ex-

302 2466 388 2501 cessu
402 2476 494 2498 notat
506 2465 604 2497 etiam
618 2461 755 2495 secunda
768 2458 994 2493 Cabilonenfis
1005 2455 1158 2500 synodus
1170 2478 1180 2494 ,

303 2517 423 2550 redium
436 2513 629 2548 intentionis
640 2509 789 2546 ordinem
809 2519 846 2543 ac
858 2507 993 2542 modurn
1005 2507 1100 2541 docet
1112 2530 1123 2546 ‚
1148 2505 1182 2538 &

304 2567 527 2610 prosequitur:
555 2565 619 2607 ‚Qui
639 2563 711 2595 vero
729 2567 856 2602 peccata
873 2556 930 2599 sua
953 2556 1181 2595 Sacerdotibus,

1240 1210 1330 1254 causa
1348 1221 1416 1254 pax
1444 1215 1479 1248 ό·
1501 1217 1665 1249 Concilium
1692 1224 1724 1250 in
1751 1222 1915 1260 Aquitania
1940 1217 2120 1260 destruitur,

1242 1262 1315 1293 dum
1324 1273 1394 1304 quos
1413 1262 1460 1302 isti
1481 1264 1598 1307 ligant,
1622 1268 1672 1299 ille
1690 1267 1797 1308 injuste
1816 1266 1963 1311 absolvit.
1992 1269 2117 1311 Adquae

1241 1312 1430 1344 venerandus
1440 1314 1612 1356 Engelricus
1622 1338 1634 1354 ,
1661 1318 1865 1350 Cancellarius
1881 1316 1997 1360 sanHae
2008 1321 2117 1353 Μανία·

1242 1360 1396 1403 Anicienfis
1417 1361 1572 1405 Ecclefiae,
1597 1369 1683 1406 coepit
1704 1366 1876 1407 explicare,
1901 1366 2002 1400 dicens
2022 1378 2029 1399 :
2055 1370 2120 1402 ste·

1237 1409 1355 1451 pharius
1367 1410 1554 1454 Arvernenfis
1569 1413 1688 1457 Praesul
1703 1424 1774 1448 ante
1790 1414 1948 1449 hosms
1961 1419 2118 1451 Pontium

1239 1463 1384 1494 Comitem
1409 1462 1627 1505 Arvernensem
1645 1470 1938 1500 excommunicatione
1963 1465 2116 1505 obstrinxit

1234 1519 1291 1551 pro
1311 1521 1401 1544 uxore
1418 1514 1551 1554 legitima
1562 1537 1572 1554 ,
1599 1523 1688 1555 quam
1710 1504 1864 1556 dismiserat
1876 1539 1886 1554 ‚
1913 1517 1947 1548 <v
1957 1516 2049 1548 aliam
2061 1518 2115 1550 du-

1222 1569 1343 1603 gxerat.
1370 1562 1471 1604 ‚Quem
1489 1572 1555 1595 cum
1568 1564 1651 1596 nulla
1670 1569 1784 1597 ratione
1803 1565 1892 1598 vellet
1910 1562 2059 1608 absolvere
2070 1571 2116 1600 ni-

1221 1615 1225 1632 *
1235 1608 1262 1650 fi
1276 1613 1468 1644 emendatum
1489 1635 1500 1652 ,
1528 1616 1632 1646 coenes
1655 1615 1676 1645 ἃ
1698 1616 1822 1646 Domino
1847 1615 1936 1655 Papa
1962 1612 2115 1658 absolutio·

1239 1671 1305 1692 nem
1326 1666 1438 1702 accepit
1464 1684 1476 1707 ‚
1513 1667 1666 1705 ignorante
1693 1665 1780 1705 Papa
1813 1667 2113 1699 excommunicatum.

1238 1712 1332 1753 ‚Quod
1346 1715 1487 1753 graviter
1506 1710 1672 1754 Episcopus
1682 1711 1792 1753 ferens
1813 1712 2023 1756 conquestorias
2035 1716 2115 1749 litte-

1239 1772 1291 1792 ras
1304 1763 1428 1793 Romam
1449 1763 1494 1794 ad
1514 1761 1700 1804 apostolicum
1720 1762 1815 1804 misit:
1841 1766 1900 1797 Cui
1915 1763 1965 1797 ille
1985 1769 2018 1796 in
2039 1763 2116 1798 bunc

1238 1811 1355 1842 modum
1380 1808 1486 1851 remlfit
1510 1811 1673 1853 Epistolam
1693 1837 1700 1845 .
1730 1813 1813 1847 Asta
1841 1810 1910 1848 haec
1932 1811 2026 1848 refert
2045 1815 2117 1849 Do-

1240 1859 1348 1893 minus
1369 1859 1554 1895 Cardinalis
1577 1861 1684 1896 Caesar
1703 1862 1863 1897 Baronius
1880 1887 1891 1904 ‚
1917 1863 2117 1907 adducitque

1238 1910 1272 1943 ὅ(
1297 1909 1471 1944 Pontificis
1497 1911 1538 1945 ad
1565 1909 1623 1946 has
1646 1911 1864 1956 querimonias
1889 1913 2115 1957 Rescriptum:

1241 1961 1334 2003 ,Quod
1348 1959 1508 2004 nescienter
1525 1967 1589 2006 egi,
1607 1961 1712 2004 frater
1733 1961 1891 2003 cbariffime*
1911 1967 1922 2004 ¹,
1948 1974 2005 1996 non
2028 1974 2116 2004 mea,

1234 2007 1293 2052 sed
1314 2019 1366 2043 tua
1385 2011 1469 2052 culpa
1492 2011 1530 2051 esi
1552 2036 1559 2043 .
1585 2014 1647 2045 Scis
1667 2017 1768 2052 enim,
1794 2018 1865 2055 quia
1885 2014 2056 2056 quicumque
2076 2014 2115 2047 de

1240 2059 1381 2103 universa
1405 2063 1460 2093 Dei
1479 2058 1600 2101 Ecclefia
1617 2082 1628 2101 ‚
1653 2072 1718 2104 quae
1740 2061 1778 2102 est
1798 2067 1831 2095 in
1852 2071 1911 2095 toto
1930 2062 1997 2095 orbe
2020 2071 2117 2096 terra-

1242 2120 1308 2142 rum
1319 2133 1330 2150 ,
1355 2110 1398 2142 ad
1415 2121 1462 2143 me
1482 2106 1571 2151 causa
1588 2112 1711 2144 remedii
1728 2116 1850 2144 recurrit
1861 2135 1872 2151 ,
1899 2110 2059 2153 impoffibile
2078 2110 2117 2153 est

1242 2158 1314 2192 mihi
1327 2169 1391 2193 eum
1414 2160 1557 2203 negligere
1571 2183 1583 2199 ,
1607 2159 1722 2194 dicente
1734 2163 1858 2200 Domino
1877 2158 2118 2204 adbeatumspe·

1241 2210 1355 2243 cialiter·
1378 2211 1521 2243 Petrum:
1550 2211 1637 2242 Perre
1653 2209 1740 2252 pasce
1749 2222 1820 2243 oves
1842 2221 1943 2243 meas.
1970 2213 2040 2253 ,Quo
2050 2221 2116 2254 ergo

1242 2260 1324 2292 modo
1339 2260 1429 2292 sedes
1444 2256 1597 2300 Apostolica
1617 2264 1727 2300 poterit
1746 2261 1851 2299 ejicere
1871 2260 2000 2300 aliquem
2010 2261 2047 2292 de
2057 2270 2118 2292 me·

1243 2310 1311 2341 dela
1335 2330 1345 2347 ,
1369 2306 1425 2349 nist*
1440 2307 1611 2340 rationabili
1630 2306 1719 2351 causa
1738 2309 1750 2341 ἒ
1776 2307 1916 2341 debueras
1941 2311 2017 2342 certe
2040 2307 2117 2342 mibi

1242 2368 1404 2400 antequam
1426 2359 1480 2391 illa
1501 2357 1634 2390 morbida
1655 2362 1720 2392 ovis
1742 2361 1866 2391 Romam
1887 2363 2027 2397 veniret,
2052 2359 2119 2398 ejus

1242 2406 1359 2450 causam
1378 2412 1438 2440 tuis
1463 2405 1637 2450 innotescere
1656 2407 1806 2450 apicibus:
1834 2411 1873 2440 Ut
1893 2418 1958 2441 eam
1979 2419 2028 2451 ego
2037 2412 2119 2441 omni

1243 2459 1327 2490 modo
1345 2457 1499 2498 abjicerem
1522 2480 1533 2496 ,
1557 2464 1696 2500 tuamque
1719 2457 1868 2499 firmando
1893 2457 2119 2497 auHoritatem,

1242 2519 1308 2542 eam
1318 2505 1519 2540 anathematis
1531 2507 1590 2540 iliu
1602 2515 1810 2549 repercuterem
1820 2532 1827 2539 .
1855 2508 1994 2549 Profiteor
2005 2509 2118 2551 quippe

1242 2557 1376 2591 omnibus
1397 2554 1657 2599 consacerdotibus
1669 2563 1742 2590 meis
1766 2558 1875 2598 ubique
1894 2567 2042 2591 terrarum
2063 2553 2119 2590 ad·

304 2623 336 2649 in
346 2626 466 2659 quorum
483 2613 556 2658 sunt
582 2610 735 2646 Parocbiis
746 2635 756 2651 ,
781 2607 862 2650 confr
880 2622 890 2642 t
906 2605 980 2650 sunt
993 2630 1003 2647 ‚
1028 2607 1061 2640 ὦ·
1072 2606 1112 2638 ab
1133 2605 1180 2637 his
1237 2610 1366 2650 jutorem
1375 2617 1421 2640 me
1430 2607 1464 2640 6
1473 2604 1673 2648 consolatorem
1680 2607 1778 2649 potius
1789 2607 1838 2650 ''ff‘’
1849 2631 1860 2648 ,
1872 2610 1964 2649 quam
1973 2608 2121 2639 contrade-

306 2667 430 2709 agendae
439 2669 623 2707 poenitentiae
635 2660 782 2703 confilium
794 2664 970 2700 acceperunt
980 2680 992 2697 ‚
1010 2655 1040 2698 fi
1046 2661 1184 2689 orationi·

307 2715 361 2748 bus
373 2714 525 2756 infistendo
537 2739 548 2753 ,
575 2709 761 2754 eleemosynas
773 2708 946 2753 largiendo,
971 2710 1069 2740 vitam
1089 2716 1195 2760 emen-¹

308 2766 408 2797 dando
419 2788 430 2803 ‚
455 2775 549 2797 mores
560 2762 751 2803 componendo
763 2784 772 2799 ,
799 2757 992 2800 Apostolorum
1007 2759 1115 2790 limina
1135 2754 1185 2788 vel
1192 2775 1195 2813 Ι

308 2813 501 2858 quorumlibet
525 2811 697 2846 samiorum
719 2807 846 2852 invisere
866 2806 1033 2850 defiderane
1046 2828 1056 2845 ,
1079 2805 1195 2838 horum·

305 2864 345 2904 est
358 2865 476 2897 devotio
499 2863 594 2895 modis
605 2859 737 2893 omnibus
759 2859 975 2891 collaudanda.
1006 2856 1048 2890 Et
1072 2855 1182 2898 adjun-

308 2915 378 2958 git:
409 2917 453 2947 De
464 2913 567 2955 quibus
576 2909 729 2949 omnibus,
755 2909 880 2950 qualiter·
901 2907 1087 2940 emendanda
1103 2904 1181 2947 fini,

310 2954 433 2996 Domini
453 2966 643 3005 Imperatoris
665 2957 820 3002 sententia
845 2956 1025 3000 exspec‘letur
1045 2981 1052 2988 .
1080 2955 1180 3002 Qod

308 3014 474 3048 criminosi
496 3036 507 3054 ,
534 3012 569 3046 ἀ
590 3010 682 3044 Laici
706 3009 741 3042 ὅ(
762 3007 881 3042 Clerici
903 3031 915 3048 ,
940 3017 1018 3040 tunc
1040 3006 1181 3040 Romam

312 3064 422 3107 passim
447 3070 648 3097 accurrerent
669 3081 681 3098 ‚
715 3058 749 3092 &
771 3057 839 3090 illic
864 3056 1104 3090 absolverentur
1130 3079 1140 3095 ,
1165 3054 1183 3087 a

313 3114 495 3147 Gallicanis
517 3112 606 3145 istius
618 3108 721 3143 saeculi
736 3107 902 3150 Episcopis
914 3103 1069 3140 habemus
1081 3105 1183 3149 plures

312 3163 477 3204 querelas.
505 3162 548 3195 Et
570 3158 671 3203 longe
693 3157 847 3201 posterior
867 3156 1018 3199 synodus
1032 3155 1183 3199 Sale-gun·

316 3211 502 3245 stadienfis:
531 3213 671 3244 Decrevit
676 3206 784 3251 sanc‘la
794 3208 919 3245 synodus
931 3230 942 3246 ‚
965 3215 1000 3239 ut
1018 3206 1115 3239 nullus
1129 3208 1185 3236 Ro-

317 3272 398 3294 mam
418 3271 466 3293 eat
478 3268 527 3293 nit
549 3272 613 3294 cum
622 3262 740 3294 licentia
757 3256 806 3301 sui
816 3254 954 3298 Episcopi
966 3279 977 3295 ,
1002 3256 1125 3296 velejus
1139 3257 1186 3287 Vi·

318 3315 405 3344 carii.
432 3310 474 3342 Et
489 3311 621 3344 iterum:
649 3310 734 3352 ,Quia
747 3308 830 3340 multi
842 3315 931 3339 tanta
943 3311 1051 3338 mentis
1057 3301 1178 3347 fieaefal

320 3358 557 3399 lunturflultitia
569 3383 579 3398 ,
605 3368 638 3391 ut
651 3365 683 3391 in
703 3359 801 3400 aliquo
820 3357 942 3397 capitali
962 3360 1082 3388 crimine
1099 3354 1190 3386 incul-

316 3415 411 3456 pati,
432 3413 635 3452 poemtentiam
655 3408 674 3441 ἃ
696 3407 900 3443 Sacerdotibus
916 3403 978 3448 fisis
999 3409 1128 3447 accipere
1141 3414 1177 3437 no

1243 2659 1348 2692 &orem
1362 2682 1369 2689 .
1399 2655 1475 2698 Absit
1493 2662 1572 2689 enim
1588 2654 1748 2700 schismati
1767 2668 1835 2697 me,
1861 2658 1925 2690 &ci
1938 2653 2119 2698 coepiscopis

1243 2713 1317 2742 meis
1343 2732 1350 2739 .
1376 2709 1482 2749 Itaque
1502 2706 1587 2739 illam
1604 2712 1813 2748 peonitentiam
1831 2707 1866 2739 6·
1886 2703 2115 2748 absolutionem,

1242 2770 1333 2800 quam
1357 2765 1407 2790 tuo
1425 2761 1669 2790 excommunicato
1697 2762 1863 2800 ignoranter
1883 2756 2023 2789 dederam
2046 2780 2057 2796 ‚
2085 2757 2120 2789 Θ

1243 2810 1290 2841 ille
1306 2807 1519 2849 fraudulenter
1537 2813 1672 2848 accepit,
1697 2811 1817 2838 irritam
1831 2804 1915 2846 facio
1941 2807 1976 2840 <ir
1992 2806 2119 2849 caffam.

1243 2861 1287 2891 Et
1311 2857 1388 2889 nihil
1404 2857 1490 2889 aliud
1505 2854 1607 2899 speret
1633 2857 1723 2897 quam
1747 2856 1983 2888 maledic‘lionem
2003 2868 2015 2888 .-
2044 2857 2121 2899 ,Qua

1240 2906 1425 2951 satisfaciat,
1451 2917 1484 2939 tu
1504 2905 1565 2949 ipse
1588 2904 1744 2948 absolvas.
1773 2906 1914 2940 Videtur
1927 2904 2121 2939 Benedictus

1240 2959 1274 2991 &
1285 2968 1424 2991 errorem
1435 2956 1469 2989 &
1480 2954 1645 2999 potestatis
1654 2954 1814 2988 defectum
1824 2955 1999 3000 agnoscere
2012 2978 2023 2996 ‚
2033 2953 2126 2990 ideo-

1243 3019 1304 3052 que
1325 3007 1359 3040 &
1373 3009 1459 3040 suam
1473 3005 1713 3040 absolutionem
1737 3004 1992 3038 circumducere.

1293 3056 1436 3091 Videtur
1458 3055 1520 3089 effe
1539 3054 1758 3097 antiquiffima
1771 3054 1916 3088 Eccleliae
1926 3054 2099 3099 disciplina
2113 3077 2125 3094 ‚

1244 3117 1341 3151 quam
1356 3108 1388 3139 in
1398 3105 1650 3152 Qadragefima
1661 3105 1731 3138 secu
1737 3104 1798 3137 nda
1810 3103 1912 3138 haereli
1925 3102 2037 3139 laudat
2048 3106 2124 3139 San·

1245 3158 1311 3190 &us
1336 3155 1536 3200 Epiphanius
1549 3178 1560 3194 ,
1587 3154 1700 3188 dicens
1713 3153 1966 3188 Haerefiarcham
1980 3154 2126 3187 Marcio-

1246 3218 1320 3240 nem
1344 3206 1436 3240 fuiffe
1456 3214 1552 3238 carne
1573 3204 1721 3248 lapsum,
1747 3204 1887 3248 ideoque
1907 3205 1925 3238 a
1946 3206 2007 3238 suo
2031 3204 2126 3237 Patre

1248 3256 1410 3299 Episcopo
1433 3265 1566 3288 exutum
1598 3254 1836 3289 communione
1866 3255 1901 3288 δε
1921 3253 2024 3298 gradu
2049 3278 2060 3294 ‚
2086 3264 2125 3286 ac

1250 3317 1383 3350 pergens
1403 3317 1410 3336 ι
1439 3308 1563 3337 Romam
1579 3301 1613 3346 se
1631 3306 1753 3337 contulit
1779 3308 1913 3337 Marcion
1927 3327 1937 3342 ‚
1962 3304 2000 3336 ἐν
2019 3303 2062 3334 ad
2078 3304 2128 3334 5e·
2146 3311 2219 3349 Cap.
2235 3321 2255 3339 1.

1253 3361 1344 3388 niores
1364 3356 1472 3388 adiens
1495 3378 1504 3394 ,
1531 3359 1580 3395 qul
1600 3353 1637 3386 ab
1660 3354 1851 3396 Apostolorum
1873 3350 2036 3395 Discipulis
2059 3352 2126 3385 edo·

1249 3404 1288 3438 c‘li
1313 3404 1407 3438 adbuc
1423 3403 1596 3448 supererant
1619 3428 1630 3445 ,
1656 3414 1690 3438 ut
1715 3410 1746 3436 in
1767 3407 1994 3436 communionem
2019 3402 2130 3435 admit·

1947 3460 2079 3491 teretur,

1411 3565 1431 3580 S
