2372 3756
159 1006 234 1045 Car>-
248 1014 297 1045 332

406 123 503 158 202

330 192 467 231 'sterium
491 196 628 235 utroque
653 189 734 236 pede
753 189 958 227 claudicent:

334 244 474 288 figuram
502 241 639 276 asserant
661 265 673 283 ,
709 241 813 277 modo
839 242 1007 277 veritatem
1029 267 1036 274 .
1059 241 1108 276 ·Et
1135 239 1215 273 hinc

331 293 424 329 vides
449 315 462 333 ,
498 291 588 336 quod
621 292 720 326 etiam
759 293 893 327 Sanctus
918 290 1100 334 Stephanus
1125 287 1215 324 certi>

332 352 404 376 non
430 342 596 377 censuerit
630 340 853 377 lconoclastas
887 351 992 376 errare
1027 340 1111 374 circa
1151 339 1214 372 hoc

331 390 526 435 mysterium
550 414 563 433 ,
601 392 658 428 sed
700 392 872 427 dumtaxat
916 389 1065 428 habuerit
1112 389 1213 431 suspe-

331 443 420 478 iios.

378 491 423 525 Et
444 502 579 527 omnem
603 490 690 526 hanc
711 490 892 526 dostrinam
916 489 1066 534 probavit
1076 488 1210 531 septima

321 542 484 585 *synodus
504 567 513 574 .
540 541 674 576 Etenim
701 539 792 575 hunc
813 539 984 575 laudatum
1010 538 1117 574 Sancti
1143 539 1209 572 Ste-

320 590 428 636 phani
453 591 599 633 librum,
624 589 701 625 licet
720 590 756 624 in
784 591 960 628 Canonern
982 600 1051 623 non
1071 587 1208 622 admise-

317 642 388 682 rit,
418 652 527 676 tamen
552 640 612 674 fibi
631 640 698 684 legi
714 640 824 684 juffit,
849 641 883 673 ὅ(
904 641 962 674 suo
983 639 1127 673 firmavit
1147 638 1207 671 suf·

323 691 448 735 fragio.
477 690 560 726 Non
586 690 722 734 quidem
741 690 886 734 singulos
908 690 1036 733 apices,
1064 687 1207 723 omnino

321 748 434 777 tamen
458 740 517 774 illa
538 765 550 782 ‚
575 752 647 784 quae
669 752 729 784 pro
743 741 837 774 sacris
849 738 1049 784 imaginibus
1060 737 1203 773 habet&

319 799 384 834 pro
396 789 601 826 Eucharistia
614 816 621 824 .
647 790 752 837 Qod
763 789 866 832 ipsum
880 788 958 823 fecit
971 788 1138 823 Adrianus
1144 788 1206 831 pri-

319 851 396 875 mus
405 840 564 876 Pontifex
573 866 580 872 .
608 841 742 875 Etenim
754 839 923 882 septimam
934 839 1109 882 Synodum
1119 839 1203 874 olim

321 889 454 935 penitus
479 891 666 933 abjecerunt
690 890 891 923 Francorum
913 889 1084 933 Episcopi,
1109 889 1202 933 eique

319 940 542 984 imposuerunt
567 950 687 974 errores
711 939 836 980 varios,
865 939 952 974 inter
976 950 1059 983 quos
1083 940 1147 973 fuit
1167 940 1200 973 δε

315 990 397 1026 hic:
425 991 522 1033 ,2qu
540 1001 659 1033 magnae
669 988 708 1031 fit
722 994 922 1030 temeritatis,
949 988 1130 1033 ingentisque
1149 988 1198 1021 ab·

313 1039 478 1083 surdltaris
491 1064 502 1080 ,
523 1038 631 1082 sacras
644 1045 789 1083 imagines
798 1045 910 1081 corpori
925 1041 959 1076 (τ
977 1038 1119 1084 sanguini
1142 1042 1199 1072 Do-

316 1096 422 1124 minlco
432 1095 619 1133 ‘equiparare
629 1091 726 1128 velle,
752 1089 796 1126 Et
819 1088 988 1124 Adrianus
1012 1086 1198 1133 respondit:

318 1145 393 1174 Non
403 1147 688 1183 aequipaeraeverunt‚
711 1143 825 1184 utique
844 1138 952 1174 Patres
973 1140 1115 1183 septimae
1142 1139 1197 1184 Sy-

316 1190 400 1225 nodi
416 1215 426 1231 ‚
445 1191 503 1237 sed
516 1195 610 1234 magis
620 1189 840 1233 scripturaliter
861 1191 1020 1223 dixerunt.
1047 1188 1196 1225 Adducit

314 1240 465 1284 quaedam
477 1252 517 1274 ex
530 1240 720 1276 memoratis
731 1239 890 1283 Stephani
908 1239 1036 1281 verbis,
1062 1241 1097 1274 δε
1119 1251 1199 1273 con·

315 1290 423 1326 cludit
433 1317 442 1326 .
469 1293 514 1323 Et
528 1292 591 1324 alia
599 1292 734 1334 plurima
744 1290 880 1324 adducit
890 1287 1075 1333 Stephanus
1086 1300 1124 1323 ex
1137 1293 1191 1322 Do-

315 1340 536 1374 mintdoHrina
548 1341 582 1375 (ff
595 1343 685 1375 Beati
698 1341 788 1373 Pauli
809 1339 934 1382 Apostoli
945 1364 955 1380 ‚
981 1350 1047 1381 qua·
1069 1350 1194 1372 exarare

310 1392 460 1426 noluimus
474 1415 485 1431 ‚
511 1396 581 1433 quia
591 1396 625 1423 in
635 1391 740 1423 eadem
760 1397 816 1431 per
839 1391 972 1422 ordinem
987 1387 1131 1431 scribitur
1150 1391 1184 1427 s,

312 1442 388 1475 nodo
403 1465 411 1472 .
437 1445 525 1473 Nam
537 1446 742 1482 aequiparare,
770 1446 804 1472 ut
826 1439 927 1472 dicunt
941 1438 1120 1478 Iconoclastae
1132 1438 1191 1472 bae·

310 1495 395 1524 retici
406 1496 439 1522 in
449 1491 550 1523 eodem
556 1486 778 1531 pseudosyllogo
789 1512 802 1529 ‚
828 1490 1021 1522 venerandas
1044 1493 1189 1532 imagines

307 1545 422 1582 corpori
434 1541 467 1573 Θ
475 1538 619 1583 sanguini
632 1541 783 1571 Domtntco
792 1563 803 1579 ‚
831 1537 1055 1582 insensabiliter
1061 1544 1190 1581 ‘equipa-

306 1598 476 1624 raverunt.
504 1590 659 1623 Affirmat
669 1598 739 1623 non
757 1587 920 1632 &septima
940 1588 1101 1632 Synodo,
1128 1599 1190 1623 nec

304 1639 349 1674 ab
362 1639 435 1675 istic
448 1639 533 1673 lesto
545 1637 703 1683 Stephani
713 1637 800 1675 libro
811 1662 822 1679 ‚
848 1638 901 1674 sed
913 1638 955 1673 ab
977 1638 1190 1673 Iconoclastis

304 1690 410 1724 sacras
437 1689 601 1734 imagines
625 1687 811 1724 Dominico
831 1689 961 1733 corpori
981 1689 1015 1723 ἃ
1035 1689 1187 1733 sanguini

302 1739 509 1784 aequiparari.
543 1736 650 1773 Addit
660 1749 800 1773 errorem
825 1736 915 1773 hunc
937 1738 1084 1773 damnari
1106 1741 1125 1773 a
1145 1740 1188 1773 se-

303 1790 409 1833 ptima
421 1788 580 1835 Synodo.
608 1788 662 1826 Ex
672 1799 739 1832 quo
751 1788 840 1823 vides
865 1788 955 1833 quod
975 1788 1034 1823 iste
1058 1789 1184 1832 septimi

302 1840 454 1875 Concilii
466 1841 612 1874 Francus
623 1840 831 1884 impugnator
841 1849 896 1873 aut
908 1838 1163 1874 dormitantibus
1175 1863 1186 1880 ,

302 1899 360 1926 aut
380 1889 498 1928 alienis
521 1890 628 1925 oculis
648 1890 763 1934 legerit
786 1888 868 1924 Acta
890 1888 1086 1932 synodalia.
1114 1889 1186 1925 Ete-

304 1942 376 1977 nim
388 1938 505 1977 hunca
530 1939 668 1983 Synodo
695 1939 887 1976 damnatum
909 1939 1184 1974 iconoclastarum

304 1991 613 2027 erroremadscribit
624 1991 763 2033 Synodo
773 2016 781 2023 .
810 1987 961 2033 Ejusdem
973 1989 1131 2033 Stephani
1146 1990 1184 2024 li-

304 2041 559 2079 brumlaudavit
574 2039 770 2084 &probavit
793 2041 984 2074 Florentina
1006 2039 1181 2083 Synodus.

300 2091 348 2125 Et
369 2091 411 2127 ad
433 2093 663 2134 Imperatorem
684 2089 883 2127 Michaelem
907 2090 1039 2124 tertium
1063 2089 1183 2133 scripsit

299 2140 465 2176 Nic-olaus
481 2141 603 2183 primus
615 2138 772 2174 Pontifex
787 2152 793 2172 :
822 2142 942 2179 Panis,
972 2138 1113 2183 quifisper
1135 2141 1183 2173 ΔΙ-

299 2200 367 2224 tare
377 2190 500 2231 offertur
514 2214 525 2230 ‚
531 2194 625 2232 panis
637 2189 677 2231 est
686 2190 806 2233 quidem
816 2196 974 2224 communis
988 2214 1000 2230 ,
1020 2189 1080 2234 [σά
1087 2200 1183 2233 quan-

301 2242 339 2274 do
352 2241 412 2284 ipsit
428 2243 619 2275 sacramento
623 2237 762 2282 sacratus
767 2239 865 2282 fuerit
875 2264 886 2281 ‚
913 2248 1014 2281 corpus
1024 2239 1134 2282 Christi
1147 2245 1180 2274 tn

299 2297 430 2325 veritate
438 2290 520 2333 fit&
533 2291 642 2323 dicitur
654 2314 661 2323 .
691 2292 737 2323 sic
756 2291 789 2325 ὢ·
811 2301 939 2329 vanum,
963 2292 1106 2324 modicum
1129 2291 1182 2323 ali-

299 2343 378 2383 quid
390 2344 484 2385 digna
495 2339 651 2381 exstentia
672 2349 743 2373 ante
762 2339 986 2374 benedietionem
1000 2365 1010 2380 ‚
1032 2340 1094 2382 post
1117 2343 1181 2382 spi·

302 2390 653 2434 rttussanllificationem
664 2387 791 2432 sanguis
816 2390 936 2431 efficitur
949 2416 956 2423 .
983 2390 1064 2425 Haec
1084 2389 1179 2424 verba

301 2443 431 2485 sapiunt
443 2441 589 2476 Graecarn
618 2439 776 2483 phrasim,
802 2441 1019 2482 videnturque
1041 2440 1182 2491 omnino

301 2491 473 2535 desumpta
484 2502 525 2525 ex
538 2492 657 2526 Sancto
672 2489 837 2533 Stephano
849 2516 856 2523 .
885 2490 941 2524 Ad
953 2489 1082 2525 Graecos
1092 2492 1181 2524 enirn

301 2541 371 2580 haec
383 2540 544 2576 Nicolaus
554 2540 677 2584 scripfit
691 2551 747 2582 pro
758 2540 852 2575 sacris
874 2540 1074 2584 imaginibus
1088 2565 1098 2581 ,
1126 2552 1183 2574 no-

301 2602 416 2637 ratque
428 2590 525 2635 hujus
537 2588 642 2625 Patris
653 2591 716 2623 esse
738 2589 825 2633 apud
848 2590 926 2625 istos
946 2591 1105 2625 summam
1129 2601 1182 2625 au·

302 2641 497 2676 thoritatem
523 2667 531 2674 .
556 2639 732 2689 Qidquid
755 2639 795 2673 fit
815 2665 826 2681 ,
854 2642 887 2674 in
910 2642 1023 2675 ostava
1040 2652 1081 2673 ex
1103 2641 1181 2676 solis

303 2695 493 2727 Graecorum
514 2689 687 2734 Episcopis
707 2691 878 2725 constante
901 2690 1040 2733 synodo
1065 2690 1128 2725 fuit
1139 2690 1179 2724 le·

987 189 1091 239 Qod
1113 189 1216 224 modo

305 2745 355 2778 sta
368 2743 424 2777 ista
441 2741 610 2785 Epistola,
637 2739 792 2784 probata,
818 2741 852 2776 ὃ(
870 2740 987 2774 inserta
1000 2740 1112 2779 Astis,
1135 2750 1181 2775 at-

302 2800 370 2835 que
382 2792 426 2826 ita
439 2792 539 2825 etiam
552 2789 617 2824 haec
628 2788 779 2834 synodus
791 2789 999 2825 Eucharistiae
1009 2791 1178 2825 veritatem

304 2850 450 2886 patenter
461 2840 669 2874 confirmavit
681 2866 688 2873 .

354 2891 503 2927 Eandem
524 2888 622 2924 fidem
645 2889 749 2924 Graeci
784 2890 1039 2926 constantiffime
1069 2900 1180 2925 tenent

306 2942 410 2977 'etiam
437 2940 509 2984 post
535 2938 672 2973 schisma
702 2938 879 2974 Michaelis
901 2941 1061 2975 Cerularii
1082 2966 1088 2975 .
1126 2941 1181 2975 De

304 2990 565 3035 Theophylacto
583 2987 752 3023 Acridenfi
775 2990 863 3033 apud
874 2991 1033 3035 Bulgaros
1047 2989 1181 3025 Archie-

303 3043 438 3087 piscopo
475 3039 587 3074 scribit
610 3047 752 3082 repertus
778 3040 1069 3084 Constantinopoli
1097 3042 1181 3084 apud

305 3093 417 3126 Patres
455 3090 687 3124 Praedicatores
712 3088 887 3124 Tanatus
911 3104 922 3124 .·
955 3090 1181 3133 Theophylatsus

308 3143 508 3185 Bulgarorum
529 3137 765 3182 archiepiscopus
785 3139 824 3179 est
848 3148 977 3182 tempore
983 3140 1182 3184 scbzsmatisaei

310 3191 415 3224 Photio
425 3192 523 3234 missus
532 3195 566 3223 in
578 3191 759 3233 Bulgarlam
769 3214 779 3231 ‚
791 3199 825 3223 ut
835 3189 912 3232 ipfhs
925 3193 1072 3233 Bulgaros
1084 3215 1094 3231 ,
1113 3199 1183 3224 tunc

307 3245 445 3281 temporis
469 3245 614 3273 Romanae
636 3238 770 3281 Ecclesiae
791 3241 914 3274 devotos
937 3242 971 3274 ὦ·
992 3241 1182 3282 obedientes,

304 3291 351 3324 ad
373 3292 537 3323 Graecorum
547 3296 625 3324 ritus
639 3291 674 3324 6
687 3288 885 3323 obedientiam
897 3300 1047 3324 revocaret
1058 3315 1065 3322 .
1092 3291 1186 3335 ,Quod

305 3342 341 3376 ὑ
356 3338 476 3380 sallum
492 3339 547 3378 est.
576 3338 632 3380 Iste
641 3338 888 3382 Theophylaaus,
914 3352 979 3374 cum
999 3345 1098 3374 omnia
1112 3340 1184 3383 fere?

306 3392 425 3434 Scripta
450 3390 539 3422 Beati
553 3390 702 3436 Joctnnts>
718 3388 905 3433 Chryfhstomi
921 3389 976 3434 sao
993 3395 1111 3434 ingenio
1134 3391 1185 3426 ab·

923 102 1560 152 Dlssenrarro

1282 191 1458 232 breviaffet,
1482 187 1631 231 quidquid
1634 196 1691 230 pro
1713 193 1886 225 Latinorum
1907 194 2034 236 Ecclesia
2045 195 2152 237 facere

1280 240 1463 277 videbatur,
1490 247 1543 271 aut
1553 241 1670 272 omnin&
1681 245 1795 281 tacuit,
1819 251 1872 275 aut
1881 243 1918 275 de
1936 242 1989 286 suo
2006 244 2150 288 superad-

1278 290 1376 336 dendo
1402 300 1507 323 verum
1527 288 1705 322 wullenam
1729 296 1878 332 corrupit.
1906 290 2029 328 Verum
2048 294 2150 341 longe

1276 339 1371 373 aliter
1392 338 1501 373 scribit
1522 338 1591 381 ejus
1603 338 1637 372 in
1651 339 1767 373 eodem
1779 339 2068 387 Archiepiscopatu
2081 347 2151 380 suc-

1275 389 1378 423 cessor
1396 389 1588 423 Demetrius
1609 386 1855 425 Chomatenus.
1883 390 1940 426 Ad
1962 390 2047 427 hanc
2059 395 2150 430 Con·

1273 437 1409 473 stantini
1420 437 1573 474 Cabafilae
1582 438 1805 484 Metropolitae
1815 438 2058 483 Dyrrachienfis
2068 456 2150 488 quae-

1275 488 1416 524 stionem
1437 512 1449 531 ,
1484 491 1555 534 ‚Quo
1572 490 1643 531 jure
1663 488 1818 533 censentur
1837 491 2004 535 consecrata
2027 496 2148 528 Lettino-

1273 549 1339 572 rum
1365 550 1468 578 azyma
1487 563 1499 580 ,
1531 538 1689 582 prophana
1710 564 1721 581 ,
1757 553 1798 574 an
1819 540 1949 584 sanda?
1975 544 2149 587 respondet

1272 588 1342 633 ipsa
1360 591 1423 624 effe
1444 586 1620 633 adiaphora
1640 590 1673 624 δε
1691 590 1874 626 tolerabilia
1895 616 1907 633 ‚
1931 604 1992 628 nec
2019 604 2149 638 propter

1274 639 1340 682 ipsa
1366 638 1634 675 continuandum
1660 638 1799 675 schisma
1822 666 1829 674 .
1869 641 1975 678 Addit
1998 643 2103 687 plures
2127 646 2146 678 a

1270 689 1390 724 Graecis
1409 690 1521 735 passim
1541 690 1710 726 damnatas
1731 692 1927 726 Latinorum
1938 694 2147 729 consuetudi·

1269 750 1325 774 nes
1348 741 1411 775 effe
1434 739 1616 775 istiufinodi
1632 765 1644 782 ,
1668 741 1892 776 damnandum
1910 744 2016 777 solum
2028 743 2146 779 articu-

1269 789 1338 824 lum
1359 789 1400 825 de
1423 791 1623 835 proceffione
1644 791 1782 835 Spiritus
1804 793 1911 827 Sanffi
1925 818 1935 834 ,
1962 793 2006 828 ita
2027 794 2147 828 sentire

1268 839 1372 883 plures
1395 842 1429 875 &
1449 851 1564 886 graves
1586 842 1685 876 etiam
1697 842 1884 877 Graecorum
1897 845 2080 886 Dostmes,
2103 855 2145 879 ac

1268 891 1372 935 pergit
1399 904 1411 924 ε
1449 894 1587 935 ,Quorum
1608 902 1686 925 unus
1705 891 1745 933 est
1765 894 1799 927 (εν
1815 892 2042 936 sapientiffimus
2066 894 2140 927 Bu}-

1259 946 1359 983 gariae
1382 943 1498 975 Beatus
1520 940 1758 984 Arcbiepiscopus
1776 942 2025 985 Theophylaaus.
2053 942 2144 977 Mul-

1265 988 1305 1023 tis
1315 990 1516 1025 demonstrat
1527 992 1634 1034 ipsum
1646 1003 1712 1025 non
1727 993 1818 1027 fuisse
1841 996 1987 1028 aversum
2009 994 2028 1026 a
2051 993 2139 1028 Lati-

1266 1039 1334 1078 nis,
1362 1051 1422 1075 nec
1434 1040 1578 1074 alienum
1589 1039 1630 1074 ab
1640 1039 1783 1076 ineunda
1805 1054 1881 1078 cum
1903 1044 1967 1078 illis
1992 1043 2137 1078 unione.

1266 1089 1368 1136 Qod
1380 1089 1485 1133 ipsum
1505 1091 1539 1123 in
1552 1089 1692 1125 secunda
1702 1091 1757 1125 sua
1770 1090 1941 1138 Apologia
1953 1092 2061 1128 scribit
2085 1094 2141 1138 Jo-

1262 1150 1363 1174 annes
1375 1140 1503 1174 Veccus
1516 1139 1704 1174 Patriarcha
1730 1141 2116 1186 Constantinopolitanus
2125 1167 2138 1184 ,

1262 1190 1318 1233 qui
1333 1191 1449 1225 fastam
1462 1191 1496 1224 in
1509 1190 1719 1234 Lugdunenss
1729 1191 1881 1236 Gregorii
1892 1192 2013 1227 decimi
2027 1195 2138 1228 conci-

1263 1239 1479 1274 liounionem
1493 1240 1646 1280 admisit,
1671 1240 1763 1275 &est
1786 1252 1958 1276 executus.
1988 1244 2068 1276 Non
2093 1244 2138 1277 ita

1262 1290 1385 1332 pridem
1407 1289 1523 1329 edirae,
1548 1301 1686 1333 quarum
1699 1290 1804 1332 plures
1818 1293 1995 1327 undecimo
2005 1295 2138 1327 suorum

1262 1338 1445 1372 Annalium
1457 1349 1550 1374 tomo
1563 1337 1683 1372 indidit
1694 1340 1861 1375 Dominus
1873 1343 2058 1377 Cardinalis
2069 1343 2138 1376 Cae-

1260 1389 1306 1422 sar
1327 1388 1514 1429 Batonius,
1540 1387 1788 1432 Theopbylasti
1815 1390 1969 1434 Epistolae
1981 1391 2137 1426 evincunt

1259 1439 1363 1482 ipsum
1378 1439 1492 1474 vixisse
1504 1439 1561 1472 sub
1583 1438 1786 1473 pontificatu
1806 1441 1960 1485 Gregorii
1984 1442 2137 1486 septimi,

1258 1500 1295 1522 ac
1305 1488 1364 1524 sub
1374 1488 1516 1531 Imperio
1528 1488 1705 1523 Michaelis
1727 1489 1951 1533 Parapinacii,
1978 1502 2015 1525 ac
2036 1493 2135 1526 etiam

1258 1538 1373 1573 Alexii
1399 1539 1584 1574 Comneni.
1614 1538 1745 1582 Nempe
1757 1539 1862 1574 distas
1883 1540 2054 1582 Michael,
2081 1553 2136 1575 cu·

1254 1588 1305 1632 jus
1335 1589 1482 1632 iniquam
1508 1588 1776 1634 degradationem
1796 1590 1879 1634 jacio
1907 1591 1941 1624 in
1964 1590 2134 1635 Nicepho-

1254 1650 1326 1672 rum
1353 1638 1566 1676 Botoniatem
1587 1637 1796 1673 anathemate
1820 1640 1998 1675 vindicavit
2022 1641 2133 1675 lauda·

1254 1699 1305 1722 tus
1327 1689 1529 1734 Gregorius,
1558 1688 1682 1723 studuit
1708 1689 1844 1725 schisma
1866 1692 2005 1725 evellere
2026 1702 2064 1725 ac
2085 1702 2134 1725 re-

1253 1739 1369 1773 ducere
1390 1740 1548 1773 unionem
1571 1763 1582 1778 ,
1623 1738 1915 1782 Theophylastum
1942 1741 2133 1781 consuluit,

1253 1789 1287 1822 ὅ(
1307 1787 1363 1822 hic
1386 1800 1470 1831 opus
1490 1789 1616 1823 bonum
1626 1789 1671 1823 est
1690 1800 1828 1823 conatus
1840 1790 2009 1833 adjuvare.
2036 1791 2132 1825 Hinc

1252 1839 1286 1872 ὅς
1299 1838 1403 1872 dinus
1413 1838 1620 1878 Demetrius,
1646 1839 1680 1871 &
1692 1838 1794 1874 dicius
1817 1840 1959 1883 Joannes
1978 1840 2109 1875 Veccu‘s
2121 1864 2134 1882 ,

1251 1889 1307 1931 qui
1323 1889 1381 1923 sub
1397 1889 1559 1933 Gregorio
1571 1900 1664 1922 nono
1676 1898 1831 1923 tentatam
1843 1914 1854 1930 ,
1879 1890 1912 1923 ὅ(
1923 1890 2056 1924 tandem
2069 1890 2129 1926 sub

1251 1939 1413 1984 Gregorio
1429 1938 1558 1974 decimo
1584 1939 1702 1972 faciam
1728 1939 1888 1973 unionem
1913 1939 2129 1983 adjuverunt,

1249 1988 1315 2032 ejus
1336 1987 1534 2023 authoritate
1555 1990 1687 2022 fuerunt
1710 1989 1754 2022 ufi
1767 2013 1774 2020 .
1802 1988 1896 2026 Hinc
1919 1990 1999 2024 item
2013 1990 2052 2024 ad
2065 1991 2131 2024 Im·

1250 2050 1430 2082 peratorem
1451 2038 1638 2072 Henricum
1661 2049 1811 2080 quartum
1826 2038 1935 2073 scribit
1947 2039 2037 2073 idem
2050 2039 2130 2074 Gre-

1250 2089 1362 2132 gorius
1383 2087 1539 2131 septirnus
1560 2099 1568 2119 z
1594 2087 1919 2129 constantinopolitana
1945 2087 2074 2130 Ecclefia
2093 2090 2131 2123 de
2148 2111 2199 2144 Lib
2230 2124 2246 2143 ²

1248 2138 1355 2172 samso
1375 2141 1488 2179 spiritu
1511 2140 1531 2171 ci
1554 2136 1640 2170 nobis
1658 2138 1795 2177 dtffidens
1815 2162 1828 2178 ,
1855 2140 2036 2172 concordiam
2058 2143 2130 2180 Apo·
2147 2134 2208 2194 Ep:
2217 2134 2267 2192 3¹⁶,

1243 2188 1354 2229 stolscae
1367 2189 1450 2221 sedis
1468 2186 1619 2231 exspeaeffat
1633 2211 1640 2218 .
1666 2188 1779 2221 Solam
1802 2188 1844 2221 de
1868 2188 1989 2231 Spiritu
2013 2190 2129 2225 sancto

1249 2239 1461 2281 quaestionem
1484 2246 1663 2271 memorat:
1694 2235 1797 2283 Qod
1814 2238 1932 2281 nempe
1942 2239 2129 2274 Graeciom-

1251 2301 1325 2328 nes,
1353 2284 1598 2330 Theophyladti
1610 2285 1772 2328 judicium
1782 2287 1910 2327 securi,
1935 2287 2126 2324 circaissam

1249 2339 1351 2372 solam
1365 2348 1426 2371 nos
1435 2348 1538 2372 errare
1550 2337 1738 2376 censerent,
1767 2336 1910 2379 ideoque
1933 2337 1973 2371 de
1999 2339 2067 2381 ipsa
2080 2340 2129 2373 so-

1250 2388 1476 2431 lalitigarent.
1508 2387 1588 2420 Non
1613 2385 1715 2430 igitur
1740 2385 1798 2419 sub
1825 2383 1964 2427 Photii,
1991 2386 2043 2422 sed
2071 2389 2128 2424 sub

1248 2435 1426 2473 Michaelis
1450 2435 1611 2470 Cerularii
1644 2434 1817 2469 schismate
1852 2434 2128 2480 Theophylaetus

1249 2487 1375 2522 vixit&
1398 2486 1530 2521 docuit.
1558 2483 1683 2521 Lucide
1708 2484 1820 2520 docuit
1843 2485 2055 2522 Eucharistiae
2074 2499 2126 2524 ve·

1248 2538 1375 2572 ritatem
1388 2562 1395 2571 .

1296 2586 1396 2634 Qod
1410 2587 1427 2621 a
1439 2587 1626 2622 Dominicis
1644 2586 1758 2627 5verbis
1770 2611 1780 2628 ,
1807 2592 1869 2624 Hoc
1889 2587 1929 2629 est
1945 2595 2046 2630 corpus
2066 2599 2126 2622 me-

1248 2648 1317 2679 um,
1346 2648 1413 2671 non
1439 2639 1600 2682 figuram,
1627 2638 1680 2671 sed
1703 2639 1875 2672 veritatem
1892 2637 2038 2672 -omnind
2062 2638 2126 2672 im-

1249 2688 1370 2731 portari
1383 2688 1532 2722 docuerit
1545 2712 1556 2728 ,
1568 2689 1613 2722 est
1626 2686 1716 2730 supra
1726 2687 1979 2722 demonstratum
1993 2712 2000 2719 .
2018 2687 2123 2736 Qod

1247 2738 1352 2780 ipsum
1375 2737 1472 2772 docet
1494 2738 1528 2771 in
1553 2736 1697 2781 pluribus
1720 2737 1792 2770 aliis
1813 2736 1911 2770 locis.
1939 2734 2124 2772 Audiamus

1249 2789 1386 2822 unicum
1407 2787 1426 2822 ὲ
1444 2788 1684 2822 commentario
1696 2786 1870 2830 Evangelii
1881 2786 2060 2821 secundum
2071 2788 2123 2831 Jo-

1247 2849 1367 2872 annem
1380 2851 1392 2873 .·
1420 2839 1546 2880 Attende
1558 2838 1640 2880 quiid
1651 2842 1746 2879 pann
1759 2859 1770 2875 ,
1795 2841 1844 2878 qui
1863 2838 1884 2868 ἃ
1903 2836 1988 2869 nobis
2007 2842 2039 2870 in
2064 2848 2123 2875 my·

1240 2887 1341 2928 stertis
1353 2889 1575 2927 manducatur,
1604 2898 1662 2921 non
1673 2886 1712 2927 est
1737 2886 1855 2919 tannim
1877 2884 2018 2929 figuratio
2041 2898 2122 2929 quae-
2142 2873 2215 2913 εἶθ
2231 2884 2261 2910 7·

1248 2940 1320 2970 dam
1329 2943 1430 2972 carnis
1453 2940 1594 2979 Domini,
1619 2935 1674 2980 fed
1696 2933 1760 2978 ipsa
1785 2946 1852 2968 caro
1876 2938 2014 2968 Domini.
2045 2941 2121 2971 Non

1248 2994 1326 3022 enim
1350 2990 1453 3022 dixit.-
1478 2989 1596 3026 Panis,
1622 2997 1708 3028 quem
1718 2997 1768 3027 ego
1780 2985 1878 3026 dabo,
1900 2985 2123 3028 figuraestcar-

1248 3044 1294 3072 m‘s
1306 3063 1318 3078 ‚
1340 3037 1398 3081 fed
1406 3049 1473 3071 caro
1486 3047 1550 3070 mea
1558 3036 1613 3078 est.
1644 3034 1892 3075 Transfhrmatur
1902 3041 1981 3068 em'm
2000 3041 2122 3071 arcanu-

1251 3088 1457 3130 verbtspanis
1480 3088 1551 3126 ille,
1575 3094 1632 3128 per
1653 3084 1795 3124 mysticam
1817 3084 2063 3127 benedifflonem,
2086 3087 2121 3120 U

1251 3139 1428 3178 acceffionem
1438 3139 1564 3178 spititus
1574 3135 1697 3176 Satrai,
1724 3140 1756 3167 in
1768 3146 1889 3168 carnem
1910 3139 2045 3168 Domini.
2072 3138 2118 3169 Et

1250 3201 1286 3223 ne
1297 3199 1383 3231 quem
1392 3186 1560 3226 conturbet,
1589 3186 1770 3228 quodpam's
1791 3185 1956 3219 credendus
1973 3185 2012 3227 fit
2031 3195 2098 3218 caro
2110 3207 2120 3216 .

1249 3242 1374 3273 Etenim
1385 3239 1420 3272 (ν
1431 3242 1464 3270 in
1474 3247 1564 3270 carne
1573 3235 1745 3269 ambulante
1755 3237 1881 3269 Domino
1892 3259 1904 3276 ,
1929 3235 1963 3268 ὀ·
1982 3246 2021 3267 ex
2037 3242 2120 3276 pane

1226 3252 1232 3325 i
1251 3291 1420 3323 alimoniam
1431 3287 1628 3328 admittente,
1651 3290 1746 3328 panis
1766 3285 1831 3325 ille,
1852 3290 1904 3327 qus·
1924 3282 2119 3317 manducaba-

1229 3329 1232 3346 '
1250 3349 1300 3373 tur
1313 3365 1323 3381 ,
1348 3345 1382 3380 in
1390 3344 1492 3379 corpus
1503 3338 1567 3378 qius
1580 3335 1751 3369 mutabatur
1760 3358 1773 3375 ,
1798 3336 1832 3368 <tt
1838 3333 1941 3375 fimitis
1950 3331 2039 3374 fiebat
2048 3331 2121 3376 san-

1250 3390 1306 3424 c‘lae
1331 3391 1396 3430 ejus
1420 3392 1544 3428 carnit,
1569 3387 1602 3424 <9¹
1625 3392 1657 3420 in
1676 3393 1863 3429 augmentum
1885 3384 1919 3419 Θ
1935 3380 2124 3426 sustentatio·

2009 3442 2075 3469 nem
