2352 3756
112 1197 180 1228 lib.
205 1208 233 1236 3.

96 1249 161 1279 cap.
189 1248 235 1277 5¹·

97 2095 136 2123 A.
154 2098 242 2127 1030·

301 256 371 280 imae
396 269 404 276 .

248 246 489 332 tgiiideseruiffe
510 292 608 326 istum
631 302 754 327 morem
768 314 779 330 ,
807 291 841 325 &
862 289 1023 324 admifine
1034 288 1135 342 Fran-

249 357 365 380 corum
391 344 590 383 Canonem,
615 341 741 376 editum
767 341 785 374 ὲ
807 337 978 380 Riculpho
997 334 1135 391 Archio-

251 397 386 439 piscopo
414 394 449 427 in
475 393 613 437 Synodo
638 390 862 436 Moguntina.
889 387 980 443 Nam
1006 387 1039 421 ὅ(
1064 385 1136 419 alus

251 447 454 481 Francorum
484 443 630 479 moribus
658 443 690 475 se
728 436 1023 492 accommodavit:
1062 435 1136 468 Par-

253 507 320 531 tem
348 505 460 529 tamen
496 494 682 539 negativam
718 487 853 521 suadent
888 485 956 520 haee
992 484 1136 529 ejusdem

255 544 424 580 Guidonis
451 544 545 581 verba
568 556 574 575 ε

315 171 412 220 356

442 242 559 277 Postea
582 241 684 286 igitur
705 240 858 275 Romana
877 238 1018 275 Ecciefia
1043 236 1133 270 vide-

612 543 745 580 Denique
776 538 930 578 jeJunium
957 539 1065 569 Martii
1103 536 1138 570 i&

257 605 329 634 ante
349 598 499 629 statutum
520 591 606 631 nostrl
629 592 725 630 Papae
741 591 895 631 Gregorii,
922 597 988 620 cum
1000 587 1136 628 aliquan·

255 647 293 681 do
317 655 387 680 ante
411 638 677 688 ,Quadragesimam
694 639 789 678 juxta
811 635 1045 681 Moguntiacense
1064 640 1138 668 Con·

254 700 354 731 cilium
375 700 526 731 eveniret,
548 697 670 732 propter
693 686 957 731 ,Quadragefimale
983 696 1084 720 tamen
1097 684 1139 728 of-

253 747 353 790 ficium
369 742 456 786 usque
477 742 521 774 ad
542 737 807 783 ‚Quadragefimam
831 737 1021 778 differebatur
1041 761 1049 768 .
1091 740 1139 768 ln-

255 782 412 840 congruum
435 796 516 826 enim
541 791 625 833 effet,
655 798 687 823 ut
714 786 843 832 ejusdem
852 789 963 829 jejunii
975 787 1112 821 lectiones
1127 809 1138 825 ,

251 845 417 893 specialiter
443 838 705 886 ,Quadragesimam
723 842 898 872 intimantes
911 863 921 878 ,
950 838 1139 871 &oratIones

251 897 343 942 super
375 893 514 937 populum
534 915 545 932 ,
581 899 670 924 extra
706 887 974 933 ,Quadragefimam
1011 888 1139 921 diceren-

256 958 308 982 tur
322 971 330 979 .

268 1020 273 1028 .
306 997 388 1030 Haec
400 992 522 1028 debent
532 989 689 1025 elucidari
700 1014 707 1022 .
720 989 782 1024 Per
795 988 1039 1034 Moguntinum
1051 988 1139 1022 Con-

255 1048 371 1083 cilium
398 1043 511 1077 Guido
533 1053 601 1075 non
628 1039 786 1084 intelligit
808 1039 867 1074 sub
889 1040 1000 1074 Caroli
1019 1036 1139 1083 Magni

256 1095 398 1140 Imperio
423 1092 619 1127 ceiebratam
646 1091 663 1124 a
687 1089 857 1133 Riculpho
881 1089 1140 1132 Archiepiscopo

256 1145 453 1191 Synodum‚
481 1142 533 1176 sed
559 1141 616 1175 sub
638 1140 800 1174 Conrardi
824 1140 919 1183 primi
938 1139 1079 1183 Imperio
1090 1150 1140 1173 ce-

256 1198 418 1233 lebratum
441 1193 482 1228 ab
504 1191 653 1227 Aribone
665 1189 922 1234 Archiepiscopo
933 1189 1141 1230 Concilium,

256 1250 298 1285 de
319 1259 386 1292 quo
408 1243 518 1279 scribit
539 1243 575 1276 in
602 1241 842 1276 Cameracensis
866 1240 1014 1275 Ecclefiae
1037 1237 1141 1274 Chro-

255 1299 335 1335 nico
363 1293 531 1331 Baldricus
553 1291 734 1335 Episcopus
756 1290 976 1325 Tornacenfis
999 1302 1007 1322 :
1034 1290 1141 1322 Tribu-

255 1355 311 1385 riae
328 1347 410 1392 secus
431 1348 617 1389 Moguntiam
641 1346 805 1384 Imperator
829 1341 1005 1375 Conrardus
1033 1341 1071 1373 de
1096 1342 1141 1374 di-

255 1398 347 1441 versis
370 1395 512 1440 partibus
540 1390 699 1436 Episcopos
725 1395 923 1431 convocavit,
947 1399 981 1424 ut
1009 1401 1077 1432 quae
1087 1395 1142 1422 uti-

256 1453 356 1485 litatis
376 1450 410 1482 <9¹
432 1446 593 1489 Religionis
609 1441 683 1485 sunt
698 1467 708 1483 ,
734 1442 778 1475 ad
797 1446 925 1474 invicem
954 1439 1141 1482 conferrent.

257 1503 322 1544 ,Qui
339 1497 402 1541 post
423 1497 527 1537 aliqua
552 1490 830 1534 Didlorumsuorum
841 1490 1009 1524 habuerunt
1019 1489 1070 1523 hoc
1083 1494 1142 1522 Ca-

251 1548 383 1594 pitulum
394 1570 405 1587 ‚
430 1554 464 1579 ut
476 1542 504 1586 fi
524 1543 643 1586 quando
647 1543 802 1583 jejumum
808 1546 901 1583 primi
913 1539 1017 1582 mensis
1030 1545 1063 1573 in
1073 1540 1141 1573 heb·

257 1600 409 1638 domada,
435 1606 496 1638 qua
515 1592 717 1634 constatcaput
720 1594 855 1633 jejunii,
874 1590 947 1633 ficut
953 1589 1049 1633 solet,
1076 1601 1143 1625 eve-

255 1657 335 1684 niret
346 1673 358 1689 ,
383 1646 535 1681 amborum
550 1645 732 1685 jejuniorum
750 1642 903 1676 celebritas
924 1653 985 1674 una
997 1641 1080 1683 officii
1093 1652 1147 1677 ex<

253 1702 385 1743 pletione
407 1697 599 1739 compleretur
613 1718 620 1725 .
648 1697 684 1726 In
707 1691 758 1726 hoc
776 1692 1012 1732 moderatiffimus
1043 1691 1143 1731 Pastor

256 1749 384 1784 Sanc‘ius
407 1747 559 1780 Gerardus
578 1741 795 1784 Cameracensis
809 1740 974 1784 Epifiopus
984 1746 1142 1782 antiquam

257 1803 387 1834 Parrum
404 1795 641 1838 consuetudinem
658 1791 779 1835 servari
799 1791 959 1830 monebat,
987 1791 1021 1824 (θ’
1043 1794 1075 1821 in
1101 1791 1143 1823 al·

259 1858 325 1884 tera
352 1846 542 1881 hebdomada
565 1845 684 1886 offiium
706 1846 799 1884 primi
813 1842 923 1881 jejuna·
932 1839 1140 1873 celebrandum

255 1908 314 1944 pro
339 1896 544 1940 consuetudine
580 1899 707 1934 antiqua
731 1888 867 1932 censebat
888 1913 900 1929 ,
934 1890 1019 1928 qu‘us
1045 1887 1144 1921 oblata

256 1950 411 1995 sententia
436 1943 503 1987 visa
529 1941 566 1982 est
587 1953 734 1987 congrua,
762 1941 796 1973 Θ
822 1939 861 1972 ab
888 1944 932 1973 eis
962 1939 1082 1972 decreta
1107 1937 1144 1977 est

292 2011 311 2032 n
329 1999 392 2031 nda
414 2021 420 2028 .

260 2010 328 2087 ’ἑοῖ
347 2054 475 2088 tempore
490 2044 571 2086 juffu
592 2041 742 2074 conrardi
764 2043 955 2080 Imperatoris
981 2038 1085 2080 Regali
1112 2038 1145 2071 ὀ·

262 2099 399 2140 synodali
419 2101 566 2128 conventu
591 2092 676 2132 apud
694 2088 851 2121 Triburias
864 2094 941 2121 inter
953 2096 1060 2120 caetera
1071 2090 1146 2128 Epi-

260 2149 339 2196 fiopi
365 2147 417 2179 boc
449 2142 626 2184 Capitulum
664 2141 814 2189 deseruere
855 2139 1010 2169 macerant
1026 2161 1035 2177 ,
1068 2145 1102 2169 ut
1121 2134 1151 2177 fi

263 2198 382 2244 quando
396 2196 548 2236 jejunium
567 2194 662 2232 primi
685 2186 786 2228 menfis
807 2192 941 2220 eveniret
966 2184 1052 2226 infra
1079 2184 1147 2219 heb·

263 2247 449 2285 domadam,
477 2253 537 2285 qua
560 2248 648 2282 caput
663 2240 777 2280 jejunii
795 2242 828 2269 in
851 2245 962 2278 quarta
975 2234 1059 2277 feria
1084 2246 1148 2269 con-

258 2301 321 2342 flat
347 2323 358 2339 ,
383 2294 538 2329 amborum
555 2292 741 2332 Jejum'orum
764 2286 920 2320 celebritas
953 2292 1044 2320 unius
1068 2286 1149 2327 officii

267 2350 435 2392 expletione
461 2342 666 2384 compleretur.
692 2339 752 2371 Sed
764 2338 918 2371 Gerardus
934 2334 1147 2378 Cameracensis

268 2403 303 2435 (ς’
321 2402 410 2441 pauci
432 2405 498 2428 cum
523 2403 554 2425 eo
579 2390 646 2423 huic
671 2390 828 2422 multorum
855 2391 978 2420 Decreto
1001 2387 1150 2419 contradi·

268 2459 364 2485 centes
389 2446 576 2479 obtinuerunt
591 2467 601 2483 ,
627 2448 660 2473 ut
677 2440 826 2480 jejunium
845 2442 938 2479 primi
950 2435 1049 2478 mensis
1061 2442 1093 2468 in
1106 2437 1147 2469 al-

458 1994 632 2039 Consonat
671 1989 856 2035 sigebertus
883 1987 1142 2022 Gemblacensis:

270 2512 335 2537 tera
355 2494 564 2532 hebdomada,
591 2496 623 2523 in
639 2501 701 2533 qua
728 2487 854 2521 babetur
865 2488 1006 2529 officium,
1032 2485 1150 2519 celebre-

271 2562 320 2585 tur
327 2547 488 2593 secundum
499 2548 654 2585 antiquam
666 2537 910 2582 consuetudinem.
932 2536 1034 2592 Qod
1046 2536 1150 2579 ipsum

272 2601 381 2636 scribit
403 2597 568 2640 Magnum
580 2588 891 2635 BelgiiChronicon
906 2612 913 2620 .
942 2587 1052 2621 Prima
1064 2586 1153 2632 Qa-

275 2649 458 2694 dragefimae
478 2641 685 2679 hebdomada
709 2638 907 2684 quandoque
920 2637 1082 2671 inciditin
1095 2637 1153 2670 Fe·

276 2699 440 2735 bruarium
458 2722 465 2728 .
492 2693 634 2736 Antiqui
657 2691 774 2726 Franci
797 2700 875 2723 tunc
890 2687 1065 2743 noluerunt
1075 2687 1155 2721 cele-

277 2751 368 2785 brare
391 2756 524 2782 vernum
542 2742 702 2788 jejunium
717 2766 727 2782 ,
756 2739 809 2774 sed
833 2738 1028 2773 distulerunt
1048 2748 1083 2770 in
1111 2737 1157 2770 se-

279 2801 483 2845 ptimanam,
509 2795 542 2828 in
566 2805 628 2838 qua
648 2789 838 2827 occurrebat
862 2788 964 2831 prima
992 2795 1103 2833 quarta
1114 2787 1158 2821 fe·

281 2851 327 2884 ria
339 2848 470 2880 Martii.
501 2844 549 2878 At
571 2842 648 2877 vero
671 2841 735 2875 haec
760 2840 837 2874 feria
848 2837 1103 2882 est‘quandoque
1117 2837 1160 2870 fe·

282 2900 328 2934 ria
340 2907 451 2942 quarta
464 2895 622 2928 Cinctum
632 2917 639 2924 .
670 2892 711 2925 Et
722 2901 802 2924 tunc
814 2889 939 2932 antiqui
952 2888 1050 2921 etiam
1062 2889 1161 2921 Fran·

283 2951 313 2982 ci
337 2959 405 2981 non
428 2952 564 2988 egerunt
581 2941 664 2976 istud
690 2940 871 2984 jejunium,
903 2938 955 2972 sed
968 2938 1160 2971 distulerunt

285 3001 320 3034 in
333 3000 520 3041 sequentem
532 2990 769 3025 hebdomadam
781 3014 791 3029 ‚
818 2989 956 3032 primam
974 2988 1162 3033 Qiadrage-

285 3051 389 3082 fimae.
417 3045 507 3092 Qia
529 3041 645 3084 nempe
667 3050 805 3083 quatuor
819 3048 1002 3079 temporum
1016 3038 1161 3071 officium

288 3099 339 3133 isti
368 3096 552 3139 septimanae
571 3103 638 3126 non
661 3088 836 3131 quadrabat
852 3113 859 3120 .
887 3088 1019 3121 Mutare
1031 3087 1096 3121 hoc
1109 3097 1165 3121 vo·

289 3148 350 3182 luit
372 3143 592 3180 Triburienfis
615 3139 769 3184 Synodus
788 3163 798 3178 ‚
837 3138 871 3171 &
890 3137 1044 3181 deinceps
1069 3135 1163 3171 simul

289 3209 366 3232 cum
392 3197 496 3239 capite
522 3192 633 3235 jejunii
652 3189 811 3224 celebrare
838 3198 977 3230 quatuor
999 3198 1163 3231 tempora.

290 3247 417 3280 Verum
445 3245 575 3279 sanctus
602 3240 764 3274 Gerardus
792 3238 982 3277 intercessit,
1012 3248 1160 3280 provoca·

292 3297 341 3329 vit
366 3295 406 3327 ad
433 3292 645 3328 reverentiam
672 3290 813 3333 antiquae
839 3287 1106 3327 consuetudinis,
1131 3287 1164 3320 ὅ(

293 3344 439 3380 obtinuit
473 3343 600 3378 causam
629 3366 635 3373 .
675 3340 785 3383 Hujus
821 3336 1017 3372 authoritate
1053 3337 1165 3370 Guido

295 3381 436 3430 ostendit
457 3386 591 3434 primam
615 3389 871 3438 Qadragefimae
894 3388 1104 3430 septimanam
1125 3386 1166 3420 ab

298 3441 439 3488 antiquis
461 3442 559 3476 etiam
585 3441 715 3476 Francis
741 3439 833 3474 fuiffe
858 3437 1034 3481 judicatam
1054 3436 1167 3481 aptiffi-
1180 3460 1194 3544 l

623 156 1711 224 Qu1N-1111N01suitfieuse

1194 248 1281 270 marn
1292 247 1434 280 quatuor
1445 239 1669 284 temporibus,
1695 251 1794 287 atque
1803 242 1848 279 ita
1859 247 1984 292 septimi
1999 250 2080 285 Gre-

1194 287 1281 330 gorii
1309 288 1511 323 sanctionem
1538 301 1678 325 conatur
1710 292 1885 330 defendere
1906 321 1915 330 .
1953 298 2080 335 Verum

1195 335 1271 370 inde
1295 348 1365 372 non
1403 339 1547 382 sequitur
1576 340 1668 384 quod
1695 342 1849 378 Romana
1877 346 2014 383 Ecclefia
2038 351 2081 386 ab

1195 386 1288 421 avito
1315 389 1375 422 suo
1401 400 1494 424 more
1519 402 1591 425 non
1618 394 1798 428 recesserit.
1826 395 2010 432 Dumtaxat
2037 401 2083 435 se-

1195 437 1329 480 quitur,
1354 438 1446 482 quod
1471 439 1638 476 defensam
1663 443 1682 476 ὲ
1709 443 1829 478 saneto
1848 446 1995 482 Gerardo
2006 459 2086 483 con·

1198 487 1406 523 suetudinem
1433 491 1558 535 semper
1583 494 1725 527 tenuerit
1751 506 1828 530 cum
1855 497 1928 532 aliis
1939 498 2084 534 Franco-

1197 548 1267 571 rum
1295 539 1468 575 Ecclefiis.
1671 558 1679 567 ·

1247 589 1395 624 Secunda
1416 591 1550 634 quaestio
1572 592 1639 632 est,
1666 594 1747 641 Quo
1759 598 2083 643 tempore&quibus

1198 639 1238 673 de
1259 640 1359 673 caufis
1380 641 1509 686 Franci·
1522 642 1714 678 induxerint
1737 646 1830 680 istam
1841 651 2082 684 mutationem?

1201 690 1400 733 Respondeo
1425 693 1646 727 mutationem
1674 693 1840 730 inductam
1862 698 1881 732 a
1909 699 2081 743 Riculpho

1200 740 1407 785 Moguntino
1430 740 1692 788 Archiepiscopo
1714 744 1749 779 in
1762 747 1819 780 sua
1829 747 1965 783 addusta
1976 750 2085 793 Syno-

1199 787 1266 831 do,
1293 790 1386 834 cujus
1409 793 1583 827 Canonem
1605 796 1813 831 confirmavit
1827 798 1972 842 Magnus
1982 800 2083 834 Caro-

1202 839 1249 874 lus
1263 865 1274 881 ‚
1300 841 1334 875 &
1357 842 1493 876 inseruit
1515 844 1578 878 suis
1591 845 1852 889 Capitularibus.
1883 850 1958 895 Ego
1971 850 2081 884 nescio

1201 890 1340 925 anterius
1359 893 1551 927 exordium.
1580 894 1681 929 Hanc
1692 897 1755 931 effe
1765 898 1904 940 primam
1914 900 2082 944 originem

1203 938 1310 976 suadet
1334 953 1400 975 vox
1413 942 1578 978 Canonis:
1609 946 1833 990 constituimus.
1867 949 1910 983 Et
1921 949 2082 983 certeavi-

1201 1001 1272 1024 tum
1292 991 1386 1024 suum
1410 1003 1536 1027 morem
1557 1003 1636 1028 tunc
1655 996 1785 1032 tenebat
1806 997 1959 1034 Romana
1973 999 2082 1033 Eccle-

1202 1041 1265 1075 sia.
1292 1041 1479 1087 Qomodo
1501 1042 1682 1086 Apostolus
1705 1046 1896 1083 Bonifacius
1920 1074 1929 1089 ,
1957 1049 2082 1083 Roma-

1204 1102 1263 1124 nos
1284 1102 1389 1125 mores
1412 1091 1446 1126 in
1469 1092 1604 1126 Francia
1625 1094 1771 1136 plantare
1783 1108 1819 1130 ac
1832 1099 2082 1138 firmaresolem·

1202 1140 1326 1175 niffime
1346 1142 1502 1184 professus
1525 1142 1640 1177 Romae
1658 1144 1697 1177 ad
1718 1138 1835 1188 co'rpus
1847 1148 1953 1182 SanCti
1967 1150 2054 1183 Petri
2069 1173 2080 1189 ‚

1203 1192 1439 1235 praesumpfiffet
1462 1193 1659 1235 praevaricari
1680 1194 1692 1226 ?
1729 1194 1830 1229 Porro
1851 1197 2081 1240 Imperatorem

1204 1242 1360 1276 Carolum
1371 1267 1381 1283 ,
1393 1241 1688 1287 Archiepiscopum
1707 1243 1910 1289 Riculphum
1923 1272 1933 1288 ,
1947 1260 1984 1282 ac
1997 1249 2087 1286 alios?

1202 1292 1404 1326 Francorum
1430 1292 1611 1336 Episcopos
1632 1295 1665 1328 δε
1679 1294 1829 1330 proceres
1841 1308 2015 1332 moverunt
2030 1309 2083 1332 va·

1205 1342 1257 1375 riae
1280 1341 1439 1376 rationes.
1466 1343 1609 1377 Primam
1621 1344 1719 1379 edicit
1734 1346 1890 1382 inlibeiio
1901 1346 1941 1382 de
1952 1348 2082 1390 quibus-

1203 1391 1279 1425 dam
1305 1389 1353 1425 ad‘
1374 1391 1508 1427 Missam
1534 1394 1750 1436 spe-stantibus
1777 1395 1985 1432 Venerabilis
2012 1399 2081 1433 Au-

1204 1441 1365 1486 gienfium
1390 1442 1504 1478 Abbas
1528 1443 1656 1492 Remo:
1685 1445 1815 1489 ,Quaestio
1835 1457 1890 1481 tua
1908 1447 1981 1481 talis
1993 1457 2081 1489 erat,

1204 1499 1237 1525 ut
1256 1490 1330 1535 [εἰν-ε
1350 1500 1468 1534 optares
1484 1516 1495 1532 ‚
1520 1503 1657 1537 utrumne
1672 1495 1778 1536 statim
1799 1503 1831 1530 in
1847 1504 1945 1539 primo
1954 1498 2082 1532 Sabbata
2097 1489 2172 1527 cap·
2193 1497 2234 1523 7·

1206 1546 1312 1575 Martii
1326 1541 1366 1584 sit
1381 1545 1608 1585 jejunandum,
1637 1545 1752 1587 etiamsi
1768 1547 1846 1581 idem
1867 1548 1969 1590 mensis
1995 1554 2083 1591 quin-

1204 1600 1238 1624 ta
1250 1615 1260 1632 ‚
1281 1590 1372 1635 sexta
1384 1618 1395 1635 ‚
1416 1601 1468 1626 aut
1481 1591 1612 1636 septima
1622 1594 1863 1640 feriaincipIat3
1890 1611 1933 1633 an
1942 1599 2085 1632 adaltud

1208 1643 1373 1676 Sabbatum
1389 1651 1514 1686 propter
1532 1654 1674 1686 quartam
1690 1646 1851 1688 feriamfit
1861 1649 2084 1690 dtfferendum?

1208 1694 1257 1725 Ad
1273 1694 1353 1735 quod
1372 1693 1429 1726 tibi
1439 1705 1476 1726 ex
1486 1692 1691 1736 consuetudine
1700 1698 1817 1730 sanc‘Jae
1827 1696 1986 1739 Ecclesia,
2010 1709 2083 1741 quae

1201 1750 1256 1783 pro
1268 1747 1405 1776 maxima
1415 1742 1596 1777 authoritate
1607 1747 1736 1778 tenenda
1747 1746 1784 1784 est
1799 1771 1811 1786 ,
1836 1746 1990 1790 respondeo
2000 1749 2084 1789 quod

1204 1789 1310 1835 absque
1334 1793 1394 1824 ulla
1404 1791 1602 1835 refragatione
1608 1792 1725 1836 semper
1735 1794 1863 1836 ejusdem
1875 1795 1979 1837 mensis
1989 1807 2084 1839 quar-

1206 1849 1238 1872 ta
1256 1840 1341 1881 feria
1367 1841 1474 1874 debeat
1496 1840 1660 1883 exspeliart
1681 1867 1692 1883 ,
1735 1850 1875 1885 quoniam
1900 1847 1980 1879 idem
1998 1847 2083 1888 jeiu-

1207 1895 1311 1930 nium,
1336 1891 1418 1931 quod
1436 1900 1549 1933 quarta
1563 1890 1648 1932 feria
1667 1898 1808 1935 incipitur
1830 1919 1842 1935 ,
1866 1894 1995 1934 5abbato
2009 1895 2082 1938 fini·

1205 1947 1276 1979 tur,
1302 1950 1491 1980 nequaquam
1507 1942 1693 1981 Februario,
1715 1942 1776 1985 sed
1791 1952 1882 1977 totum
1903 1949 2014 1978 Martio
2029 1946 2082 1980 de-

1203 1996 1342 2030 putetur,
1369 1999 1404 2021 ea
1426 1989 1563 2022 videlicet
1583 1996 1716 2032 ratione,
1745 2002 1779 2026 ut
1803 1997 1835 2025 in
1859 2004 1890 2026 eo
1910 1993 2083 2037 mensepri-

1208 2050 1289 2071 mum
1308 2036 1431 2077 nqstrum
1442 2039 1594 2078 ‚ieiunium
1614 2042 1738 2073 Domino
1758 2040 1953 2084 consecretur,
1979 2050 2012 2077 in
2022 2056 2084 2086 quo

1203 2093 1388 2129 principiam
1409 2092 1505 2127 anni,
1533 2098 1568 2120 ae
1584 2087 1765 2130 ipsacreatio
1776 2092 1995 2135 mundtcoepit.
2021 2097 2084 2128 Un-

1207 2138 1244 2171 a'e'
1274 2136 1324 2176 iste
1347 2142 1492 2170 terminus
1510 2136 1638 2179 firmiter
1663 2138 1701 2179 est
1722 2138 1949 2184 observandus,
1974 2152 2009 2177 ut
2028 2154 2084 2177 nec

1210 2195 1280 2220 ante
1298 2194 1438 2229 quartum
1460 2198 1553 2221 nonas
1573 2187 1702 2230 Martii,
1728 2201 1779 2224 nec
1789 2191 1853 2233 post
1867 2190 1990 2235 J'extum
2008 2194 2082 2228 idus
2136 2200 2138 2203 ’

1207 2235 1337 2279 ejusdem
1352 2236 1454 2279 mensis
1471 2238 1580 2280 aliquis
1594 2237 1709 2278 statuat
1722 2242 1949 2284 jejunandum,
1971 2241 2029 2286 sed
2047 2248 2083 2278 in

1210 2287 1257 2320 bis
1267 2285 1382 2330 septem
1411 2287 1513 2321 diebus
1535 2287 1707 2331 ubicumque
1720 2291 1850 2331 primum
1860 2299 2012 2333 evenerit,
2031 2295 2086 2331 je·

1205 2340 1318 2378 junare
1339 2338 1417 2371 licite
1437 2336 1565 2371 valebit.
1593 2337 1673 2373 Hoc
1695 2340 1837 2383 primum
1857 2352 1986 2385 tempus
2002 2344 2084 2377 San-

1211 2389 1278 2421 ctus
1299 2387 1370 2421 Leo
1392 2412 1403 2428 ‚
1429 2388 1464 2422 δε
1486 2399 1562 2422 curn
1584 2388 1644 2422 illo
1664 2391 1774 2424 omnis
1795 2390 1948 2425 Romana
1971 2392 2085 2427 Eccle-

1211 2438 1251 2470 fia
1263 2438 1376 2480 paffim
1386 2437 1526 2480 appellat
1538 2438 1634 2480 primi
1646 2440 1761 2474 menfis
1780 2439 1941 2484 jejunium
1954 2467 1962 2474 .
1988 2442 2086 2477 Hinc

1213 2487 1330 2520 Franci
1355 2488 1550 2521 censuerunt
1576 2499 1644 2521 non
1671 2492 1759 2531 poffe
1789 2490 1942 2525 celebrari
1964 2491 1999 2525 in
2025 2492 2087 2527 Fe-

1214 2537 1342 2571 bruario
1367 2561 1374 2568 .
1402 2535 1528 2570 Verum
1549 2535 1615 2571 haec
1637 2538 1720 2572 ratio
1738 2538 1784 2572 est
1805 2540 1922 2576 frivola
1940 2567 1948 2574 .
1977 2541 2086 2585 Ipsam

1213 2586 1383 2632 insigniter
1407 2587 1526 2620 refutat
1550 2587 1664 2621 Guido
1691 2588 1805 2624 Abbas
1822 2604 1833 2623 .·
1876 2595 1942 2624 Nec
1965 2597 2091 2626 mireris·

1213 2636 1262 2670 hoc
1289 2638 1444 2678 jeJ‘unium
1465 2637 1565 2678 potius
1592 2641 1703 2671 Martio
1726 2640 1818 2682 quam
1842 2640 2006 2674 Februario
2029 2641 2086 2675 ad-

1210 2686 1319 2730 scribi,
1345 2692 1487 2729 quamvis
1514 2692 1545 2719 in
1573 2686 1736 2723 Februario
1759 2690 1825 2723 cum
1849 2689 1915 2733 ipsa
1938 2691 2088 2734 ,Quadra-

1209 2735 1318 2782 gesima
1337 2747 1558 2777 nonnumquam
1584 2747 1734 2772 occurrat.
1759 2742 1877 2783 semper
1900 2746 1979 2783 enim
2004 2741 2090 2775 idem

1211 2789 1358 2829 jejunium
1382 2795 1436 2821 aut
1462 2788 1651 2822 Kalendaria
1675 2790 1858 2834 aliquando,
1883 2799 1937 2825 aue
1961 2791 2094 2826 lunatica

1220 2849 1285 2870 nem
1311 2841 1416 2870 Manu
1429 2861 1440 2877 ,
1465 2847 1522 2871 aut
1547 2850 1701 2881 utrumque
1720 2839 1810 2882 simul
1830 2846 1958 2874 incurrit
1980 2853 1990 2883 ;
2028 2845 2091 2874 Fe-

1219 2888 1330 2920 bruarii
1354 2888 1573 2921 Kalendartum
1598 2891 1758 2931 aliquando
1776 2912 1787 2928 ,
1810 2891 1990 2926 lunationem
2017 2893 2089 2924 verb

1220 2949 1370 2980 nunquam
1396 2943 1520 2982 attingit
1540 2964 1548 2971 .
1585 2943 1666 2983 Ergo
1692 2940 1784 2973 multo
1808 2942 2012 2984 congruentius
2035 2942 2092 2974 ad-

1182 3005 1186 3008 -
1215 2987 1355 3031 scribitur
1382 2991 1512 3029 Martio,
1538 3000 1624 3031 quem
1650 3001 1800 3032 nunquam
1811 2991 1975 3032 relinquit,
1993 2994 2093 3033 vquam

1225 3038 1412 3079 Februario,
1440 3049 1526 3080 quem
1552 3040 1695 3072 multoties
1719 3045 1839 3080 penitus
1866 3052 1924 3073 non
1943 3046 2093 3084 attingit.

1223 3087 1404 3131 observatur
1425 3086 1501 3130 sane*
1526 3089 1575 3122 hoc
1592 3090 1743 3129 ‚ieiunium
1767 3101 1831 3124 cum
1856 3088 1922 3133 ipsa
1950 3092 2096 3135 ‚Quadra-

1220 3137 1325 3182 gcsima
1342 3136 1503 3181 secundum
1518 3139 1697 3171 lunationem
1709 3163 1719 3179 ,
1739 3139 1813 3178 ficut
1827 3140 1861 3173 Θ
1874 3138 2010 3183 Pascha.
2036 3143 2098 3174 Un-

1225 3190 1261 3221 de
1284 3200 1341 3222 non
1363 3189 1514 3232 incongrue
1532 3186 1626 3231 ipsum
1650 3192 1762 3222 Martio
1777 3197 1896 3231 propter
1915 3191 2096 3224 lunationem

1226 3237 1401 3281 adscribitur
1419 3261 1429 3277 ,
1453 3243 1591 3280 quamvis
1618 3244 1650 3271 in
1678 3238 1842 3273 Februario
1866 3250 1996 3274 occurrat
2017 3265 2025 3272 .
2051 3243 2097 3274 Si·

1227 3298 1273 3320 cut
1296 3290 1330 3322 (τ
1353 3287 1467 3331 Pascha
1491 3288 1587 3329 Aprili
1604 3287 1723 3331 semper
1741 3288 1919 3332 adscribitur
1947 3315 1958 3330 ,
1991 3301 2100 3333 quam-

1229 3345 1275 3370 vis
1304 3344 1336 3370 in
1364 3342 1474 3370 Martio
1494 3336 1576 3380 saepe
1616 3345 1766 3383 contingat
1787 3364 1795 3372 .
1831 3338 1990 3374 Notanda
2025 3340 2098 3371 sunt

1231 3388 1388 3422 Bernonis
1410 3387 1528 3421 verba.-
1556 3390 1609 3420 Ex
1632 3387 1836 3431 consuetudine
1859 3389 1975 3422 511anae
2001 3390 2105 3438 Eccita

1224 3436 1275 3479 fiae
1294 3462 1305 3479 ,
1342 3450 1411 3481 quae
1441 3446 1498 3480 pro
1520 3442 1656 3472 maxima
1682 3438 1863 3476 authoritate
1884 3439 2017 3472 tenenda
2042 3437 2079 3479 est
2094 3465 2102 3473 .

1966 3486 2057 3523 Alia·
