2384 3756
84 326 234 360 i..5.c.zz.

677 170 900 206 vinnium
936 161 1306 209 Commium
1342 158 1677 203 ROMANUM.

251 246 328 280 modi
338 244 545 288 discrepantiae
550 243 680 286 fuerunt
692 240 832 285 Episcopi
846 266 855 282 ‚
878 246 930 283 qui
941 246 1027 274 varta
1037 248 1141 282 tempo-

249 308 278 329 re
288 295 419 337 Ecclefiis
428 302 581 338 preerant
593 315 602 327 .
627 294 693 336 ,Qui
704 303 804 326 autem
814 291 878 332 istos
890 297 968 324 ritus
979 297 1142 332 accipiunt,

249 358 295 380 eos
308 355 461 390 tamquam
470 346 562 387 legem
586 345 630 376 ad
645 343 772 386 posteros
793 339 1004 383 transmittunt
1015 366 1022 373 .
1049 341 1143 375 Simi-

251 396 314 430 lem
339 397 536 439 Catalogum
560 394 644 430 texit
667 392 820 426 Hermias
847 390 1058 424 Zozomenus
1070 415 1079 430 ‚
1106 403 1142 424 ac

207 453 209 455 ’
250 448 352 491 pergit
365 460 376 480 .·
401 446 516 480 Multas
528 442 745 487 consuetudines
753 449 809 482 per
817 448 911 483 pagos
934 451 970 473 ac
992 439 1078 473 urbes
1099 451 1142 474 re-

79 634 110 663 L·
124 641 230 668 ficiis).

77 1016 134 1051 ΕΡ·
151 1016 199 1044 ²8·

71 1583 210 1619 L3.c.2

245 503 350 539 perias
363 520 373 536 ,
399 507 477 538 quas
489 495 523 528 ob
535 496 731 528 reverentiam
743 492 796 523 vel
808 502 906 524 eorum
915 495 966 532 qui
978 501 1026 523 eos
1049 495 1140 523 intro-

250 549 420 585 duxerunt,
446 546 500 579 vel
505 555 600 578 eorum
611 547 663 585 qul
685 541 745 580 istis
758 538 965 583 succefferunt‚
986 546 1140 582 praevari·

249 595 368 637 carifibi
378 608 429 630 nec
437 598 563 633 licum,
579 602 631 626 nec
641 591 828 624 tolerandum
836 598 946 632 putent
958 596 986 624 ei
997 615 1007 631 ‚
1029 597 1079 633 qui
1091 590 1141 624 his

249 645 489 689 irenutritifimt.
516 643 615 676 Reae
638 642 768 675 interim
789 640 832 675 de
855 640 916 675 hac
934 642 1089 675 varietate
1099 641 1140 675 ad

253 699 419 731 Licinium
434 693 551 737 scripsit
561 692 595 725 ἀ
608 693 742 726 δπῃᾶιις
753 691 985 735 Hieronymus
997 703 1007 724 .-
1022 691 1103 726 Illud
1112 700 1142 724 te

250 747 381 780 breviter
393 743 609 778 admonendum
617 749 701 783 puto,
713 743 890 774 traditiones
903 744 933 774 E
935 739 1115 780 cclefiasticas
1129 765 1141 781 ,

245 793 415 839 prasertim
426 806 492 838 quae
498 793 573 836 fidei
585 804 643 826 non
653 793 779 836 officiant
790 816 801 832 ‚
828 797 873 824 ita
888 789 1091 834 observandas
1105 799 1140 824 ut

249 847 272 877 ἃ
281 845 446 884 Maioribus
451 844 526 888 fiint
536 844 662 876 traditae
675 867 685 882 ‚
707 853 758 875 nec
768 842 891 874 aliorum
902 838 1138 884 consuetudinem

247 895 372 927 aliorum
381 900 526 929 contrario
532 904 609 926 more
615 885 753 935 subverti
769 917 777 924 .
806 895 998 935 Unaquaeque
1010 893 1143 925 Provin-

247 951 293 977 cia
303 945 434 978 abundet
445 951 478 978 in
483 943 537 987 suo
542 942 630 986 sensu
643 968 654 984 ‚
681 945 714 979 <5
733 945 888 984 Praecepta
900 943 1049 983 Majorum
1059 942 1136 989 leges

247 995 418 1036 Apostolicas
440 993 601 1028 arbitretur
623 1018 630 1026 .
660 994 742 1038 Agit
765 993 798 1026 in
823 992 919 1031 illos,
944 991 1002 1036 qui
1026 991 1138 1035 proba-

247 1044 327 1078 biles
347 1056 403 1081 aut
425 1043 513 1081 certe
534 1043 723 1078 tolerabiles
734 1043 874 1077 aliorum
885 1042 1137 1077 consuetudines

246 1095 405 1130 volebant·
423 1095 560 1134 mutari,
587 1106 625 1127 ac
636 1093 810 1134 damnari,
834 1102 933 1136 atque
958 1092 1005 1126 ita
1030 1091 1136 1126 turba-

246 1144 324 1179 bant
346 1146 522 1180 Ecclefias.
550 1144 628 1178 Istas
649 1141 903 1178 consuetudines
916 1154 984 1177 non
998 1142 1137 1177 affirmat

246 1196 457 1239 Apostolicas
477 1221 488 1238 ‚
528 1194 582 1229 sed
603 1204 771 1238 tamquam
794 1193 873 1227 tales
894 1204 971 1227 cum
995 1194 1136 1226 fraterna

246 1256 324 1288 pace
346 1245 554 1282 honorandas
572 1254 629 1279 aut
646 1243 856 1278 sustinendas
870 1267 877 1274 .
904 1244 1038 1278 Otiosas
1060 1253 1135 1276 con-

244 1297 431 1331 suetudines
456 1296 602 1330 sustineri
613 1295 723 1338 potius
735 1320 746 1334 ,
770 1294 868 1336 quam
882 1291 1135 1327 charitatislaedi

246 1347 416 1381 vinculum
441 1347 551 1380 suadet
575 1346 609 1378 in
633 1344 733 1386 priori
753 1342 793 1377 ad
805 1343 993 1386 Januarittm
1010 1340 1136 1385 Episto-

245 1398 275 1430 la
300 1397 398 1430 etiam
411 1397 541 1430 Sanetus
554 1393 759 1437 Augustinus
775 1417 782 1424 .
813 1392 854 1424 Et
879 1390 941 1424 hac
965 1391 1000 1423 in
1023 1402 1056 1424 r:
1068 1401 1137 1434 gra-

245 1447 325 1479 viter
348 1444 480 1479 exceffic
501 1443 636 1476 sanstus
658 1440 825 1474 Hernicus
851 1439 1031 1483 Imperator
1046 1464 1057 1480 ,
1094 1439 1137 1474 de

243 1505 310 1537 quo
330 1492 424 1527 scibit
444 1492 478 1525 in
502 1489 746 1525 Cameracensis
780 1489 929 1524 Eccleliae
963 1488 1135 1524 Chronico

241 1542 429 1580 Baldericus
440 1542 620 1586 Episcopus
641 1540 879 1575 Tornacenlis:
906 1542 1068 1583 Imperator
1080 1542 1133 1574 Ge-

240 1596 330 1628 r‘ardo
339 1618 352 1635 ,
378 1591 661 1629 Cameracenfiutn
677 1592 791 1626 Elesio
804 1617 814 1632 ,
823 1591 949 1634 largitus
962 1590 1000 1631 est
1013 1590 1134 1630 librum,

241 1643 466 1688 consecrationes
477 1644 652 1677 clericorum
665 1667 676 1682 ,
703 1643 737 1676 (¹1
758 1642 977 1675 ordinationem
993 1639 1135 1684 Episcopi

241 1702 458 1736 continentem,
482 1703 516 1727 ut
523 1701 580 1736 per
591 1690 668 1725 hunc
691 1690 897 1736 consecratus,
922 1687 1006 1724 ba⁰ud
1020 1690 1133 1735 fortas-

240 1744 274 1789 se
309 1743 541 1788 indisciplinatis
570 1741 751 1784 Harlenfium
777 1742 903 1775 moribus
932 1743 1133 1785 irregulariter

242 1796 450 1829 ordinaretur.
477 1795 594 1830 Homo
617 1792 799 1828 Germanus
825 1792 1017 1826 Gallicanos
1033 1791 1132 1827 Cleri-

240 1845 319 1880 calis
338 1856 377 1880 ac
399 1843 602 1889 Episcopalis
626 1843 880 1879 consecrationis
901 1843 981 1876 ritus
1003 1839 1044 1876 de
1057 1842 1129 1876 irre·

239 1895 415 1939 gularitate
432 1894 621 1929 damnavit.
649 1893 753 1941 Qod
777 1891 896 1936 nempe
916 1893 935 1927 ὲ
957 1891 1129 1926 Germani-

237 1947 285 1979 cis
305 1944 482 1980 admodum
504 1944 688 1980 differrent.
715 1945 759 1979 Et
782 1941 968 1987 hujusmodi
981 1942 1129 1977 differen-

239 1996 318 2030 tiam
346 2006 414 2031 non
442 1995 547 2030 solum
569 1995 611 2029 ab
635 1995 755 2039 ignaris
776 2005 832 2028 aut
852 1992 1127 2038 negligentibus,

213 2074 215 2076 .
238 2046 291 2080 sed
314 2047 412 2080 etiarn
436 2045 476 2080 ab
497 2044 655 2080 haereticis
679 2044 847 2092 Episcopis
861 2045 1045 2087 frequenter
1056 2054 1126 2087 pro-

66 2306 136 2341 Cap.
159 2315 189 2339 ¹7

75 3254 125 3288 lib
146 3271 172 3299 3.
190 3269 214 3292 c.

76 3309 119 3328 21.

239 2096 379 2137 venisse,
405 2096 497 2138 supra
518 2095 701 2130 audivimus
721 2096 739 2128 a
764 2095 883 2129 Sanfio
910 2093 1125 2137 Augustino.

238 2143 343 2191 Qod
362 2145 452 2179 enirn
474 2145 628 2178 Donatus
652 2141 912 2188 Carthaginenfis
924 2142 1121 2185 Episcopus,

238 2194 490 2228 Donatistarum
511 2192 668 2234 Pr'inceps
689 2217 699 2231 ,
736 2193 770 2226 &
794 2193 851 2225 suo
873 2191 1033 2226 sacrificio
1052 2216 1063 2231 ,
1090 2193 1123 2225 ὃ(

236 2243 350 2287 populi
371 2241 602 2278 communioni
625 2251 730 2275 novos
761 2248 858 2284 atque
889 2239 1021 2274 inutiles
1045 2241 1124 2274 ritus

236 2293 385 2337 adjecerit
411 2316 422 2332 ‚
459 2291 615 2326 testantur
634 2292 768 2326 Sanetus
789 2291 933 2334 Optatus
960 2289 1122 2325 Milevita-

237 2355 319 2384 nus,
346 2353 383 2377 ac
403 2342 439 2376 in
461 2341 547 2377 libro
563 2342 606 2376 de
627 2341 725 2375 Sestis
738 2340 975 2375 Constantinus
986 2340 1122 2375 Harme—

239 2393 380 2437 nopulus
406 2418 414 2425 .
450 2391 494 2426 Et
510 2391 552 2427 de
571 2389 757 2426 Theodoro
776 2389 1023 2435 Mopsuestienfi
1047 2390 1121 2435 Epi-

237 2445 335 2488 scopo
355 2442 466 2478 scribit
484 2442 520 2477 in
541 2441 634 2477 libris
654 2439 823 2477 adversum
844 2440 1059 2475 Nestorianos
1082 2453 1119 2475 ac

239 2491 466 2537 Eutychianos
492 2492 654 2527 Leontius
679 2492 881 2534 Byzantinus
901 2504 908 2523 ε
950 2490 1117 2524 Theodorus

238 2545 329 2577 nudet
348 2543 433 2576 aliud
446 2542 555 2575 malum
576 2567 587 2583 ,
623 2553 681 2575 non
697 2541 857 2586 secundum
881 2541 926 2574 ad
939 2539 1093 2584 superiora
1111 2566 1117 2573 .

240 2595 337 2626 Aliam
357 2598 436 2626 enim
457 2592 574 2635 Miffam
593 2592 724 2632 effutivit
739 2599 854 2634 praeter
873 2592 957 2624 illam
969 2615 979 2630 ,
1004 2603 1071 2633 quae
1098 2594 1117 2624 ἃ

239 2643 383 2678 Patribus
406 2642 524 2675 tradita
543 2639 581 2682 est
603 2640 735 2682 Eccleffis
763 2665 773 2681 ‚
799 2652 892 2683 neque
911 2647 1060 2674 reveritus
1084 2643 1118 2674 il-

239 2695 302 2728 lam
321 2691 532 2735 Apostolorum,
556 2702 608 2724 nec
619 2691 703 2724 illam
725 2694 830 2735 Magni
860 2690 964 2732 Bafilii
979 2715 989 2730 ‚
1018 2693 1051 2724 i'n
1076 2702 1116 2725 eo-

238 2745 307 2778 dem
324 2742 436 2787 spiritu
455 2739 666 2784 conscriptam.
691 2744 727 2773 In
738 2753 797 2784 qua
807 2741 892 2784 Miffa
904 2739 1117 2784 blasphemiis,

238 2805 297 2827 non
312 2791 531 2835 precationibus
550 2790 715 2831 mysterium
744 2790 936 2832 Eucharistiae
961 2792 1095 2833 opplevit
1107 2816 1115 2824 .

238 2844 342 2891 Qod
357 2843 434 2877 item
447 2841 635 2886 Eugenius,
662 2841 833 2885 Julianus,
858 2852 897 2876 ac
907 2840 1115 2885 Hildeph‘on·

237 2896 307 2935 sus,
333 2891 709 2928 SanstiffimiToletanae
721 2891 870 2925 Eeclefiae
891 2889 1115 2935 Archiepisco-

237 2945 291 2985 pi,
318 2942 570 2983 Nestorianum,
598 2942 655 2985 qui
675 2941 863 2975 Dominum
884 2941 1030 2975 nostrum
1054 2942 1114 2985 ΙΕ-

237 2993 344 3027 SUM
368 2991 534 3027 Christum
556 2993 618 3026 effe
639 2992 705 3025 Dei
733 2990 839 3024 Patris
866 2989 1055 3035 adoptivum
1081 2993 1114 3026 fi-

237 3043 319 3075 lium
339 3043 443 3077 asserit
461 3066 473 3082 ,
508 3052 649 3077 errorem
670 3040 864 3076 inseruerint
884 3041 1028 3086 sacrificii
1048 3042 1113 3076 riti·

235 3091 314 3133 bus,
340 3091 424 3136 apud
445 3091 765 3127 Francofordiensem
779 3090 947 3134 Synodum
960 3089 1114 3137 allegavit

234 3142 378 3187 ipsorum
398 3143 564 3177 Success'or
585 3142 788 3186 Elipandus,
814 3139 990 3185 eademque
1009 3144 1113 3186 Syno-

231 3192 293 3228 dus
306 3191 423 3227 merito
443 3191 631 3227 damnavit.
661 3192 705 3226 Et
724 3192 758 3225 in
778 3202 913 3226 omnem
934 3190 1112 3227 istiusmodi

232 3242 419 3277 varietatem
454 3242 532 3276 fecit
568 3241 749 3286 Gregorius
773 3243 905 3275 octavus
930 3240 1111 3283 Pontifex,

232 3293 321 3336 quod
345 3292 379 3326 in
403 3290 588 3335 Anglicana
613 3291 760 3326 Historia
782 3291 892 3325 laudat
914 3290 1110 3326 Guilielmus

232 3342 482 3388 Neubrigenfis:
509 3340 628 3375 Urbano
645 3347 732 3375 tertio
743 3340 863 3394 succeffi't
873 3336 1050 3376 venerabilis
1063 3345 1107 3376 ΑΙ.

233 3393 336 3428 bertus
358 3391 489 3436 eJ‘usdem
510 3392 709 3425 Cancellarius
730 3417 741 3433 ,
775 3390 927 3434 dic‘iusque
945 3391 986 3432 eli
1004 3396 1105 3436 Grego-

234 3451 295 3476 rius
307 3467 319 3486 ,
345 3452 395 3479 ‘vir
400 3443 492 3486 plan?
502 3443 535 3479 &³
540 3440 691 3487 sapientia
712 3443 747 3478 Θ
768 3447 843 3478 vitae
855 3439 1024 3484 finceritate
1042 3455 1105 3478 con-

1204 238 1325 283 spicuus
1337 263 1348 279 ‚
1374 240 1591 272 aemulationem
1606 242 1662 271 Dei
1672 238 1784 273 habens
1795 247 1828 275 in
1847 242 1983 276 omnibus
1991 242 2097 287 ficun-

1209 291 1279 323 dum
1293 287 1469 332 scientiam,
1496 291 1530 322 Θ
1546 287 1810 331 superstitiosarum
1830 291 2095 336 consuetudinum,

1206 351 1334 382 quarum
1345 346 1378 371 in
1390 338 1517 379 Ecclesia
1522 348 1578 380 per
1587 340 1773 381 quorundam
1784 341 1915 378 rusticam
1923 342 2095 385 simplicita-

1206 401 1264 423 tem
1276 396 1353 422 citra
1371 387 1584 431 scripturarum
1605 389 1811 430 audioritatern
1826 392 1982 425 multitudo
2007 394 2095 427 inole-

1205 446 1274 480 vit,
1300 438 1489 482 reprehensor
1501 445 1658 472 acerrimus
1670 463 1677 470 .
1699 441 1783 472 Unde
1805 441 1826 471 ἃ
1841 440 2017 483 quibusdam
2038 448 2094 476 mi·

1205 490 1259 522 nus
1269 488 1405 532 discretis
1414 498 1545 531 putatus
1553 489 1590 529 est
1600 498 1655 530 per
1676 494 1800 521 nimiam
1822 489 2029 529 abstinentiam
2048 504 2093 527 ce·

1207 540 1285 573 lebro
1297 539 1430 573 laborare
1444 565 1449 571 .
1479 540 1566 572 Cum
1577 538 1808 573 praedecessore
1822 541 1879 573 suo
1891 540 2093 576 Innocentio

1205 591 1311 632 primo
1323 589 1417 623 novit
1430 589 1526 622 istam
1537 589 1727 623 varietatem
1741 601 1808 623 non
1819 590 1881 623 effe
1902 590 2094 626 Institutum

1208 640 1435 684 Apostolicum
1447 663 1458 679 ‚
1483 639 1538 672 sed
1551 639 1736 683 posterioris
1750 639 1942 685 ignorantia»,
1952 650 2008 676 aut
2019 639 2095 676 defi·

1204 691 1264 724 diae
1275 690 1491 733 corruptelam
1502 713 1508 720 .

1255 740 1355 775 Addo
1366 750 1475 774 tamen
1486 749 1621 773 ornnem
1633 739 1755 773 rituum
1768 740 1957 775 varietatem
1968 745 2036 776 non
2048 741 2094 775 es·

1202 790 1233 824 se
1248 789 1454 833 hujusmodi.
1484 788 1609 833 Aliqua
1623 790 1667 823 est
1682 790 1826 833 ipsorum
1838 790 1940 825 etiam·
1949 790 2093 835 Aposto-

1203 840 1310 874 lorum
1334 839 1563 885 indulgentia,
1589 838 1693 874 immo
1715 840 1748 874 ὃς
1771 841 1936 877 institutio
1950 866 1957 873 .
1985 839 2092 889 Qiod

1201 890 1291 924 enim
1302 890 1343 932 de
1353 889 1517 924 Paschalis
1526 889 1708 925 festivitatis
1725 889 1783 924 die
1804 891 1898 925 aliter
1918 890 2093 926 Romanos

1201 940 1327 974 &alios
1338 941 1477 978 Latinos
1491 941 1604 974 Petrus
1625 941 1659 976 δε
1683 939 1824 980 Paulus,
1851 940 2028 985 Ephefi0s‚
2052 952 2093 975 ac

1200 990 1283 1023 alios
1295 989 1482 1025 Orientales
1505 990 1598 1024 aliter
1620 991 1792 1025 docuerint
1815 992 1957 1035 Ioannes
1978 991 2013 1025 ὅ(
2033 991 2093 1026 alii

1202 1040 1377 1085 Apostoli,
1403 1038 1530 1075 videtur
1539 1051 1664 1074 certum
1675 1052 1712 1075 ac
1734 1042 1958 1085 exploratum.
1987 1039 2092 1090 Qod

1203 1091 1307 1134 ipsum
1330 1090 1457 1125 constat
1479 1091 1520 1126 de
1541 1090 1637 1124 variis
1660 1090 1776 1125 ritibus
1795 1093 1948 1126 omnium
1969 1091 2092 1135 septem

1202 1137 1484 1178 Sacramen'torum
1497 1165 1504 1172 .
1544 1139 1783 1183 Apostolorum
1803 1142 1883 1175 item
1905 1140 2091 1186 Liturgiam

1203 1191 1323 1225 laudari
1345 1191 1410 1235 jam
1437 1191 1625 1227 audivimus
1653 1190 1671 1223 a
1706 1191 1852 1226 Leontio
1883 1192 2090 1235 Byzantina.

1202 1241 1295 1276 Licet
1316 1241 1350 1274 in
1375 1241 1490 1275 litteris
1515 1241 1555 1275 ad
1592 1241 1753 1284 Ioannem
1773 1242 1934 1287 Syracusae
1951 1242 2091 1286 Episco*

1202 1302 1278 1334 pum
1303 1291 1436 1326 Sanctus
1459 1290 1639 1336 Gregorius
1660 1291 1746 1335 ipsos
1757 1290 1892 1326 dicatad
1905 1291 2092 1326 solamDo-

1203 1342 1357 1375 minicam
1380 1342 1567 1376 orationem
1588 1342 1808 1382 consecrasse,
1836 1343 1870 1376 in
1892 1340 2024 1377 erudito
2044 1351 2091 1380 ta-

1200 1400 1274 1425 men
1297 1392 1455 1435 opusculo
1475 1392 1517 1427 de
1537 1391 1671 1426 Divinas
1692 1392 1797 1427 Miffae
1815 1392 1994 1427 traditione
2012 1392 2092 1427 San·

1199 1442 1266 1474 stus
1285 1440 1420 1476 Procius
1444 1439 1630 1477 Patriarcha
1642 1441 2092 1488 Constantinopolitanusasae.
2131 1452 2133 1454 ·

1199 1489 1305 1524 firmat
1326 1490 1400 1524 usos
1432 1491 1616 1535 longiffitna
1637 1492 1787 1537 Liturgia
1813 1517 1825 1534 ,
1851 1505 1951 1537 quam
1976 1492 2090 1537 poste&

1197 1539 1243 1574 ob
1267 1539 1373 1575 fidelis
1394 1539 1524 1583 pietatis
1546 1549 1691 1583 teporem
1703 1543 2004 1586 compendiaverint
2019 1544 2091 1582 Ma-

1197 1600 1282 1636 gnus
1309 1590 1443 1626 Basilius
1462 1603 1499 1627 ac
1511 1590 1647 1627 sanctus
1660 1589 1802 1635 Ioannes
1814 1591 2089 1636 Chrysostomus.

1197 1639 1299 1689 Qod
1319 1641 1426 1686 ipsum
1445 1643 1481 1677 in
1504 1641 1595 1677 istius
1621 1642 1689 1676 vita
1715 1641 1821 1677 affetit
1847 1642 1984 1679 sanctus
2010 1642 2091 1680 Am·

1196 1689 1385 1735 philochius
1406 1691 1622 1737 Metropolita
1644 1691 1822 1728 lconienfis
1844 1717 1852 1726 .
1903 1693 1949 1729 Et
1974 1705 2016 1730 ex
2042 1705 2095 1730 va-

1195 1741 1248 1777 riis
1268 1741 1393 1778 laudati
1416 1741 1646 1787 Chrysostomi
1674 1743 1871 1779 testimoniis
1881 1745 1976 1790 poffit
1989 1746 2094 1784 firma·

1194 1792 1221 1826 ri
1244 1817 1252 1824 .
1310 1793 1386 1828 Nec
1409 1794 1509 1829 unica
1529 1794 1593 1829 fuit
1614 1793 1673 1829 ista
1693 1795 1845 1842 Liturgia
1864 1821 1872 1829 .
1920 1795 1999 1831 Alia
2027 1799 2094 1833 fuit

1193 1841 1306 1884 Petri,
1331 1844 1394 1878 alia
1418 1843 1554 1888 Jacobi,
1579 1844 1643 1879 alia
1657 1845 1786 1887 Marci',
1811 1846 1873 1881 alia
1885 1847 2093 1890 Clementis,

1193 1892 1255 1927 alia
1282 1892 1421 1929 aliorum
1443 1918 1452 1928 .
1487 1894 1738 1939 Discrepantem
1760 1896 1841 1931 item
1864 1921 1876 1938 ,
1915 1899 2091 1942 praesertim

1192 1943 1277 1978 circa
1291 1943 1444 1979 'Domini
1463 1945 1679 1990 festivitatem
1704 1946 1747 1981 ab
1769 1947 1842 1982 aliis
1863 1948 2019 1992 gentibus
2048 1949 2090 1983 ri->

1191 2001 1260 2028 tum
1283 1993 1409 2030 dudum
1433 1994 1548 2030 habuit
1569 1996 1805 2031 Armeniorum
1837 1997 1978 2036 Ecclesia
1999 2022 2010 2039 ,
2047 2010 2088 2034 ac

1190 2042 1231 2077 de
1253 2044 1321 2087 ipso
1344 2045 1431 2089 apud
1463 2046 1671 2081 Clementem
1707 2047 1875 2082 Galanum
1902 2049 1984 2084 reste
2011 2050 2087 2083 scri-

1191 2092 1239 2126 bit
1264 2095 1430 2137 ipsorum,
1455 2097 1558 2138 quarti
1578 2095 1698 2131 decimi
1722 2098 1829 2132 saeculi
1853 2110 1944 2133 anno
1963 2101 2084 2136 octavo

1189 2139 1322 2182 habita,
1348 2144 1502 2184 Synodus
1525 2145 1708 2179 Adanenfis
1736 2161 1748 2180 .-
1783 2152 1877 2180 Ratio
1897 2161 1950 2182 cur
1968 2155 2001 2182 in
2026 2149 2081 2183 hu-

1180 2190 1314 2233 J'usmodi
1325 2192 1545 2233 ftstivitatibus
1572 2194 1751 2228 celebrandis
1778 2203 1868 2229 tanta
1874 2198 1964 2239 prii'ts
1978 2199 2081 2233 diver·

1179 2239 1254 2282 fitas
1273 2242 1457 2286 profluxiffet
1474 2268 1485 2284 ,
1509 2255 1545 2278 ea
1564 2243 1624 2284 est,
1649 2250 1722 2287 quia
1745 2245 1886 2278 nimiriim
1910 2247 2078 2290 Apostolis,

1185 2291 1344 2332 ministerio
1369 2293 1455 2326 verbi
1481 2304 1516 2326 ac
1544 2294 1742 2338 Evangelicae
1763 2296 1994 2337 praedicationis
2015 2306 2078 2341 pro

1185 2341 1302 2375 viribus
1328 2342 1489 2383 instantes,
1518 2349 1627 2377 intenti
1650 2352 1737 2378 erant
1753 2346 1927 2387 potiffimum
1942 2371 1954 2388 ‚
1979 2356 2014 2381 ut
2023 2346 2075 2383 bo-

1183 2397 1278 2425 mines
1315 2393 1355 2425 ab
1380 2393 1525 2427 erroribus
1554 2393 1797 2436 fimulachrorum
1824 2396 1868 2428 ad
1890 2402 1978 2432 unius
2005 2404 2078 2433 ver}

1182 2443 1239 2475 Dei
1258 2442 1367 2476 cultum
1389 2451 1643 2478 converterentur.
1671 2444 1750 2479 Uni
1771 2444 1850 2481 huic
1863 2448 1910 2482 rei
1922 2448 2076 2485 intentos

1179 2491 1272 2526 addit
1305 2492 1348 2528 de
1376 2494 1500 2528 rituum
1532 2494 1658 2529 unitate
1687 2495 1780 2531 fuisse
1816 2508 1887 2532 non
1924 2498 2072 2534 omnino

1179 2542 1339 2577 sollicitos
1359 2569 1370 2584 ,
1403 2544 1543 2586 ideoque
1564 2544 1737 2588 permififfe
1771 2547 1875 2582 varias
1910 2548 2073 2585 Ecclesiae

1178 2592 1213 2625 in
1238 2593 1330 2627 vario
1354 2595 1447 2628 sensu
1470 2594 1653 2630 abundare.
1680 2595 1899 2632 Pei-miserunt
1909 2598 2016 2642 plures
2026 2599 2071 2634 ri-

1179 2652 1230 2676 tus
1249 2642 1451 2686 imperfectos
1462 2670 1473 2686 ,
1499 2644 1712 2690 corrigendos
1722 2648 1780 2681 suo
1791 2657 1939 2691 tempore
1947 2660 1987 2683 ac
1998 2659 2069 2693 per-

1178 2692 1337 2727 ficiendos
1349 2718 1355 2726 .
1385 2695 1488 2741 Qiod
1502 2695 1604 2738 ipsum
1616 2696 1633 2729 ὲ
1644 2696 1762 2730 SanCto
1773 2698 1938 2743 Gregorio
1948 2697 2068 2735 Thau-

1177 2751 1329 2787 maturgo
1352 2745 1458 2778 actum
1481 2744 1664 2780 audivimus
1683 2746 1773 2790 supra
1792 2748 1810 2781 a
1832 2749 1951 2782 sancto
1976 2747 2064 2785 Bali-

1176 2792 1223 2826 lio
1234 2817 1242 2824 .
1270 2793 1313 2826 Et
1332 2793 1373 2828 de
1386 2793 1574 2839 Neophytis
1585 2794 1706 2841 Anglis
1716 2795 1827 2831 scribit
1837 2797 1878 2833 ad
1892 2796 2066 2835 Mellitum

1176 2842 1343 2877 Abbatem
1362 2843 1510 2890 Magnus
1533 2846 1729 2890 Gregorius:
1760 2848 1846 2891 ‚Quia
1868 2848 1956 2882 boves
1963 2847 2065 2893 solent

1175 2898 1207 2924 in
1222 2891 1367 2936 sacrificio
1387 2896 1560 2928 Daemonum
1578 2896 1685 2929 multos
1707 2899 1832 2931 occidere
1854 2922 1866 2939 ,
1901 2899 1986 2933 debet
2011 2899 2063 2932 bis

1175 2950 1267 2975 etiam
1290 2942 1345 2978 bac
1364 2945 1402 2978 de
1423 2956 1454 2978 re
1473 2947 1577 2989 aliqua
1582 2944 1755 2989 J‘olemm’tas
1768 2953 1940 2988 immutari,
1965 2958 1998 2981 ut
2009 2949 2061 2983 die

1176 2995 1379 3028 Dedicationis
1405 2995 1458 3029 vel
1481 2997 1639 3030 Natalitio
1661 2998 1832 3032 Sanctorum
1866 3002 2028 3038 Martyrum
2045 3022 2062 3041 ,

1175 3055 1299 3085 quorum
1319 3045 1381 3078 illis
1402 3035 1534 3088 reliquia
1540 3053 1693 3088 ponuntur
1704 3072 1716 3088 ,
1742 3048 1932 3081 tabernacula
1936 3047 1994 3090 fibi
2002 3053 2057 3083 cir*-

1175 3104 1208 3126 ca
1228 3092 1342 3136 easdem
1355 3095 1496 3137 Ecclefias
1506 3120 1515 3135 ,
1541 3106 1610 3137 quae
1621 3098 1753 3138 exsanis
1768 3106 1954 3131 commutatae
1960 3095 2032 3141 sunt
2042 3123 2056 3140 ,

1175 3144 1212 3177 de
1232 3150 1325 3177 ramis
1348 3145 1485 3178 arborum
1487 3146 1632 3187 faciant,
1659 3149 1695 3181 &¹
1714 3144 1844 3191 religiofis
1856 3153 2006 3182 conviviis
2010 3146 2057 3192 so-

1173 3194 1356 3228 lemnitatem
1378 3195 1522 3229 celebrent
1543 3220 1553 3236 ,
1594 3206 1645 3229 nec
1672 3197 1795 3231 Diabolo
1812 3199 1884 3236 jam
1906 3199 2055 3232 animalia

1172 3240 1347 3286 immolent',
1365 3244 1421 3288 sed
1436 3247 1480 3278 ad
1496 3247 1616 3279 laudem
1640 3245 1695 3279 Dei
1716 3252 1749 3280 in
1768 3246 1818 3290 esu
1831 3245 1886 3288 suo
1905 3250 2055 3282 animalia

1171 3296 1302 3327 occidant
1313 3320 1323 3336 ‚
1350 3297 1384 3330 &
1395 3297 1529 3329 donatori
1540 3301 1668 3329 omnium
1678 3297 1716 3329 de
1721 3295 1865 3339 satietate
1868 3295 1927 3340 fita
1931 3305 2055 3343 gratias

1169 3343 1305 3384 referant
1315 3371 1326 3387 ‚
1352 3353 1387 3378 ut
1406 3347 1478 3378 dum
1498 3352 1543 3379 eis
1562 3345 1664 3387 aliqua
1682 3349 1811 3381 exterius
1828 3350 1945 3392 gaudia
1962 3347 2054 3392 reser-

1170 3404 1283 3427 vantur
1302 3422 1312 3437 ,
1349 3397 1396 3428 ad
1420 3401 1561 3429 interiora
1579 3397 1700 3439 gaudia
1734 3396 1894 3441 conftntire
1923 3398 2052 3441 fac-ilith-

1168 3446 1309 3480 valcant.
1338 3450 1424 3480 Nom
1448 3447 1531 3480 duris
1552 3445 1700 3482 mentibus
1718 3446 1809 3492 simul
1826 3455 1927 3485 omnia
1937 3447 2059 3490 abscim,

1910 3499 2005 3539 derv»
