2352 3756
104 1167 141 1198 A·
184 1164 220 1194 00

105 1857 161 1896 Ep·
186 1866 232 1891 70.

245 234 281 256 ne
301 218 493 269 cognosceret.
519 219 632 257 Palam
647 223 718 269 agit
729 222 769 259 de
781 223 1058 260 Patriarchalibus
1069 221 1140 255 Ro-

246 284 349 309 manae
374 274 519 308 Ecclefiae
551 274 721 318 Synodis.
760 273 916 309 Affirmat
941 274 1024 315 ipsas
1050 272 1132 306 olim

246 323 465 368 frequentatas
475 324 493 359 ὲ
506 324 688 360 Gallicanis
701 325 870 369 Episcopis
884 348 896 364 ‚
922 321 984 369 hos
998 321 1039 357 ad
1051 321 1135 366 ipsas

246 374 413 420 obligari,
441 375 496 410 sed
515 375 579 420 jam
600 387 657 420 per
677 375 837 409 Barbaros
862 372 1017 416 impediri
1045 397 1053 405 .
1089 372 1134 406 Et

246 424 314 458 haec
339 425 384 459 est
397 425 490 461 causa
500 451 510 467 ‚
536 425 581 460 ob
604 437 702 470 quam
713 425 812 457 etiam
824 422 961 456 Sanctus
973 422 1043 457 Leo
1058 422 1132 456 Ma·

204 473 230 489 ³‘
245 485 344 520 gnus,
353 477 424 512 suas
434 477 475 512 ad
487 474 793 512 Chalcedonenscm
808 472 985 516 Synodum
999 473 1143 519 dogma-·

246 524 328 561 ticas
338 526 463 563 litteras
483 521 700 564 formaturus,
727 522 923 558 Gallicanos
949 524 1132 568 Episcopos

247 588 317 612 non
329 578 474 614 evocarit
484 577 524 612 ad
537 578 625 609 suam
638 573 812 617 Synodum
831 598 847 617 ,ι
862 573 917 609 sed
929 575 1027 608 fuerit
1051 586 1134 610 con-

246 637 358 664 tentus
370 625 688 672 Synodaliipsorum
709 625 864 668 suffragio
877 649 885 656 .
913 625 1028 672 Qam
1051 624 1132 660 veri-

246 688 349 714 tatem
374 675 521 713 altiffime
543 675 719 719 praedicant
738 675 840 708 etiam
868 673 1056 719 Apostolici
1076 686 1132 719 per

246 730 415 776 Illyricum
428 753 440 770 ‚
467 726 613 762 Galliam
624 752 635 768 ‚
662 737 699 759 ac
712 724 790 759 alias
806 725 972 760 Dioeceses
984 725 1130 760 Vicarii.

247 781 351 816 Erant
362 775 732 814 VicariiPatriarchalis
757 776 950 819 potestatis,
978 777 1011 811 &
1033 775 1133 812 Vica-

245 834 308 868 rias
318 830 477 866 faciebant
491 827 644 872 S'ynodos
656 851 666 867 ,
690 835 726 859 ut
737 826 777 861 ad
791 836 923 861 remotae
933 827 1020 862 urbis
1031 827 1133 862 access

247 885 319 918 sum
338 880 491 925 Episcopi
504 878 681 921 quotannis
692 887 760 910 non
784 886 999 924 cogerentur.
1028 875 1132 925 Qod

246 929 547 967 Thessalonicensis
570 928 754 971 Episcopus
774 927 871 961 fuerit
884 926 1030 963 Romani
1046 929 1131 963 Pon·

246 983 347 1018 tificis
371 982 543 1016 dumtaxat
567 976 797 1012 Patriarchalis
822 977 996 1019 Vicarius,
1025 979 1131 1013 Graeci

246 1044 362 1068 omnes
381 1057 392 1073 ,
415 1032 517 1065 etiam
539 1027 690 1064 hodierni
715 1026 922 1063 Schismatici
945 1055 955 1070 ‚
982 1030 1134 1064 constan-

247 1095 296 1118 ter
310 1083 522 1127 profitentur.
537 1080 631 1113 Hinc
643 1079 734 1112 enim
748 1078 858 1113 scribit
872 1079 1003 1123 Marryr
1017 1080 1132 1114 Theo·

246 1134 388 1179 phanes:
418 1131 587 1166 Theodorus
616 1127 774 1169 Historicus
797 1128 991 1173 Thessalonice
1017 1129 1133 1174 Episco-

165 1173 178 1201 ς
205 1180 218 1189 “’
242 1195 316 1229 pum
337 1185 470 1228 appellat
493 1181 722 1218 patriarcham,
744 1178 803 1223 sed
823 1181 907 1214 nulla
924 1182 1053 1223 prorsus
1089 1192 1134 1213 ra·

246 1241 325 1270 tione
345 1260 356 1277 ,
393 1245 444 1269 nec
468 1243 519 1267 cur
545 1231 601 1273 ista
621 1229 798 1275 scripserit,
835 1228 895 1273 ipse
923 1228 1004 1273 satis
1027 1236 1132 1265 novit.

245 1285 452 1321 Theodorus
476 1282 556 1318 favit
569 1280 745 1316 Dorotheo
758 1278 1046 1317 Theffalonicenfi
1061 1282 1135 1326 Epi-

247 1338 346 1381 scopo
360 1361 372 1378 ,
395 1336 451 1382 qui
474 1334 645 1368 Acaciano
665 1330 834 1367 schismate
853 1333 956 1366 fretus
969 1331 1135 1376 Apostoli-

246 1400 301 1423 cas
323 1387 407 1422 vices
431 1385 570 1421 tentavit
593 1393 715 1417 vertere
739 1381 774 1416 in
798 1381 1075 1426 Autocephaliam
1086 1394 1134 1416 or-

246 1437 367 1473 dinatii
379 1436 553 1471 primatus.
581 1431 810 1477 Theophanes
823 1433 929 1467 asserit
942 1434 1031 1467 suiffe
1044 1431 1136 1467 dum-

247 1495 338 1523 taxat
361 1485 553 1521 Vicarium.
581 1483 688 1518 Perdo
712 1483 807 1517 verba
829 1483 863 1517 &
887 1492 1015 1527 tempus
1039 1484 1074 1518 in
1088 1494 1136 1518 res

247 1539 348 1574 claras
361 1564 368 1570 .

298 1588 426 1624 Verum
449 1598 517 1631 qua:
537 1586 582 1620 est
609 1585 711 1629 prima
747 1583 844 1628 hujus
870 1586 988 1619 erroris
1015 1584 1135 1631 origo?

248 1639 451 1683 Respondeo
472 1640 535 1671 esse
548 1636 773 1670 Hincmarum
787 1635 985 1670 Remensem
1001 1634 1134 1670 Archie·

248 1691 418 1735 piscopum
443 1712 450 1720 .
477 1686 648 1722 Photiano
670 1684 1054 1730 Constantinopolitanae
1078 1686 1137 1719 Ec·

248 1741 350 1775 clefiae
375 1739 547 1775 schismate
571 1747 706 1774 vexatus
726 1738 861 1771 Sanstus
875 1736 961 1778 Papa
974 1735 1136 1769 Nicolaus

248 1793 374 1835 primus
397 1790 518 1832 scripsit
540 1789 580 1822 ad
603 1787 725 1820 dissum
749 1785 1024 1828 Metropolitam‚
1047 1784 1134 1817 &ad

248 1842 392 1884 reliquos
416 1838 610 1874 Gallicanos
633 1837 834 1879 Episcopos:
863 1837 923 1866 Pro
949 1833 998 1866 bis
1020 1831 1135 1873 &fimi-

248 1892 326 1926 Iibus
349 1889 441 1930 causis
461 1889 599 1921 canonice
623 1884 841 1929 discutiendis,
870 1885 904 1917 Θ·
927 1885 984 1917 rite
996 1881 1138 1924 definien-

250 1943 320 1982 dis,
347 1948 412 1973 tam
435 1937 565 1979 vestram
589 1939 682 1979 quam
708 1938 834 1968 aliorum
848 1932 990 1982 fratrum
1011 1934 1045 1966 &
1065 1937 1135 1965 Coe-

247 1990 432 2036 piscoporum
456 1987 614 2029 nostrorum
640 1986 838 2019 reverendam
862 1985 908 2017 ad
916 1994 968 2016 nos
979 1993 1136 2016 convocare

252 2044 398 2076 vellemus
415 2037 618 2081 presentiam,
644 2034 699 2075 nifi
716 2046 767 2066 nos
791 2032 922 2075 diversae
944 2034 1048 2066 mundi
1059 2033 1138 2066 cala-

253 2098 375 2126 mitates
397 2091 431 2123 (9·
450 2087 590 2131 pressurae
614 2086 649 2117 id
654 2095 757 2128 gerere
770 2083 945 2126 vetuiffeut.
973 2082 1113 2116 Etinfra
1126 2095 1136 2115 :

255 2144 391 2184 Alioquin
414 2138 546 2177 vestram
567 2137 611 2167 ad
620 2146 673 2167 nos
688 2139 928 2167 Fraternitatem
938 2133 1136 2172 convocandi,

256 2196 290 2227 Θ·
308 2196 424 2234 pariter·
446 2188 484 2221 de
504 2182 673 2227 hujusmodi
700 2182 896 2226 questionibus
915 2183 1069 2217 traciandi
1091 2194 1138 2216 no-

254 2245 301 2278 his
326 2246 383 2274 erit
402 2239 519 2272 omnino
543 2236 685 2275 neceffitas
708 2259 718 2276 ‚
755 2242 787 2267 ut
810 2234 949 2268 videlicet
965 2235 1058 2273 iuxta
1073 2238 1139 2275 pri-

250 2293 364 2335 stinam
385 2287 621 2333 consuetudinem
648 2282 796 2328 nobiscum
816 2290 850 2316 in
871 2284 906 2316 id
930 2282 1028 2327 ipsum
1055 2286 1144 2326 apud

257 2343 400 2378 sancium
423 2342 548 2374 Petrum
567 2341 798 2375 convenientes,
824 2345 990 2368 communes
1005 2333 1140 2376 Ecclesi‘ae

257 2394 447 2428 contumelias
470 2397 642 2432 reparemus
656 2412 663 2418 .
691 2386 889 2420 Constantes·
910 2383 1015 2420 asserit
1039 2384 1142 2419 Galli-

261 2456 365 2479 canos
386 2442 568 2486 Episcopos
589 2437 724 2481 spec'iare
736 2436 776 2471 ad
788 2437 878 2471 suam
890 2434 1142 2471 patriarchalem

260 2493 457 2538 synodum,
482 2488 719 2533 &ipsorumin
733 2497 770 2521 ea
784 2487 982 2530 praesentiam
1005 2485 1068 2520 esse
1090 2497 1144 2520 an-

261 2546 390 2589 tiquam
402 2540 674 2577 consuetudinem
688 2563 696 2571 .
722 2537 768 2573 Et
786 2537 866 2572 hinc
886 2538 1020 2573 tandem
1044 2536 1146 2571 Caro-

261 2596 334 2630 lum
355 2595 484 2640 Regem
507 2591 637 2637 rogavit
656 2613 667 2630 ‚
705 2599 743 2624 ut
763 2600 804 2623 ex
826 2590 944 2634 quavis
970 2586 1145 2622 Provincia

264 2658 351 2682 unus
378 2646 421 2680 ad
452 2644 628 2679 minimum
649 2641 792 2686 Legatus
814 2640 994 2684 Episcopus
1011 2637 1149 2673 adveni.

265 2708 314 2730 ret
337 2722 343 2729 .
382 2695 430 2730 At
449 2692 671 2738 Metropolitae
688 2691 925 2735 responderunt
944 2705 954 2724 :
982 2687 1145 2732 Episcopos

267 2750 391 2780 Romam
405 2747 448 2779 ad
456 2748 474 2781 5
473 2746 598 2787 ynodum
610 2743 750 2777 mittendi
763 2743 909 2782 necessitas
924 2752 981 2774 non
997 2739 1144 2783 postulat.

267 2796 436 2831 Dominus
448 2796 725 2839 Archiepiscopus
734 2793 872 2836 exponit
884 2817 891 2824 .
919 2790 1071 2835 Superius
1092 2790 1147 2823 ad-

269 2848 365 2881 dudia
380 2847 494 2881 Caroli
507 2845 629 2891 Regis,
656 2845 708 2877 scu
722 2842 832 2887 potius
843 2839 1073 2876 Hincmariad
1098 2841 1149 2884 Jo-

270 2908 390 2931 aunem
404 2897 554 2930 ostavum
569 2895 768 2930 Pontificem
782 2893 878 2927 verba
889 2891 998 2926 laudat
1013 2916 1023 2930 ‚
1050 2900 1154 2933 atque.

142 2972 204 3004 Lib·
230 2947 505 3000 &prosequiturt
545 2949 692 2987 Exceptio
713 2946 767 2978 illa
790 2969 800 2984 ,
827 2950 969 2977 nimirum
992 2940 1151 2983 Ecclefiam

135 3024 203 3053 cap·
217 3024 248 3048 υ,

274 2999 462 3032 Gallicanam
476 3006 533 3030 non
544 3001 695 3038 pertinere
706 2996 750 3026 ad
757 2993 914 3036 spectalcm
929 2991 1077 3033 Diceccfim
1097 2995 1151 3024 Ro-

274 3060 419 3089 manam,
444 3048 480 3080 id
499 3045 558 3088 est,
586 3054 676 3087 neque
697 3045 739 3076 ad
760 3043 1002 3087 consecrationem
1023 3046 1151 3076 Romani
1184 3048 1185 3059 ³

276 3098 415 3143 Episcopi
432 3122 443 3139 ,
469 3107 562 3140 neque
584 3096 628 3128 ad
648 3096 711 3136 ejus
731 3095 894 3134 synodum,
922 3093 1040 3135 tametfi
1050 3094 1153 3127 sedem
1182 3094 1185 3129 '1

279 3149 464 3191 Apostolicam
474 3148 575 3181 coleret
585 3146 667 3192 velut
674 3147 859 3187 particulare
870 3149 968 3187 Caput
977 3145 1154 3185 occidentis,

278 3201 415 3233 &etiam
438 3208 588 3241 tanquam
613 3200 716 3238 Caput
739 3195 858 3236 Ecclcfie
879 3193 1050 3238 uuiversae5
1077 3207 1156 3229 exce·

275 3253 363 3291 prio,
390 3256 537 3293 inquam,
561 3249 614 3281 illa
621 3243 744 3289 prorsus
756 3246 889 3289 legitima
910 3254 993 3279 erat.
1022 3247 1155 3279 Pruden-

283 3307 329 3332 rer
340 3304 429 3343 igitur
449 3299 596 3333 Nicolaus
619 3302 738 3339 primus
765 3296 872 3338 efficere
894 3304 1015 3328 conatus
1037 3295 1098 3336 est,
1124 3304 1156 3329 ut

283 3346 422 3391 Episcopi
437 3351 587 3382 Gallicani
597 3348 641 3381 ad
647 3347 810 3379 Concilium
835 3350 1000 3379 Romanum
1021 3352 1157 3379 conveni-

283 3406 354 3432 rent
365 3423 374 3439 ‚
389 3407 469 3432 urea
480 3404 593 3431 ratione
605 3404 636 3430 in
651 3397 752 3430 Gallia
765 3397 799 3430 (θ’
813 3401 844 3427 in
856 3395 991 3439 universo
1004 3397 1159 3430 Occidente

285 3446 507 3483 Patriarchalis
519 3446 739 3488 jurisdictionis
762 3446 992 3489 amplitudinem
1013 3445 1160 3487 constitue-

836 139 1481 188 DtsseRrAT1o

1197 230 1243 255 ret
1270 244 1282 261 ,
1306 234 1398 265 quam
1425 226 1606 269 Patriarcbe
1627 232 1760 263 Orientis
1779 232 1960 272 pffdebant
1978 238 2014 270 tn
2025 231 2087 280 sue

1198 269 1320 315 quisque
1331 275 1460 316 Dioecest.
1484 282 1527 322 Hi
1539 287 1640 312 autem
1653 282 1899 322 Metropolitanos
1912 293 2008 319 omnes
2018 298 2087 321 evo-

1197 323 1310 357 cabam
1323 326 1368 358 ad
1379 327 1521 363 synodum
1539 329 1797 364 Patriarcbalcm.
1827 333 1883 367 Ad
1897 333 1983 368 hanc
1993 347 2087 371 exce-

1199 373 1349 417 ptionem
1360 375 1591 413 stabiliendam
1603 379 1707 415 multa
1729 383 1934 418 consarcinat
1946 409 1953 416 .
1982 384 2087 420 Dam-

1200 434 1311 458 natam
1324 425 1529 467 Ravennatis
1542 429 1691 464 Ecclesiae
1708 430 1987 478 Autocephaliam
2007 435 2087 470 luci-

1199 474 1241 509 de
1253 486 1392 512 conatur
1403 476 1570 513 traducere
1580 479 1614 514 in
1629 480 1772 516 Gallias.
1801 483 1937 519 Etenim
1959 484 2086 521 Roma-

1199 537 1282 560 num
1294 527 1493 572 Episcopum
1507 553 1519 569 ,
1546 529 1595 564 uti
1607 532 1710 565 totius
1721 532 1914 569 Occidentis
1924 535 2086 580 singulare

1200 578 1311 620 Caput
1323 602 1335 618 ,
1360 578 1394 612 δε
1405 579 1455 613 uti
1466 580 1578 624 Caput
1589 581 1740 616 Ecclefiae
1750 583 1924 625 universae,
1952 597 2081 622 venera·

1199 637 1232 661 ta
1245 628 1368 672 semper
1378 629 1554 665 fuitetiam
1572 632 1805 668 Raverinatum
1828 635 1967 670 Ecclesia
1981 662 1988 669 .
2018 638 2084 672 Eo·

1198 677 1275 712 dem
1287 678 1390 713 modo
1401 679 1496 715 iilum
1508 692 1660 717 venerata
1670 683 1735 718 fuit
1755 684 1856 719 etiam
1877 686 1947 730 post
1970 686 2086 721 datum

1198 727 1216 762 a
1228 726 1362 773 Vigilio
1375 728 1539 766 Pontifice
1551 732 1733 768 Primatum
1745 733 1890 770 Ecclesia
1902 737 2014 781 primae
2031 738 2086 782 Ju-

1200 777 1364 813 stinianae.
1393 781 1437 816 Et
1451 780 1702 818 Antiochenum
1727 785 1948 831 Episcopum,
1975 798 2013 821 ut
2034 797 2084 823 to-

1199 829 1423 864 tiusOrientis
1446 832 1605 878 singulare
1626 836 1760 879 Caput,
1785 846 1938 872 venerata
1960 839 2084 882 semper

1199 878 1263 914 fuit
1277 879 1480 925 Cypriorum
1493 883 1633 918 Ecclesia
1644 910 1655 926 ‚
1685 886 1836 920 &tamen
1848 886 1918 921 duae
1928 888 2084 932 posterio-

1199 940 1249 965 res
1261 931 1413 971 fuerunt,
1441 932 1536 975 prior
1552 935 1722 976 praetendit
1744 937 1807 970 esse
1830 937 2081 982 Autocephala.

1199 979 1332 1025 Nempe
1344 980 1586 1025 Autocephalia
1608 995 1676 1018 non
1687 986 1731 1020 est
1744 986 1833 1021 aliud
1856 999 1954 1032 quam
1974 999 2083 1023 exem-

1199 1030 1270 1075 ptio
1283 1031 1300 1064 a
1313 1030 1394 1075 jugo
1405 1030 1634 1067 patriarchalis
1645 1037 1899 1073 consecrationis
1921 1040 1955 1073 δε
1977 1040 2086 1083 Syno-

1200 1083 1252 1116 di.
1283 1084 1326 1117 Et
1340 1082 1512 1117 Dominus
1523 1081 1821 1128 Archiepiscopus,
1845 1098 1882 1121 ut
1903 1091 1974 1124 suas
1990 1090 2086 1135 cogi-

1199 1131 1341 1167 tationes
1364 1132 1493 1174 firmet,
1519 1133 1628 1168 asserit
1649 1134 1816 1179 Magnum
1837 1135 1962 1180 Papam
1979 1139 2083 1174 Nico-

1201 1183 1291 1217 laum
1305 1182 1480 1226 prudenter
1490 1195 1649 1218 conatum
1661 1185 1787 1220 efficere
1799 1211 1810 1227 ,
1835 1187 1869 1221 id
1881 1188 1927 1222 est
1942 1212 1954 1229 ,
1980 1188 2085 1223 astute

1200 1243 1356 1267 conatum
1368 1234 1628 1270 circumscribere
1640 1258 1647 1267 .

1252 1283 1439 1319 Audiamus
1451 1284 1528 1328 quid
1540 1284 1574 1318 in
1586 1286 1805 1322 Hincmarurn
1819 1287 1961 1323 statuerit
1972 1291 2085 1325 ossava

1201 1333 1372 1378 Synodus.
1400 1334 1543 1369 innovat
1555 1337 1682 1371 sextum
1695 1337 1871 1373 Nicaenum
1884 1341 2059 1375 Canonem
2072 1365 2087 1383 ‚

1200 1386 1232 1418 ὃ(
1248 1383 1375 1429 pergit:
1402 1385 1464 1419 sed
1484 1391 1624 1428 quoniam
1640 1386 1716 1431 sunt
1737 1391 1863 1431 quidam
1885 1393 2086 1434 trietropolita·

1202 1447 1304 1468 norum
1319 1460 1329 1475 ,
1357 1441 1409 1478 qui
1421 1447 1457 1469 ne
1463 1435 1625 1479 secundum
1638 1445 1820 1473 vocationem
1837 1442 1986 1483 apostolici
1998 1444 2087 1476 Prae-

1197 1483 1271 1528 salis
1294 1495 1466 1527 occurrant,
1492 1489 1513 1519 ὰ
1536 1490 1640 1522 mundi
1654 1491 1842 1531 Principibus
1850 1491 1876 1534 fi
1890 1493 2017 1526 detineri
2021 1491 2085 1534 sine

1201 1541 1317 1569 ratione
1336 1535 1499 1580 causantur
1511 1562 1522 1578 ,
1547 1541 1661 1580 placuit
1682 1542 1773 1573 talem
1788 1540 2007 1584 excusationem
2027 1554 2087 1576 om-

1203 1587 1330 1620 nimodis
1341 1586 1392 1629 effe
1404 1589 1576 1621 invalidam
1588 1615 1594 1621 .
1627 1591 1703 1622 Cum
1714 1597 1793 1623 enim
1807 1594 1951 1635 Princeps
1958 1602 2014 1635 pro
2018 1591 2087 1635 fiii!

1201 1648 1290 1670 cauis
1317 1646 1482 1671 conventus
1502 1638 1681 1682 frequenter
1703 1652 1776 1684 agat
1794 1668 1804 1682 ,
1845 1648 1969 1683 impium
1987 1643 2024 1681 est
2049 1649 2086 1674 ut

1197 1686 1327 1730 summos
1355 1686 1504 1730 Praesules
1524 1692 1570 1722 ad
1587 1691 1707 1728 synodos
1724 1699 1783 1732 pro
1810 1690 2012 1732 Eeche’stfflicis
2035 1703 2086 1725 ne-

1196 1742 1288 1780 gotiu
1311 1738 1519 1770 celebrandum
1540 1741 1689 1781 impediat
1702 1764 1713 1779 ,
1739 1741 1793 1773 vel
1812 1739 1954 1782 quosdam
1977 1742 2085 1772 ἀσυκ-

1198 1787 1274 1818 ciliis
1293 1798 1391 1819 eorum
1406 1786 1565 1827 probibeat
1580 1812 1590 1826 ,
1616 1790 1683 1820 licet
1703 1788 1765 1821 tale
1785 1791 2029 1830 impedlmentum
2047 1792 2090 1826 &ff

1197 1833 1298 1875 fic‘lam
1316 1834 1543 1876 prohibitionem
1557 1837 2028 1884 Metropolitanorumsuggestione
2038 1843 2085 1874 di-

1201 1883 1292 1926 verfis
1314 1886 1410 1918 modis
1425 1885 1494 1925 fieri
1505 1888 1696 1921 didicerimus
1711 1913 1718 1920 .
1744 1889 1968 1932 Consueverunt
1981 1900 2085 1926 autem

1201 1937 1423 1975 Metropolitum
1443 1935 1491 1966 bis·
1513 1941 1545 1966 in
1564 1947 1644 1968 anno
1665 1940 1789 1974 synodos
1792 1937 1917 1980 facere,
1942 1942 2084 1983 ideoque,

1194 1983 1267 2026 ficut
1293 1985 1396 2017 dicunt
1421 2006 1432 2023 ,
1469 1984 1513 2016 ad
1546 1986 1756 2020 Patriarchale
1778 1993 1904 2028 penitus
1926 2000 1985 2022 non
2006 1991 2085 2034 poffe

1200 2043 1365 2068 concurrere
1388 2037 1493 2074 Caput
1514 2057 1521 2065 .
1559 2036 1619 2067 sed
1633 2034 1742 2077 sanHa
1761 2035 1826 2069 baec
1848 2038 1882 2070 (9·
1902 2038 2088 2082 universalis

1200 2076 1326 2123 synodiis
1345 2094 1396 2117 nec
1417 2084 1574 2125 concilia,
1601 2097 1669 2127 quae
1690 2087 1710 2118 ἃ
1736 2088 2088 2132 metropolitanisfiunt,

1201 2134 1378 2167 interdicens
1396 2158 1406 2174 ,
1432 2134 1526 2167 multo
1552 2141 1651 2179 magis
1669 2137 1726 2169 illa
1749 2143 1838 2171 novit
1860 2139 2091 2174 rationabiliora

1201 2195 1214 2218 e
1237 2196 1252 2218 e
1272 2195 1308 2217 αι·
1323 2186 1441 2217 utiliora
1462 2186 1759 2228 Metropolitanorum
1782 2190 1943 2230 Concilils,
1968 2201 2039 2233 quae
2062 2193 2089 2224 ἃ

1203 2234 1407 2268 Patriarcbali
1429 2235 1504 2268 Sede
1526 2245 1759 2281 congregantur,
1785 2239 1936 2272 &idcirco
1946 2238 2010 2274 baec
2021 2240 2089 2275 fert

1202 2291 1298 2330 exigit
1309 2310 1317 2317 .
1345 2289 1369 2317 A
1396 2286 1584 2327 Metropolim
1603 2292 1714 2330 quippe
1725 2279 1814 2322 ubios
1823 2291 1944 2332 quidem
1957 2293 2086 2323 Provin-

1204 2342 1261 2369 ciae
1282 2333 1425 2379 dispositio
1445 2336 1587 2378 efficitur,
1613 2339 1634 2370 ἃ
1652 2338 1834 2372 Patriarcba
1855 2342 1928 2373 vero
1943 2338 2025 2382 saepe
2043 2349 2087 2373 to,

1205 2392 1266 2419 tius
1285 2384 1375 2429 causa
1397 2385 1554 2429 Dioeceseos
1570 2386 1776 2432 dispensatur.
1805 2396 1846 2423 Ac
1859 2398 1918 2431 per
1939 2389 1990 2423 boe
2011 2401 2087 2423 com·

1205 2442 1304 2470 munis
1326 2438 1444 2470 utilitas
1461 2438 1639 2480 providetur
1651 2462 1659 2470 .
1688 2441 1815 2482 Propter
1828 2440 1908 2482 quod
1916 2438 2087 2483 &speciale

1206 2490 1318 2522 lucrum
1335 2494 1457 2529 propter
1473 2489 1613 2530 generale
1633 2487 1742 2522 bonum
1763 2489 1897 2531 postponi
1923 2496 2060 2524 convenit

1208 2549 1274 2571 cum
1294 2538 1315 2569 ἃ
1333 2536 1497 2578 majoribus
1515 2535 1608 2580 super
1630 2537 1695 2572 baec
1710 2539 1903 2581 fac‘lafuerit
1912 2541 2053 2574 advocati
2075 2565 2086 2575 .

1206 2590 1362 2632 ,Quamvis
1382 2588 1467 2631 apud
1489 2586 1630 2630 quosdam
1653 2591 1946 2632 Metropolitanorum
1958 2597 2088 2634 antiqua

1207 2636 1378 2680 consuetudo
1397 2662 1408 2678 ‚
1443 2638 1478 2671 o·
1498 2642 1652 2672 Canonica
1672 2641 1797 2674 traditio
1811 2650 1870 2683 per
1888 2649 2086 2684 contemptum

1207 2687 1335 2732 ipsorum
1354 2687 1506 2731 postposita
1525 2689 1689 2724 videantur
1708 2714 1718 2732 ‚
1757 2703 1816 2725 non
1837 2691 2018 2726 currentibus
2042 2695 2087 2723 eis

1207 2740 1250 2771 ad
1268 2750 1446 2772 communem
1453 2738 1620 2781 profec‘lum
1630 2764 1638 2771 .
1663 2743 1749 2784 ‚Quos
1760 2744 1838 2787 leges
1849 2739 2089 2784 Ecclefiaesaeve·

1209 2792 1241 2824 re
1250 2791 1475 2823 condemnantes
1489 2814 1500 2830 ,
1511 2795 1590 2824 omni
1601 2790 1787 2834 excusatione
1800 2801 1910 2826 remota
1922 2815 1933 2832 ,
1955 2790 2088 2834 subjace-

1209 2853 1241 2874 re
1260 2840 1464 2874 vocationibus
1478 2846 1595 2883 proprii
1615 2841 1822 2884 patriarchae,
1841 2842 1907 2884 five
1928 2853 1993 2874 cum
2013 2852 2088 2875 com-

1210 2898 1339 2924 muniter
1351 2916 1360 2932 ,
1365 2889 1430 2932 five
1440 2901 1505 2923 cum
1509 2891 1680 2935 fingulatim
1686 2891 1786 2934 firc‘lae
1793 2892 1914 2935 fuerint
1923 2916 1934 2933 ,
1947 2896 2088 2934 exigunt.

1213 2940 1355 2985 ‚Quisquis
1373 2943 1440 2985 ergo
1462 2943 1756 2983 Metropolitanorum
1772 2949 1927 2985 proprium
1952 2944 2092 2975 Patriar-

1182 3008 1184 3011 ·
1213 2993 1298 3025 cham
1313 2991 1536 3036 contempserit,
1562 2993 1596 3026 (⁸2¹
1605 2999 1784 3028 vocationem
1794 2994 1860 3034 ejus
1869 3017 1880 3033 ,
1899 3003 1967 3034 quae
1972 2990 2034 3031 five
2047 2993 2093 3025 ‘ad

1216 3054 1306 3077 unum
1318 3041 1414 3086 solum
1426 3067 1436 3083 ,
1455 3041 1520 3084 five
1533 3043 1577 3075 ad
1586 3044 1689 3084 plures
1698 3066 1708 3082 ,
1728 3041 1789 3084 sive
1800 3043 1845 3075 ad
1853 3042 1995 3084 omnesfit
2006 3065 2016 3081 ,
2025 3041 2093 3086 abs-

1218 3105 1272 3136 que
1284 3093 1465 3132 validiffima
1476 3098 1666 3136 aegrotatione
1676 3117 1687 3133 ,
1714 3093 1766 3126 vel
1776 3095 1964 3136 Paganorum
1975 3091 2093 3136 incursu

1219 3155 1274 3177 non
1286 3144 1424 3177 obedierit
1434 3167 1444 3182 ‚
1471 3143 1506 3176 Θ*
1521 3151 1579 3184 per
1590 3151 1663 3175 totos
1675 3143 1749 3176 duos
1760 3142 1872 3187 menses
1879 3142 1942 3185 post
1953 3147 2094 3178 notitiam

1219 3199 1383 3228 vocationis
1395 3194 1440 3226 ad
1446 3198 1600 3237 proprium
1612 3199 1716 3227 venire
1739 3193 1950 3227 Patriarcbam
1973 3195 2095 3227 mutim?

1215 3244 1405 3285 festinaverit
1417 3269 1428 3285 ‚
1454 3245 1508 3276 ‘vel
1521 3242 1551 3285 fi
1567 3254 1741 3286 quocumque
1767 3243 1850 3277 modo
1868 3243 1991 3276 latitare
2003 3269 2014 3285 ,
2042 3252 2096 3277 aut

1222 3307 1277 3327 non
1291 3293 1453 3338 cognoscere
1465 3299 1602 3326 nuntium
1613 3294 1650 3326 ab
1662 3295 1710 3327 illo
1720 3294 1835 3337 miffiim
1846 3298 2011 3327 tentaverit
2021 3317 2030 3333 ,
2050 3291 2098 3335 fie-

1216 3355 1353 3388 gregetur
1364 3357 1378 3386 ;
1399 3341 1429 3385 st
1445 3346 1514 3377 vero
1528 3349 1612 3376 inira
1623 3355 1713 3376 unum
1725 3355 1837 3377 annum
1855 3344 1979 3377 eandem
1999 3351 2098 3375 contu-

1222 3402 1347 3434 maciam
1374 3396 1408 3428 (5
1435 3394 1663 3427 inobedientiam
1674 3394 1885 3434 demonstravit
1894 3417 1905 3432 ,
1933 3393 2099 3434 deponatur·

1223 3438 1356 3479 omnibus
1382 3445 1478 3478 modis
1501 3468 1513 3485 ,
1540 3446 1575 3478 (9¹
1594 3444 1632 3477 ab
1654 3450 1732 3477 omni
1754 3443 1934 3478 saserdotah‘
1961 3450 2104 3485 operario·

2017 3505 2055 3526 MC

2120 1339 2191 1371 Can.
2214 1349 2258 1374 ¹7·
