2372 3756
44 764 118 802 Cap.
133 772 180 793 21.

597 136 1225 199 Qum-tuM'R'OMANuM'
1251 133 1636 182 Coucrswssi.

1867 140 1962 201 i37

212 217 508 259 fiz'Hierarehiam
545 231 613 255 non
633 221 697 256 effe
717 218 970 255 Monarchicam
997 243 1010 259 ,
1035 216 1086 251 sed
1147 217 1312 260 scripserat
1345 215 1380 250 in
1402 214 1657 250 Patriarchicam
1683 220 1874 262 potestatem
1910 222 2026 267 Regia·

212 274 250 308 in
263 281 325 307 tres
349 266 551 306 Patriarchas
568 282 611 305 ex
633 282 726 315 aequo
744 270 883 305 divisam
906 269 1085 304 Aristocra-

213 323 317 361 tiam‚
339 329 437 367 atque
452 323 498 356 ita
519 319 677 356 Photiani
698 319 880 356 schismatis
897 319 973 363 jecit
987 319 1089 363 prima

214 371 429 408 fundamenta
453 397 463 406 .
497 370 567 406 Hic
599 371 646 405 est
675 372 732 407 ille
760 369 942 405 Germanus
966 393 977 410 ,
1003 367 1091 410 cujus

212 421 256 456 ad
283 422 480 467 Gregorium
507 432 631 455 nonum
655 420 869 460 Pontificem,
899 418 1088 461 &hujusad

214 471 310 506 illum
326 472 429 506 varias
449 471 612 514 Epistolas
631 472 726 505 refert
736 468 913 504 Matthaeus
934 468 1091 502 Parifien-

215 521 272 556 fis.
299 522 411 556 Etiam
422 520 464 555 de
481 521 666 555 Theodoro
685 520 862 554 Comneno
875 544 886 560 ‚
913 519 968 562 qui
982 518 1091 552 adver-

215 571 398 607 susdistum
415 571 572 614 Ioannem
584 571 714 604 Ducam
721 568 885 613 affumpfit
898 568 1090 612 Imperium,

214 632 254 655 ac
273 619 513 655 Theffalonicae
533 619 604 654 fixit
630 619 737 653 sedem
752 643 764 659 ,
788 619 823 653 ἃ
849 620 891 653 de
917 618 1090 653 Demetrio

214 669 346 705 Acridae
358 671 533 715 Episcopo,
543 669 760 712 Metropolita
771 669 989 713 Bulgarorum
999 691 1009 707 ,
1021 666 1089 701 scri-

216 719 264 755 bit
287 721 375 755 idem
403 721 588 762 Georgius.-
614 722 781 752 Comnenus
808 719 975 752 Theodorus
980 725 1089 760 purpu-

214 782 268 805 rea
290 770 436 808 chlumec
457 769 594 801 induitur
614 793 624 809 ,
651 771 686 803 6·
711 769 814 802 rubris
835 771 937 802 calceis
954 766 1089 807 convesti-

214 831 266 854 tus·
279 842 290 859 ,
311 818 475 852 obtuaante
500 818 546 851 illi
566 824 598 851 r'n
620 818 671 851 boc
695 820 786 861 quam
802 818 989 858 strenuiffime
1014 821 1090 849 Con-

209 869 343 911 stantino
352 867 577 912 Mesopotamtta
589 892 599 908 ,
627 868 814 910 Metropolim
835 866 1071 911 Theffalonicenfi
1080 892 1090 907 ‚

215 929 303 963 quem
321 919 401 952 dtrir
427 920 514 952 malis
527 919 574 951 (Ἰ
599 916 768 959 calamitosis
793 918 915 957 exiliis,
941 922 1091 950 Canonica

217 972 339 1003 Statura
359 976 594 1012 propugnantem
621 966 803 1011 insellatus,
830 967 933 1011 miser&
957 966 1087 1009 afflixit.

216 1020 278 1052 sed
299 1020 335 1053 ό·
361 1019 515 1062 Balgatia·
541 1016 779 1062 archiepiscopus
807 1019 975 1052 Demetrius·
988 1040 999 1057 ,
1023 1026 1092 1050 tan-

215 1079 309 1111 quam
337 1092 349 1110 ,
378 1077 414 1102 ur
439 1066 500 1110 ipse
517 1066 678 1109 fatebatur
703 1091 714 1107 ,
741 1068 792 1112 sui
808 1069 893 1110 juris
915 1068 982 1111 effer
1009 1091 1020 1107 ,
1046 1078 1092 1100 ne-

218 1123 349 1161 minique
378 1116 430 1161 sici
462 1117 546 1159 falli
580 1123 725 1152 rationem
759 1119 881 1152 reddere
914 1125 1064 1151 teneretur
1081 1139 1092 1155 ,

217 1170 382 1211 adeoquein
394 1169 458 1208 ejus
468 1167 608 1210 potestate
617 1168 704 1211 ffb
728 1167 897 1210 quoslibet,
922 1166 1094 1200 &ubicum-

218 1228 296 1261 qm,
320 1218 354 1251 (a
373 1219 564 1260 quandonam
585 1217 630 1250 illi
652 1217 771 1252 libitum
788 1217 911 1261 fuisset,
937 1221 1033 1261 Reges
1043 1227 1091 1250 un-

214 1279 304 1311 gere,
329 1271 419 1311 Regio
439 1279 504 1301 eum
522 1268 690 1302 diademate
700 1276 831 1302 coronat.
866 1268 935 1302 Hic
947 1267 1012 1310 jam
1025 1278 1092 1301 non

217 1319 322 1358 duos,
348 1316 401 1351 sed
427 1328 491 1353 tres
504 1318 667 1361 supremos
679 1317 988 1361 acindependentes
1015 1316 1092 1360 Epi-

218 1369 356 1410 scopos,
382 1367 529 1408 adeoque
550 1366 584 1400 &
606 1376 668 1401 tres
689 1367 810 1401 divisas
829 1379 867 1401 ac
881 1366 1096 1411 independen-

220 1425 269 1450 tes
291 1416 447 1451 Ecclefias
460 1416 654 1451 schismatici
682 1418 869 1452 Graecorum
882 1417 1094 1460 Imperatores

219 1466 279 1501 fibi
290 1465 454 1500 fecerunt.
483 1465 586 1512 Quod
612 1466 726 1500 eadem
749 1466 906 1510 potestate
932 1466 1096 1501 voluerint

218 1527 260 1550 ac
280 1515 441 1554 valuerint
452 1515 614 1558 Papatum
638 1515 748 1550 Roma
767 1516 1096 1560 Constantinopolim

219 1565 391 1600 transferre
414 1588 425 1605 ,
451 1574 591 1610 nugatur
627 1565 726 1600 Anna
753 1566 928 1601 Comnena
954 1592 962 1600 .
989 1566 1098 1610 Hujus

220 1614 365 1649 audaciae
382 1614 491 1659 aliqua
510 1614 692 1650 rudimenta
718 1617 826 1661 posuit
851 1617 1018 1652 haereticus
1036 1618 1099 1651 lm·

219 1669 348 1710 perator
372 1664 515 1699 Valens.
544 1665 678 1700 Etenim
704 1677 746 1700 ex
758 1667 876 1713 Magni
893 1668 1003 1703 Basilii
1019 1667 1098 1702 odio

220 1714 466 1759 Cappadociam
486 1715 586 1750 secuit
609 1716 644 1750 in
665 1715 745 1751 duas
764 1717 975 1760 Provincias,
1002 1727 1100 1761 atque

219 1765 267 1800 ita
288 1762 500 1807 Anthymum
523 1765 735 1808 Tyanensem
757 1767 954 1811 Episcopum
990 1768 1100 1802 incen-

219 1813 271 1849 dit
293 1815 334 1849 ad
357 1816 389 1848 se
410 1813 616 1850 vendendum
639 1827 697 1859 pro
719 1817 958 1861 Metropolim,
984 1819 1017 1852 δε
1033 1818 1099 1861 plu-

221 1875 272 1900 res
293 1865 442 1900 civitates
463 1864 595 1900 laudato
622 1865 740 1901 Basilio
753 1867 1005 1902 substrahendas.
1033 1868 1100 1901 Ve-

220 1914 295 1950 rum
318 1913 385 1958 ipsa
410 1915 521 1949 evulsit
540 1914 820 1951 Chalcedonensis
831 1919 1005 1962 Synodus,
1033 1919 1102 1952 san-

219 1964 311 1999 ciens
332 1965 432 2008 usque
454 1964 520 2000 huc
544 1967 717 2001 etesiarum
732 1968 903 2011 Episcopis
915 1968 1018 2003 solum
1031 1969 1102 2002 Me-

221 2014 460 2058 tropolitaefine
473 2016 633 2060 potestate
657 2029 778 2052 nomen
794 2043 805 2058 ‚
831 2019 983 2062 deinceps
994 2029 1100 2053 autem

221 2074 279 2109 per
305 2063 491 2108 Principem
518 2066 742 2111 erigendarum
768 2068 995 2111 Metropolion
1008 2068 1102 2102 Anti·

220 2113 350 2154 stibus,
370 2124 431 2148 nee
456 2114 553 2149 istum
580 2127 718 2150 vacuum
745 2115 906 2151 honorem
918 2120 979 2152 effe
998 2118 1101 2151 indul-

221 2162 387 2208 gendum.
418 2161 517 2198 Adeo
539 2164 626 2200 abest
641 2190 653 2206 ‚
677 2174 713 2200 ut
736 2166 894 2210 Papatum
905 2167 1102 2202 transtulerit

224 2213 335 2246 Roma
359 2211 704 2258 Constantinopolim,
730 2224 784 2249 aut
805 2214 846 2250 ab
864 2217 933 2256 ullo
947 2218 1099 2251 anteriori

223 2260 376 2305 Principe
387 2263 505 2297 fastam
530 2265 777 2299 translationem
803 2267 1025 2300 confirmarit.

274 2311 378 2346 Nulla
401 2323 558 2355 umquam
582 2314 792 2349 OEcumenica
813 2317 967 2359 Synodus
980 2315 1102 2350 Roma-

224 2361 259 2395 ni
282 2362 498 2405 Episcopatus
519 2362 700 2399 Primatum
723 2366 858 2408 professa
870 2366 914 2399 est
937 2365 1097 2405 lucidius,

223 2421 281 2444 aut
303 2409 441 2445 validius
453 2410 628 2448 stabilivit.
656 2414 807 2450 Pluribus
827 2416 860 2450 in
882 2417 964 2450 locis
974 2415 1102 2451 abunde

223 2459 289 2494 hoc
310 2460 354 2495 est
378 2460 653 2498 demonstratum.
696 2465 863 2512 roirca
884 2467 1043 2501 secundus
1067 2468 1099 2500 in

223 2511 333 2546 Annae
358 2511 537 2546 Comnenae
562 2513 656 2548 dictis
679 2526 767 2549 error
800 2516 845 2550 est
867 2541 878 2557 ‚
903 2516 992 2560 quod
1015 2518 1102 2561 vige-

224 2562 320 2594 simus
340 2563 472 2596 ostavus
494 2561 629 2596 laudatae
653 2564 778 2606 Synodi
802 2565 919 2600 Canon
935 2567 1034 2600 faciat
1046 2578 1101 2601 aut

225 2611 332 2644 firmet
359 2611 500 2655 Papatus
529 2612 776 2648 translationem
807 2641 814 2647 .
853 2616 953 2649 Reste
992 2616 1102 2651 scribit

226 2654 422 2696 catholicus
447 2662 556 2696 Annae
583 2663 622 2696 ad
649 2664 863 2708 marginalem
890 2664 1100 2700 scholiastes:

225 2713 293 2754 „Qui
302 2720 431 2752 amant,
449 2709 506 2753 fibi
521 2711 640 2755 somma
656 2713 795 2758 fingunt.
826 2714 958 2748 Etenim
981 2716 1100 2750 Canon

226 2760 285 2794 iste
306 2761 434 2797 exceffit
457 2762 597 2805 graviter
611 2787 622 2803 ‚
650 2765 760 2797 verum
784 2764 817 2797 in
842 2764 1029 2799 Graecorum
1045 2766 1103 2800 Pa-

226 2809 380 2845 triarchas
402 2835 413 2850 ‚
438 2811 473 2844 &
499 2811 733 2856 autocephalos
757 2814 915 2848 Primates
936 2840 945 2854 ,
971 2827 1038 2849 non
1068 2817 1100 2849 in

226 2859 425 2904 Episcopum
449 2862 638 2897 Romanum
660 2889 667 2896 .
707 2864 849 2898 Innovat
871 2865 1001 2899 tertium
1016 2865 1101 2899 Con-

227 2908 523 2958 stantinopolitanae
548 2913 675 2956 Synodi
700 2913 873 2948 canonem
896 2939 907 2955 ‚
933 2916 988 2959 qui
1014 2916 1101 2950 Con·

227 2957 521 3003 slantinopolitano
547 2962 711 3007 Episcopo
733 2963 867 3010 affignat
880 2964 1054 2999 secundum
1067 2965 1100 2999 in

227 3008 371 3043 Ecclesia
393 3010 521 3045 locum:
549 3017 588 3046 Ue
607 3012 752 3055 ficundus
775 3013 883 3054 existat
899 3014 963 3058 post
985 3014 1103 3058 Episco-

222 3066 300 3102 pum
321 3061 486 3092 Romanum
507 3085 515 3093 .
543 3061 672 3098 Deinde
694 3088 705 3103 ‚
732 3064 930 3098 Thracicam
953 3088 964 3104 ,
991 3065 1102 3100 Asiati-

228 3119 323 3148 cam,
350 3120 387 3142 ac
406 3108 602 3151 Ponticam,
629 3112 858 3157 autocephalas
880 3116 980 3158 usque
999 3124 1101 3157 tunc,

228 3157 392 3192 Dioeceses
413 3158 461 3192 illi
486 3159 633 3203 subjicit,
660 3175 698 3196 ac
721 3163 859 3206 ipsarum
873 3164 1103 3207 Metropolitas

227 3207 299 3241 vult
309 3207 462 3251 deinceps
474 3210 584 3244 abillo
596 3213 775 3246 consecrari
789 3227 800 3246 .-
816 3214 870 3248 Ne
883 3215 958 3247 esset
970 3214 1100 3249 patriar-

224 3256 290 3292 cha
326 3258 398 3293 solo
431 3259 568 3294 nomine
595 3285 605 3300 ,
630 3261 694 3296 fine
721 3262 860 3297 Dioecefi
889 3289 897 3297 .
924 3264 1102 3300 Orientalis

227 3307 350 3349 lllyrici
363 3308 551 3343 Provincias
576 3321 675 3353 nuper
692 3309 734 3345 ab
744 3311 857 3347 Attico
869 3313 1102 3350 Constantino-

230 3356 379 3399 politano
415 3358 582 3402 Episcopo
630 3361 888 3406 circumscriptus
925 3363 1101 3406 Imperator

232 3406 437 3442 Theodosius
457 3408 531 3443 Sedi
557 3409 716 3449 Romanae
737 3411 910 3448 abstulerat
927 3438 944 3455 ,,
963 3407 1102 3453 &trau-¹

329 3457 435 3498 Christ.
449 3462 529 3502 Lupi
540 3464 637 3502 Opera
648 3463 672 3491 T
673 3466 782 3494 omVI.

1147 266 1305 301 civitatis.
1332 266 1426 300 Istius
1437 266 1737 302 Canonisauetores
1750 271 1927 315 Episcopi,
1948 272 2028 306 licet

1148 315 1233 351 varie
1255 316 1464 357 excesserint,
1494 315 1584 353 hunc
1607 325 1717 351 tamen
1742 319 1854 353 funem
1876 333 1940 355 non
1955 332 2029 365 praez

1148 367 1349 411 sumpserunt
1359 376 1482 401 tentare
1496 392 1503 399 .
1532 367 1634 401 Erant
1644 377 1804 402 memores
1823 369 1956 412 Nicenae
1967 372 2029 415 Sy*

1149 417 1229 452 nodi
1253 441 1264 458 ,
1290 427 1361 460 quat
1377 416 1468 460 super
1494 416 1682 451 Romanam
1711 416 1910 452 Cathedram
1940 419 2027 454 nihil

1148 467 1212 501 suit
1235 468 1310 501 ausa
1330 467 1548 507 constituere,
1574 467 1676 501 sciens
1687 466 1735 501 illi
1747 468 1859 501 omnia
1879 472 2030 503 concessa.

1149 519 1166 550 ὲ
1178 516 1328 551 Domino
1342 541 1350 548 .
1377 515 1519 551 Proinde
1532 518 1674 560 primus,
1700 517 1755 561 qui
1779 517 1918 561 Papatus
1929 519 2029 551 trans-

1150 568 1310 605 lationem
1350 566 1487 613 grarrire
1508 567 1704 611 praesumpsit
1726 590 1737 606 ,
1762 567 1828 601 fuit
1847 566 2028 601 schismatis

1150 619 1261 652 auster
1282 614 1439 652 Photius.
1466 616 1570 667 Quod
1591 616 1720 652 abunde
1740 618 1909 653 ostensum
1928 616 1973 652 est
1986 616 2027 651 ad

1151 666 1323 711 Synodum
1335 668 1480 701 otiiavam
1494 692 1501 702 .

1200 718 1321 752 Tertio
1343 718 1460 752 falsum
1479 716 1523 750 est
1543 716 1632 761 quod
1647 717 1784 752 Roberti
1797 743 1807 759 ,
1833 730 1900 762 quo
1925 719 2032 762 ipsum

1150 766 1208 801 fibi
1219 767 1433 808 conciliaret,
1460 768 1639 812 progressus
1660 767 1818 810 adjuverit
1829 769 2031 812 Gregorius}

1154 817 1254 851 Aliud
1267 828 1334 850 non
1355 818 1455 858 fecit,
1481 828 1580 860 quam
1606 817 1695 861 quod
1711 818 1863 851 continet
1885 818 1951 851 haec
1976 818 2034 851 be-

1155 867 1263 900 neficii
1286 868 1447 901 formula:
1474 870 1539 911 Ego
1551 870 1706 912 Gregorius
1730 871 1817 909 Papa
1840 867 1961 910 investio
1981 875 2031 905 te,

1153 915 1275 954 Roberte
1302 919 1375 949 Dux
1397 941 1408 957 ‚
1434 919 1471 950 de
1497 927 1578 950 terra
1604 942 1615 957 ,
1641 929 1729 961 quam
1759 919 1814 951 tibi
1839 918 2030 960 concesserunt

1152 965 1341 1008 Anteceffores
1353 972 1409 999 mei
1415 965 1532 1008 sanc‘lae
1542 974 1690 1002 memoriae
1700 970 1845 1001 Nicolaus
1857 970 1891 1001 (ν
1903 969 2035 1000 Alexan·

1152 1018 1207 1050 der
1217 1041 1224 1047 .
1255 1018 1302 1047 De
1311 1017 1364 1048 illa
1376 1025 1476 1050 autem
1491 1025 1573 1050 terra
1587 1043 1597 1058 ,
1622 1029 1711 1060 quam
1720 1018 1826 1059 injuste
1839 1028 1921 1051 tenes
1935 1043 1945 1058 ,
1961 1016 2033 1059 ficut

1152 1065 1190 1107 est
1215 1066 1369 1098 salernum
1380 1089 1391 1106 ,
1416 1067 1450 1099 &
1464 1066 1622 1108 Amalphia
1633 1091 1644 1108 ‚
1670 1069 1704 1101 Θ
1718 1076 1795 1109 pars
1810 1067 1952 1102 Marchiae
1963 1070 2036 1099 Fir-

1153 1126 1251 1149 manae
1263 1139 1273 1155 ,
1301 1125 1377 1148 nunc
1398 1124 1427 1148 te
1434 1121 1583 1156 patienter
1590 1116 1715 1159 sustineo
1735 1123 1768 1150 in
1791 1119 1966 1161 confidentia
1978 1120 2035 1150 Dei

1154 1170 1371 1207 omnipotentis
1382 1190 1392 1205 ,
1418 1168 1453 1199 <5
1465 1174 1526 1199 tuae
1538 1166 1682 1199 bonitatis
1696 1191 1707 1208 ‚
1731 1177 1764 1200 ut
1773 1177 1807 1200 tu
1815 1168 1913 1209 postea
1926 1169 2035 1202 exinde

1153 1217 1195 1248 ad
1206 1215 1340 1249 bonorem
1353 1218 1409 1248 Dei
1432 1217 1466 1248 (⁶5
1479 1215 1580 1248 sanavi
1600 1219 1686 1250 Petri
1706 1222 1790 1250 itate
1809 1217 1920 1251 habeas
1934 1243 1943 1257 ‚
1964 1215 2033 1258 stiur

1154 1267 1188 1299 <a
1213 1275 1242 1299 te
1265 1276 1371 1310 agere,
1396 1265 1431 1298 ό·
1454 1276 1500 1298 me
1517 1264 1663 1309 susi-ipen
1688 1267 1769 1300 decet
1792 1291 1802 1308 ,
1822 1267 1885 1309 fine
1907 1268 2044 1309 periculo-

1155 1321 1265 1350 animae
1275 1323 1335 1351 tuae
1346 1317 1380 1350 o·
1390 1326 1462 1348 meae
1474 1340 1481 1348 .
1511 1316 1554 1350 Et
1567 1317 1668 1359 ipsum
1681 1316 1859 1351 obstrinxit
1869 1317 1910 1350 ad
1923 1328 2038 1350 annuo

1155 1367 1253 1401 censu
1266 1364 1485 1408 profitendum
1494 1365 1691 1401 beneficium
1712 1391 1720 1400 .
1745 1368 1872 1401 Omnes
1885 1366 2038 1401 novimus

1157 1416 1338 1451 Robertum
1363 1415 1456 1451 fuisse
1482 1416 1684 1458 invasorem,
1712 1416 1899 1460 ejustamen
1914 1416 2039 1451 invasio

1158 1477 1223 1499 non
1245 1465 1349 1499 caruit
1370 1464 1561 1505 coloribus,
1588 1466 1692 1500 immo
1714 1478 1774 1500 nec
1796 1466 2037 1503 fundamentis.

1156 1515 1271 1551 Primo
1290 1514 1378 1550 enim
1400 1518 1577 1552 Saracenos
1597 1517 1632 1551 <Sc
1654 1517 1806 1556 Graecos,
1834 1528 1916 1561 quos
1939 1519 2040 1560 usque

1157 1576 1235 1600 tunc
1258 1566 1444 1601 Germanici
1470 1568 1684 1612 Imperatores
1707 1567 1867 1611 expellere
1894 1578 1962 1602 non
1984 1578 2041 1610 po-

1158 1627 1284 1651 tuerant
1295 1640 1306 1657 ,
1331 1618 1398 1661 ipse
1411 1618 1538 1662 expulit
1560 1629 1600 1652 ex
1613 1628 1749 1661 utraque
1762 1617 1873 1652 Sicilia
1884 1644 1891 1651 .
1922 1618 2041 1652 Secun-

1157 1667 1224 1707 do,
1249 1678 1364 1701 omnes
1388 1667 1457 1701 illic
1471 1667 1630 1702 Ecclefias
1644 1692 1654 1708 ,
1680 1679 1759 1710 quas
1780 1668 1957 1711 Imperator
1969 1667 2044 1700 Leo

1159 1716 1282 1751 isaurus
1305 1718 1339 1751 in
1353 1716 1504 1761 Episcopi
1517 1717 1879 1761 Constantinopolitani
1904 1716 2043 1751 Patriar-

1158 1766 1288 1801 chicam
1316 1767 1509 1810 potestatem
1549 1766 1747 1809 iniquiffime
1783 1767 2043 1811 transcripserat,

1161 1817 1299 1851 reddidit
1320 1817 1478 1852 Romanas
1501 1818 1664 1855 Ecclesiae.
1694 1817 1836 1857 Tertio,
1862 1817 1951 1852 idem
1978 1817 2045 1860 spe-

1160 1866 1288 1901 rabatur
1311 1868 1450 1902 facturus
1473 1866 1514 1901 de
1528 1867 1650 1902 ibidem
1672 1879 1726 1910 per
1737 1868 1880 1902 eundem
1894 1868 2044 1901 Leonem

1162 1917 1276 1951 invasis
1303 1917 1462 1952 Romanae
1491 1918 1637 1952 Ecelefiae
1663 1918 1878 1952 Patrimoniis
1905 1944 1912 1950 .
1951 1918 2046 1951 Hinc

1161 1967 1240 2011 ergo
1250 1968 1431 2001 certasillic
1445 1979 1560 2007 terras,
1588 1979 1656 2012 quae
1670 1980 1786 2003 omnes
1806 1967 1990 2011 spectabant
2003 1965 2049 2001 ad

1163 2017 1392 2061 Apostolicam
1416 2019 1552 2059 sedern,
1580 2019 1740 2053 Nicolaus
1763 2019 1921 2052 secundus
1942 2019 1977 2052 δε
2002 2019 2047 2051 se·

1162 2067 1288 2101 cundus
1299 2067 1488 2101 Alexander
1506 2068 1558 2111 ipsi
1573 2068 1734 2103 dederunt
1747 2070 1781 2102 in
1806 2069 1960 2102 feudum.
1988 2066 2046 2102 Ob

1164 2117 1271 2150 invasa
1297 2117 1402 2150 Sancti
1424 2117 1536 2155 Petri,
1563 2119 1743 2154 &aliarum
1769 2119 1984 2152 Ecclefiarum
2006 2129 2045 2151 ac

1163 2165 1441 2200 Monasteriorum
1478 2167 1649 2210 singularia
1700 2169 1898 2210 patrimonia
1935 2167 2044 2201 noster

1164 2216 1347 2260 Gregorius
1372 2216 1477 2259 ipsum
1506 2228 1572 2249 non
1596 2217 1692 2251 semel
1720 2217 2042 2250 excommunicavit.

1162 2266 1317 2300 Tandem
1331 2276 1439 2300 tamen
1465 2264 1640 2301 humiliato
1654 2268 1862 2301 confirmavit
1881 2268 2045 2310 praefaium

1164 2316 1413 2350 Antecefforum
1438 2315 1655 2351 beneficium:
1683 2316 1889 2351 AbHenrici
1911 2318 2048 2360 impera-

1163 2366 1243 2399 toris
1257 2366 1414 2400 violentia
1435 2367 1622 2410 compulsus
1637 2392 1645 2399 .

1212 2415 1364 2463 Qarto,
1393 2416 1509 2451 falsum
1531 2417 1599 2458 est,
1624 2416 1713 2461 quod
1731 2418 1900 2453 -Robertus
1921 2419 2047 2463 Grego-

1162 2466 1247 2500 rium
1262 2468 1295 2499 in
1308 2466 1425 2501 Sedem
1444 2467 1643 2510 reposuerit.
1675 2470 1779 2511 Ipsum
1802 2470 1892 2503 enim
1915 2481 1955 2503 ex
1978 2469 2046 2502 Ro-

1164 2528 1266 2550 manae
1291 2517 1378 2550 urbis
1401 2516 1580 2551 rebellione
1603 2530 1641 2552 ae
1663 2519 1815 2561 periculis
1840 2520 1978 2563 eripuit,
2005 2530 2043 2552 ac

1163 2565 1344 2609 deportavit
1372 2568 1405 2601 in
1430 2568 1618 2601 Caffinense
1640 2569 1897 2603 Monasterium.
1925 2569 1987 2602 Rei
2003 2570 2044 2602 se·

1165 2617 1243 2649 riem
1257 2617 1395 2658 exponit
1418 2616 1615 2650 Bettholdus
1629 2618 1909 2653 Constantieniis:
1937 2618 2045 2652 Rober-

1164 2675 1211 2699 tus
1236 2664 1418 2708 Gulscardus
1442 2691 1452 2705 ,
1480 2670 1552 2699 Dux
1580 2672 1836 2700 Nortmannorum
1862 2693 1872 2707 ,
1898 2674 1930 2700 in
1948 2667 2045 2711 servi-

1164 2722 1237 2752 tium
1250 2719 1269 2749 5
1271 2716 1352 2747 anffl
1364 2718 1447 2748 Petri
1455 2716 1515 2757 post
1529 2717 1688 2750 Kalendas
1702 2721 1776 2750 Mati
1787 2722 1912 2754 Romam
1923 2728 2044 2751 armata

1163 2777 1253 2798 manu
1261 2764 1394 2806 invasit,
1411 2764 1574 2808 fugatoque
1601 2772 1722 2800 Henrico
1735 2777 1828 2800 totam
1850 2770 1950 2801 urbem
1972 2772 2044 2802 Gre-

1158 2822 1240 2859 gorio
1255 2818 1349 2856 Papae
1367 2816 1502 2850 rebellem
1521 2823 1644 2857 penitus
1666 2816 1869 2860 exspoliavit,
1897 2820 1930 2852 (ν’
1952 2821 2044 2859 majo<

1163 2877 1226 2899 rem
1253 2868 1317 2906 ejus
1326 2873 1447 2907 partem
1467 2871 1534 2909 Igne
1555 2865 1743 2910 consumpfit,
1770 2871 1801 2901 eo
1814 2870 1895 2910 quod
1915 2872 2042 2901 Romani

1162 2917 1319 2958 quemdam
1340 2916 1403 2955 ejus
1432 2919 1555 2949 militem
1574 2919 1833 2951 vulneraverunt.
1862 2920 1977 2951 Deinde*
1995 2929 2042 2950 ae-

1162 2972 1251 3007 ceptls
1274 2964 1418 3006 obsidibus
1438 2967 1458 2998 ἃ
1479 2970 1621 3000 Romanis
1648 2992 1658 3006 ,
1685 2970 1720 3001 (5
1744 2974 1775 3000 in
1798 2968 1919 3008 Castello
1940 2968 2040 3001 Sam‘li

1163 3016 1263 3059 Angeli
1287 3013 1450 3057 reservatis
1476 3041 1485 3056 ,
1514 3015 1574 3058 ipse
1600 3019 1645 3050 ad
1673 3020 1906 3059 recuperandam
1931 3027 2040 3050 terram

1163 3066 1263 3098 sanavi
1286 3067 1369 3099 Petri
1385 3064 1555 3108 reversurus
1579 3091 1589 3106 ,
1616 3073 1648 3100 in
1673 3067 1757 3100 brevi
1777 3069 1909 3109 plurima
1927 3067 2041 3107 castella

1162 3118 1196 3149 (τ
1207 3120 1345 3148 civitates
1362 3119 1483 3147 Domino
1494 3119 1586 3158 Papae
1599 3125 1787 3159 recuperavit
1800 3142 1807 3148 .
1837 3122 1978 3150 Hem-icus
1989 3128 2041 3149 au-

1162 3177 1221 3197 tem
1232 3165 1356 3198 Roberto
1374 3164 1493 3206 resistere
1514 3178 1571 3199 non
1583 3169 1689 3201 valens
1703 3191 1713 3206 ‚
1740 3168 1784 3199 ad
1798 3175 1904 3209 partes
1917 3168 2039 3200 Tbeuto-

1163 3221 1291 3248 nieorum
1310 3213 1571 3257 satisfesttnanter
1593 3222 1776 3252 revertitur.
1804 3217 1963 3251 Lucidius
1983 3229 2041 3251 ex·

1164 3264 1256 3308 ponit
1281 3264 1315 3297 in
1340 3264 1532 3299 Caffinenfis
1555 3267 1749 3301 Monaflerii
1774 3267 1945 3301 Chronico
1967 3267 2039 3302 Leo

1165 3315 1348 3348 Hostienfis
1362 3315 1560 3358 Episcopus:
1584 3321 1722 3350 Hem-icus
1738 3321 1900 3357 Imperator
1911 3321 2039 3351 Romam

2063 2708 2096 2736 A·
2117 2710 2198 2742 1384.

1162 3376 1225 3398 cum
1249 3369 1378 3398 exercitu
1404 3371 1486 3398 vemt
1507 3390 1518 3406 ‚
1555 3367 1589 3400 (ν’
1613 3366 1730 3408 Papam
1758 3369 1928 3410 Gregorium
1951 3394 1962 3409 ,
1989 3374 2039 3410 qui
2056 3357 2212 3392 L.3.'c.52.

1163 3422 1194 3449 in
1231 3426 1327 3449 arcem
1363 3415 1464 3450 sunm
1491 3418 1600 3500 Anggll}
1627 3415 1661 3460 se
1695 3418 1856 3452 contulerat
1891 3445 1902 3460 ‚

1653 3478 1670 3515 3

1940 3424 2033 3452 variis

1885 3465 1990 3502 bellicis
