2352 3756
633 115 923 147 SEPTIMUM
957 98 1263 144 Romnum
1299 98 1680 145 Concrmum.

255 196 402 230 &anima
426 191 502 224 tilius
524 191 541 224 ὲ
561 188 674 223 diaboli
698 186 833 221 manibus
857 185 1022 226 liberatur,
1048 185 1083 218 (a
1097 185 1135 228 fit

253 254 367 286 compos
383 239 653 284 vitaesempiternae
668 263 679 280 ,
707 248 860 280 nunquam
869 237 1030 270 occidentis
1040 236 1111 267 lucis
1123 259 1133 275 ,

253 307 289 329 ac
297 295 414 327 laetitiae
425 303 490 334 quae
500 290 599 325 verbis
623 301 681 322 non
703 287 798 330 potest
819 292 966 328 exprimi.
993 285 1134 319 Excom-

252 345 499 380 municatorum
535 339 730 375 cadaverum
758 336 845 372 foeda
870 335 1041 380 integritas
1066 344 1134 368 erat

253 403 333 429 tunc
354 392 441 437 apud
464 391 596 426 Graecos
621 388 704 424 adeo
728 385 892 422 ordinaria
923 409 935 426 ,
960 394 996 419 ut
1022 395 1133 419 eorum

253 444 424 479 diflolutio
446 442 524 475 effer
548 437 738 475 admirabile
762 437 796 471 &
821 444 1037 479 extravagans
1064 445 1135 478 por-

253 503 404 529 tentum.
433 489 539 524 Porro
564 489 653 534 quod
676 486 925 522 dissolutionem
953 496 1011 528 pro
1038 484 1135 517 firmo

253 554 376 577 mternae
394 539 640 578 damnationis,
665 537 787 572 foedam
814 545 922 569 autem
943 533 1133 568 cadaverum

254 591 478 636 integritatem
515 601 573 632 pro
610 586 783 631 superstitis
820 586 885 628 spei
911 584 1005 628 figno
1031 583 1134 617 Graeci

251 640 418 682 habeant,
444 640 600 674 fundatur
626 639 662 671 in
688 636 755 671 alio
780 635 924 678 ipsorum
946 635 1135 678 Dogmate,

251 703 321 736 quo
343 702 397 735 per
422 689 600 733 impensam
623 686 866 721 absolutionem
891 708 903 724 ,
927 693 992 727 qua
1019 682 1133 715 vident

252 740 390 775 cadaver
412 739 552 778 resolvi,
579 737 716 772 credunt
740 735 839 769 etiam
863 734 1009 768 animam
1036 732 1054 765 a
1080 742 1134 775 ge·

253 788 446 824 hennalibus
458 787 599 821 flammis
611 785 737 820 liberari
750 809 757 816 .
772 782 876 826 Qod
890 783 1023 826 Dogma
1035 782 1134 815 etiarn

251 839 338 882 apud
360 837 448 881 ipsos
469 835 515 870 est
535 833 678 869 omnino
704 843 853 873 novum,
879 831 1022 874 ideoque
1049 830 1136 874 ipso-

250 898 325 923 rum
339 885 550 921 schismaticis
560 883 721 919 erroribus
734 879 1017 917 adnumerandum
1031 905 1038 913 .
1066 881 1136 914 Foe-

253 937 328 971 dam
356 938 434 971 item
471 935 700 970 defunstorum
730 933 765 966 in
792 931 1136 966 excommunicatione

253 987 448 1022 cadaverum
472 984 694 1029 integritatem
707 982 817 1016 nullus
830 982 973 1025 ipsorum
982 982 1136 1024 antiquus

252 1036 349 1070 Pater
371 1045 551 1069 memorat.-
578 1033 673 1067 lstius
688 1033 732 1066 rei
745 1033 841 1076 origo
854 1032 1040 1075 ignoratur.
1068 1030 1137 1065 Ad—

252 1086 367 1121 duetus
388 1085 641 1119 Nonio-Canon
668 1082 838 1125 profitetur
865 1081 968 1124 ipsam
993 1092 1060 1114 non
1073 1081 1136 1114 effe

251 1135 466 1170 universalem
488 1134 584 1167 omni
613 1130 1017 1176 istiusgeneriscadaveri.
1047 1130 1134 1163 Nam

250 1187 284 1220 ὃ(
310 1185 430 1227 Cyrilli
453 1183 589 1217 Lucaris
611 1180 804 1216 Patriarchae
827 1179 1136 1222 Constantinopoli-

250 1236 321 1270 tani
344 1259 355 1275 ‚
382 1236 417 1268 in
442 1234 574 1277 peffima
599 1230 950 1266 excommunicatione
976 1240 1012 1262 ac
1040 1230 1133 1263 male-

249 1285 396 1319 dictione
422 1282 591 1322 defuncti,
618 1281 755 1316 cadaver
781 1279 844 1313 fuit
869 1279 981 1314 statim
1005 1278 1134 1313 dissolu-

249 1345 324 1369 tum
336 1360 343 1367 .

300 1380 559 1426 Christophorus
581 1379 734 1424 Angelus
758 1379 792 1413 in
812 1389 908 1422 opere
919 1377 960 1412 de
974 1378 1134 1412 recentio-

248 1444 321 1467 rum
343 1433 531 1466 Graecorum
544 1431 690 1464 moribus
702 1429 838 1463 affirmat
850 1429 970 1462 foedam
982 1428 1074 1462 istam
1087 1429 1133 1461 in-

246 1483 439 1528 tegritatem
451 1481 623 1514 memorari
645 1479 686 1513 ab
713 1480 851 1522 antiquo
871 1478 1040 1512 Historico
1062 1478 1134 1511 Cas·

247 1533 354 1566 liano.
381 1530 551 1564 Caffianus
564 1529 609 1563 est
623 1529 750 1563 Graecus
760 1527 915 1571 antiquus
925 1527 1113 1561 Histoi-icus
1124 1553 1134 1568 ,

248 1583 414 1624 refertque
435 1580 613 1621 aliquando
640 1578 862 1622 particularem
874 1577 1046 1620 Synodum
1060 1589 1134 1611 cen-

249 1639 323 1665 tum
346 1630 586 1673 Episcoporum
607 1629 701 1661 fuisse
721 1629 889 1667 coaciam,
916 1625 998 1660 reste
1021 1638 1134 1660 omnes

246 1680 317 1716 una
339 1680 531 1714 consensisse
553 1688 663 1722 praeter
680 1688 805 1715 unum,
835 1674 923 1709 hunc
951 1677 1044 1709 fuisse
1067 1687 1132 1718 per-

250 1729 375 1764 cussum
397 1728 623 1766 anathemate,
649 1728 681 1760 in
697 1726 764 1768 ipso
776 1725 965 1759 defunctum
981 1750 992 1765 ,
1017 1725 1050 1758 &
1065 1724 1131 1767 ejus

250 1780 386 1814 cadaver
408 1778 552 1812 manfiffe
574 1777 673 1810 instar
696 1777 770 1809 ferri
782 1775 921 1820 ligatum
933 1786 989 1818 per
999 1784 1132 1809 centum

250 1840 357 1865 annos
379 1854 386 1861 .
415 1829 481 1862 His
499 1827 610 1870 elapfis
640 1825 758 1860 eodem
779 1825 814 1858 in
840 1825 916 1858 loco
940 1824 1033 1857 fuisse
1053 1825 1133 1857 cele-

249 1879 375 1914 bratam
396 1878 496 1911 aliam
517 1876 659 1911 totidem
683 1875 921 1918 Episcoporum
934 1874 1105 1916 Synodum
1119 1898 1130 1914 ,

248 1930 286 1963 ὃς
307 1926 368 1962 hos
377 1927 433 1961 fibi
446 1926 565 1960 mutuo
579 1925 717 1959 dixisse:
746 1923 945 1957 Anatha-mate
968 1924 1044 1956 icius
1056 1926 1131 1965 Epi-

245 1978 351 2023 scopus
366 1983 400 2011 in
419 1975 579 2017 Ecclesiam
596 1980 734 2017 peccavit
755 1999 766 2015 ,
808 1976 840 2008 (9⁴
865 1978 1128 2007 excommunicavit

248 2027 346 2070 ipsum
366 2025 492 2066 Ecclesia
517 2038 530 2067 ,·
570 2030 638 2057 Nos
664 2034 774 2065 quoque
797 2022 926 2064 Ecclesia
944 2022 1070 2065 sumus,
1096 2024 1130 2057 (θ’

249 2079 443 2111 condonemus
462 2075 527 2115 illi,
553 2074 617 2107 cum
639 2072 798 2105 humanum
814 2071 853 2112 fit
871 2081 1014 2113 peccare,
1040 2074 1074 2106 ὦ*
1088 2071 1129 2113 fic

249 2138 316 2161 eum
341 2123 490 2168 absolvisse
513 2147 525 2164 ,
561 2124 594 2156 (⁵5
612 2123 745 2165 peractis
759 2120 1050 2164 supplicationibus,
1075 2128 1127 2163 qui

245 2185 305 2220 per
324 2185 441 2209 centum
464 2184 559 2207 annos
584 2172 727 2216 insolutus
749 2169 977 2214 permanserat,
1003 2178 1035 2204 in
1058 2173 1130 2213 pul-

249 2236 352 2259 verem
374 2224 492 2266 abiiffe.
518 2223 660 2265 Antiqui
683 2221 845 2255 Historici
859 2221 1125 2256 Caffianimemi-

248 2275 301 2310 nit
311 2275 348 2309 in
359 2273 534 2308 Clemente
545 2270 774 2305 Alexandrino
796 2270 903 2304 Sancti
919 2270 1120 2314 Hieronymi

249 2324 419 2367 catalogus
445 2322 485 2356 de
511 2320 730 2364 Scriptoribus
761 2321 988 2354 Ecclefiassicis
1010 2332 1017 2352 :
1055 2321 1121 2354 cie-

250 2385 331 2407 mens
357 2377 492 2414 meminit
514 2372 642 2411 Caffiani
662 2369 817 2414 cujusdam
838 2369 1120 2414 chronographias,

251 2425 332 2468 quod
339 2421 456 2465 opuftul
474 2426 650 2455 minvenire
670 2432 727 2454 non
744 2426 844 2462 potui.
871 2421 905 2454 Si
929 2419 1017 2454 hunc
1045 2420 1119 2455 Cas-

249 2476 374 2507 sianum
397 2472 448 2505 lau
474 2482 505 2505 et
527 2470 780 2514 Christophorus
801 2471 968 2514 Angelus,
998 2471 1031 2503 in
1055 2481 1118 2513 qua

249 2520 457 2557 Bibliotheca
477 2521 593 2563 reperit
613 2520 698 2554 istud
721 2520 936 2563 opusculum?
964 2521 1061 2554 Recte
1072 2530 1118 2554 ta·

248 2584 326 2608 men
348 2570 459 2606 scribit
481 2569 541 2603 ista
568 2569 722 2603 cadavera
743 2571 804 2603 effe
824 2570 901 2603 dura
913 2569 1012 2603 instar
1023 2571 1115 2604 ferri.

246 2621 465 2657 Hor-rendum
499 2619 613 2653 fimilis
650 2620 684 2651 in
711 2628 834 2660 reperto
860 2619 945 2662 apud
974 2619 1115 2655 Insulam

245 2672 375 2706 Chium
395 2670 550 2704 cadavere
570 2669 699 2703 duritiei
715 2668 902 2711 exemplum
924 2669 1018 2702 refert
1041 2681 1112 2705 ocu·

243 2723 333 2756 latus
353 2719 441 2755 testis
465 2719 535 2753 Leo
558 2718 701 2752 Allatius
725 2719 757 2752 in
772 2718 915 2760 Epistola
926 2717 965 2751 ad
977 2719 1113 2754 Paulum

246 2770 424 2807 Zacchiam
446 2769 487 2803 de
507 2768 699 2810 quibusdam
722 2766 953 2801 modernorum
990 2769 1114 2803 Graeco·

245 2834 318 2857 rum
341 2818 588 2864 opinationibus
609 2843 616 2851 .
655 2818 764 2852 Addit
787 2829 894 2851 tamen
917 2818 949 2850 se
973 2819 1112 2861 nescire,

247 2884 288 2906 an
305 2871 401 2905 fuerit
421 2868 703 2903 excommunicati
723 2868 860 2901 cadaver
880 2892 887 2898 .
919 2867 961 2900 Et
986 2871 1088 2913 pergit
1105 2883 1111 2903 :

246 2921 314 2964 Ipse
334 2919 410 2953 nibil
418 2919 476 2952 tale
486 2917 603 2961 uspiam
613 2923 645 2950 in
656 2921 773 2951 Graecia
784 2915 861 2950 vidi.
890 2918 1000 2950 Audivi
1012 2928 1111 2952 tamen

241 2970 355 3015 saepius
371 2968 408 3000 ab
422 2967 577 3009 Athanafio
587 2965 876 3008 imbriMetropoiua
887 2991 896 3007 ,
923 2967 1111 3010 bominefru-

240 3027 296 3064 gi,
323 3020 357 3052 ὁ·
377 3022 426 3060 qui
451 3028 510 3050 rem
527 3017 646 3058 fallam
667 3019 817 3051 mendacio
840 3028 896 3049 non
917 3018 1111 3062 contaminas-

240 3069 309 3114 set,
336 3079 400 3101 cum
411 3066 660 3108 Ibafimoraretur
681 3073 712 3099 in
734 3073 848 3111 regione
868 3066 1001 3110 Theologi
1022 3077 1110 3103 exem

242 3120 345 3154 urbem
366 3122 398 3149 in
418 3116 543 3157 Ecclesia
562 3117 664 3150 sancit
677 3120 815 3161 Georgii,
841 3125 991 3150 exoratum
1004 3119 1024 3148 ci
1037 3123 1109 3152 civi-

242 3170 322 3208 bus,
348 3176 380 3199 ut
393 3164 482 3208 super
505 3168 680 3206 cadavera,
705 3179 771 3208 quae
782 3167 889 3199 ibidem
898 3167 1039 3209 pleraque
1048 3179 1108 3201 con·

236 3218 438 3263 spiciebantur
459 3216 624 3258 indissoluta
644 3238 655 3253 ‚
680 3220 982 3249 excommunicationis
1002 3208 1108 3259 absolu-

242 3275 351 3303 tionem
371 3270 531 3304 recitaret,
557 3276 664 3299 morem
680 3266 780 3309 geffiffi’
802 3291 812 3306 ,
839 3267 999 3307 nequedum
1019 3266 1109 3308 finita

240 3318 416 3362 absolutione
437 3316 589 3348 cadavera
607 3326 642 3347 ea
661 3321 761 3348 omnia
779 3320 810 3348 in
823 3318 979 3357 pulverem
991 3316 1105 3360 abiisse.

241 3368 397 3411 Reflrebat
423 3366 504 3399 idem
539 3364 724 3404 Constantini
749 3364 903 3408 cujusdam
929 3376 1107 3409 cognomento

338 3415 443 3458 christ.
457 3419 535 3457 Lupi
546 3419 645 3457 Opera
658 3417 740 3449 T.V1.

1901 116 1998 161 257

1198 187 1318 225 Rezepii
1337 207 1348 224 ‚
1386 187 1438 225 qui
1461 194 1499 215 ex
1526 187 1619 216 Turca
1639 185 1752 225 cbristo
1774 190 1889 220 nomina
1915 188 2059 228 dederat,

1199 235 1279 277 quod
1298 237 1398 266 vitam
1421 237 1538 266 viveret
1558 235 1689 266 omnibus
1708 235 1831 278 flagitiis
1849 243 2057 279 inquinatam,

1199 288 1433 319 excommunicati
1451 283 1581 315 cadaver
1599 285 1776 316 tumulatum
1790 285 1873 327 fuisse
1893 293 1924 319 in
1936 285 2060 328 Ecclefia

1199 334 1370 368 sanctorum
1394 335 1480 367 Petri
1498 333 1533 365 (9*
1554 331 1646 364 Pauli
1657 337 1787 364 nationis
1800 338 1965 368 Graecorum
1975 341 2058 370 Nea·

1195 386 1275 426 poli,
1303 385 1339 418 ὁ·
1353 391 1409 425 per
1425 385 1527 425 piures
1548 392 1638 414 annos
1659 381 1852 423 indissolutum
1862 385 2004 428 manfiffe,
2024 387 2061 420 Θ·

1198 434 1236 467 ab
1246 435 1344 479 eodem
1352 433 1448 475 postea
1458 456 1469 473 ,
1497 434 1531 466 &⁶
1543 433 1612 464 aliir
1625 432 1816 472 metropolitis
1828 432 1936 464 duobus
1946 457 1957 472 ,
1970 434 2062 468 Aiha‘

1200 484 1276 525 nasio
1298 487 1411 525 Cypri,
1436 485 1471 516 (9⁶
1497 479 1659 524 chrysanto
1681 482 1922 519 Lacea'aemonio,
1949 482 2062 515 benedi·

1198 535 1290 567 &lione
1308 533 1462 576 suboc‘lum
1476 557 1487 572 ,
1514 540 1547 564 ut
1559 534 1619 564 alia
1642 540 1820 564 mortuorum
1831 531 1980 564 cadavera
1994 533 2064 572 pul-

1199 596 1298 617 verem
1314 583 1449 625 fac‘lum.
1477 586 1522 614 Et
1535 583 1614 623 quod
1621 580 1826 614 admirabilius
1837 579 1898 621 est,
1923 581 1993 612 dum
2005 584 2068 613 Ra·

1194 633 1288 675 phael
1298 638 1330 665 in
1343 632 1555 666 Patriarchatu
1578 631 1768 673 praefideret,
1793 631 1891 663 eodem
1902 630 2062 673 afferente,

1197 690 1248 725 qui
1271 685 1362 716 alium
1373 687 1696 720 excommunicaverat,
1720 680 1819 722 posted
1833 677 1980 722 compulsu
2003 681 2067 712 da-

1197 739 1289 766 monis
1315 732 1460 773 Christum
1484 734 1602 773 ejurat,
1629 735 1869 766 excommunicati
1888 731 1955 763 licet
1977 727 2066 762 Chri·

1191 782 1282 822 stiani
1301 785 1444 816 demortui
1462 784 1594 815 cadaver
1615 780 1721 822 mansit
1732 780 1943 823 indissolutum.
1969 781 2014 813 De
2025 790 2066 813 eo-

1198 834 1263 866 dem
1285 839 1384 866 certior
1393 832 1497 875 fabius
1519 831 1719 871 patriarcba,
1746 828 1907 871 accersitum
1917 832 2064 868 Turcam,

1197 889 1250 924 qui
1271 889 1554 922 excommunicarat,
1583 890 1679 914 monet
1697 889 1730 914 ut
1740 878 2067 924 absolutionemimpar-

1198 937 1308 964 tiatur.
1336 934 1468 965 Primum
1490 934 1537 965 ille
1549 942 1688 968 renuere,
1708 930 1827 972 fac‘lum
1837 929 1995 970 detestari,
2023 932 2069 961 ni-

1198 981 1243 1014 hil
1262 982 1312 1024 effe
1335 984 1436 1015 Turcis
1467 994 1531 1015 cum
1557 981 1729 1020 Christiana
1749 982 1896 1024 Religione
1921 989 2067 1011 commune

1199 1033 1312 1071 dicere,
1340 1043 1432 1073 quare
1453 1031 1616 1070 Christiani
1638 1030 1839 1072 Chmstianum
1862 1027 2065 1071 absolverent.

1199 1083 1275 1113 cum
1298 1085 1369 1114 vcro
1386 1082 1570 1122 pertinacius
1582 1089 1775 1118 exoraretur,
1799 1080 1917 1118 obedit,
1944 1076 2068 1120 &abso-

1198 1132 1335 1163 lutionem
1353 1130 1444 1173 super
1467 1135 1747 1164 excommunicatum
1760 1134 1883 1162 recitat.
1911 1129 2068 1161 oculatum

1197 1179 1228 1220 fe
1253 1181 1349 1220 testem
1360 1179 1501 1221 fatetur,
1527 1186 1578 1221 qui
1598 1179 1732 1220 perbibet
1757 1204 1764 1211 .
1791 1182 1886 1220 Prope
1900 1177 1993 1219 finem
2018 1177 2070 1210 ab·

1198 1228 1351 1271 solutionis
1374 1242 1469 1262 tumor
1488 1231 1649 1262 cadaveris
1673 1229 1755 1273 cessat
1767 1253 1778 1268 ,
1805 1226 1839 1262 &
1859 1234 1959 1261 omm'a
1979 1233 2011 1260 in
2032 1233 2071 1261 ci-

1200 1291 1281 1313 neres
1302 1288 1527 1313 convertuntur.
1556 1283 1611 1312 Rei
1633 1283 1767 1312 novitate
1784 1282 1880 1311 Turca
1901 1284 2046 1311 attonitus
2059 1302 2071 1318 ‚

1199 1336 1273 1362 ocius
1296 1331 1339 1361 ad
1360 1330 1571 1374 Magistratum
1592 1330 1717 1362 advolat
1739 1353 1749 1368 ,
1777 1340 1838 1361 rem
1861 1333 1906 1359 uti
1922 1327 2010 1368 faHa
2034 1327 2071 1362 effi

1201 1388 1329 1419 narrat,
1357 1380 1446 1413 edicit
1467 1380 1600 1412 omnibus
1622 1390 1727 1412 veram
1738 1379 1918 1422 Religionem
1931 1376 2072 1416 Christia-

1199 1441 1269 1461 nam
1290 1453 1301 1468 ‚
1341 1441 1430 1470 quam
1451 1427 1512 1471 ipse
1528 1437 1583 1470 per
1598 1427 1745 1471 summum
1766 1428 1853 1469 nefas
1877 1426 2046 1470 deseruerat
2060 1451 2071 1467 ,

1197 1489 1262 1512 eam
1276 1477 1312 1520 se
1332 1480 1427 1512 denuo
1451 1479 1586 1520 amplecti
1612 1502 1621 1517 ‚
1649 1477 1891 1511 mahometanam
1914 1477 2069 1517 detestari.

1198 1532 1334 1561 Monetur
1360 1531 1380 1561 ti
1402 1533 1506 1562 Turcis
1532 1537 1565 1560 ut
1581 1527 1704 1570 sapiat,
1731 1540 1767 1561 ne
1791 1533 1945 1561 tormentis
1967 1526 2001 1570 se
2026 1527 2073 1560 ob-

1190 1580 1307 1617 jiciat.
1345 1579 1398 1612 lile
1422 1578 1451 1623 se
1475 1577 1676 1617 Christianum
1702 1580 1777 1612 velie
1802 1584 1874 1610 mori
1904 1580 2073 1611 contendit.

1196 1629 1284 1671 „Quid
1297 1629 1410 1669 plura?
1440 1632 1625 1662 Pertinacem
1645 1630 1844 1661 condemnant
1857 1651 1865 1658 .
1893 1631 2021 1661 Ducitur
2031 1629 2078 1659 ad

1192 1676 1364 1718 supplicium
1386 1700 1396 1714 ‚
1421 1680 1455 1711 ὠ·
1477 1678 1676 1717 Christianam
1700 1680 1878 1721 Religionem
1899 1679 2074 1719 praedicans

1195 1731 1280 1758 morti
1304 1728 1424 1758 deditur
1438 1751 1448 1765 ,
1470 1726 1582 1769 summo
1598 1725 1743 1769 supplicio
1767 1726 1936 1759 malimus.
1962 1727 2076 1769 Capti-

1194 1787 1251 1809 vos
1274 1775 1331 1809 sub
1353 1775 1496 1810 Turcica
1519 1777 1695 1819 tyrannide
1711 1774 1919 1810 Christianos
1945 1777 2074 1810 Divina

1194 1826 1322 1860 bonitas
1342 1827 1529 1859 consolatur
1548 1838 1603 1869 per
1633 1827 1712 1860 talia
1746 1826 1903 1860 miracula
1927 1852 1938 1867 ‚
1976 1827 2009 1861 r&
2038 1827 2079 1868 in,

1193 1875 1392 1920 Evangelica
1407 1876 1470 1910 fide
1481 1877 1653 1910 confirmat
1667 1901 1674 1908 .
1704 1875 1852 1919 Raphael
1864 1877 1927 1911 fuit
1940 1878 2072 1911 octavus

1191 1923 1378 1959 Patriarcha
1399 1926 1469 1968 post
1491 1926 1731 1969 captivitatem.

1241 1975 1313 2010 Nec
1325 1974 1453 2010 tantum
1465 1977 1572 2017 quoad
1592 1975 1658 2009 offa
1677 1976 1711 2009 ὅς
1731 1987 1862 2017 carnes,
1893 1976 1945 2010 sed
1969 1977 2068 2011 etiam

1189 2025 1298 2069 quoad
1320 2025 1405 2069 pilos
1422 2025 1478 2059 ista
1491 2026 1643 2060 cadavera
1655 2037 1790 2061 manent
1802 2027 1942 2070 integra.
1971 2026 2067 2060 Hinc
2086 2019 2157 2058 0³1²-
2173 2023 2222 2052 ⁸1·

1190 2076 1335 2117 praefatus
1357 2075 1608 2110 Nomo-Canon
1634 2078 1791 2119 proponit
1808 2075 1894 2111 hanc
1916 2078 2068 2119 quaestio·

1188 2135 1264 2157 nem
1278 2137 1289 2156 .-
1317 2127 1364 2156 De
1383 2132 1513 2164 mortuo,
1536 2124 1565 2163 fi
1583 2131 1738 2157 inventum
1754 2126 1853 2166 fuerit
1878 2129 1942 2165 elus
1959 2136 2063 2167 corpur

1189 2178 1355 2216 integrum,
1381 2176 1414 2207 &
1433 2174 1553 2213 prorsur
1575 2174 1694 2214 depile?
1722 2176 1765 2207 Et
1777 2175 1970 2217 respondet:
1999 2179 2063 2210 Du·

1187 2222 1279 2256 bitari
1297 2223 1390 2265 potest
1411 2232 1501 2266 atque
1520 2224 1651 2266 ambigi,
1678 2236 1720 2256 an
1745 2225 1822 2257 illud
1833 2222 1871 2264 fit
1900 2235 2062 2258 excommu-

1189 2278 1339 2312 nicatum,
1364 2284 1490 2306 annon.
1521 2273 1719 2306 Nihilominus
1746 2276 1880 2308 cadaver
1904 2277 1983 2308 illud
2008 2288 2062 2309 ex-

1188 2323 1367 2357 trahendum
1382 2323 1421 2363 est
1442 2325 1479 2357 de
1493 2321 1646 2366 sepulchro
1669 2324 1718 2356 illo
1737 2330 1770 2356 in
1791 2336 1848 2366 quo
1858 2324 1997 2367 quiescit,
2023 2327 2059 2359 <5

1184 2378 1217 2405 in
1240 2375 1300 2407 alio
1320 2375 1537 2415 reponendum.
1564 2376 1609 2404 Et
1628 2374 1692 2405 cum
1713 2375 1928 2416 aliquantulum
1949 2383 2060 2417 tempo-

1185 2428 1228 2455 ris
1254 2422 1381 2466 clausum
1395 2423 1489 2464 fuerit
1509 2446 1519 2462 ,
1538 2422 1568 2463 fi
1585 2431 1686 2464 corpus
1706 2424 1785 2457 illud
1801 2426 1966 2467 dissolutum
1992 2426 2031 2466 est
2043 2449 2056 2467 2

1183 2473 1275 2516 bene,
1296 2472 1327 2515 fi
1344 2474 1544 2515 indissolutum
1566 2471 1740 2515 remanserit
1761 2497 1772 2514 ,
1803 2474 1878 2516 scito
1903 2476 1983 2509 illud
2005 2487 2054 2508 ex-

1181 2529 1423 2557 communicatum
1444 2524 1498 2566 effe
1510 2547 1521 2564 ‚
1547 2535 1582 2556 ac
1601 2524 1732 2566 indigere
1753 2523 1949 2566 absolutione,
1975 2534 2008 2557 ut
2032 2527 2054 2557 ἃ

1183 2575 1310 2606 vinculis
1334 2578 1638 2607 excommunicationis
1649 2573 1805 2607 liberetur.
1832 2573 1939 2609 Addit
1952 2576 2053 2608 varias

1184 2632 1276 2657 notas
1302 2648 1312 2663 ,
1351 2635 1391 2656 ex
1427 2622 1544 2666 quibus
1578 2624 1929 2658 excommunicationis
1952 2625 2053 2659 etiam

1183 2672 1325 2715 qualitas
1344 2672 1576 2717 dignoscatur.-
1601 2673 1634 2704 si
1654 2678 1722 2715 quis
1737 2675 1886 2716 Praecepto
1897 2685 1951 2710 aut
1962 2676 2053 2708 male·
2066 2670 2136 2708 Cap.
2153 2674 2199 2704 73-

1181 2722 1302 2755 dic‘ltom'
1320 2722 1469 2762 obstrictus
1484 2722 1583 2763 fuerit
1595 2747 1605 2763 ,
1628 2730 1732 2763 partes
1743 2730 1908 2757 anteriores
1926 2730 2051 2766 corporis

1182 2771 1284 2804 habet.
1310 2772 1343 2804 si
1354 2779 1419 2815 quir
1430 2771 1625 2805 anathemate
1635 2771 1781 2813 u‘iusest,
1804 2779 1929 2808 citrinus
1955 2783 2053 2816 appa-

1179 2830 1244 2861 ret,
1274 2821 1434 2865 Algitisque
1448 2822 1625 2855 contrat‘lis.
1652 2825 1719 2866 ‚Qui
1743 2827 1815 2857 verb
1840 2824 1959 2856 albidus
1988 2823 2049 2864 est,

1179 2872 1224 2903 ille
1237 2874 1255 2903 ci
1261 2869 1355 2913 sacris
1366 2871 1479 2915 legibus
1490 2872 1528 2912 est
1539 2877 1800 2906 excommunicatus
1810 2897 1817 2906 .
1839 2874 1920 2921 Qae
1934 2875 2048 2907 omnia

1178 2932 1219 2955 an
1248 2920 1412 2955 subsistant
1434 2946 1446 2962 ,
1483 2923 1665 2956 Graecarum
1700 2932 1804 2957 rerum
1842 2923 2047 2967 peritioribus

1177 2971 1326 3014 relinquo
1345 2970 1599 3006 discutiendum.

1224 3020 1381 3069 Qaedam
1392 3023 1471 3055 item
1483 3022 1664 3056 istiusmodi
1676 3021 1829 3057 cadavera
1841 3033 1906 3056 non
1916 3016 2045 3058 tantum

1175 3071 1466 3116 manentintegra,
1494 3071 1547 3106 sed
1562 3073 1596 3106 δε
1618 3072 1680 3106 suis
1702 3071 1877 3115 sepulchris
1900 3083 2018 3105 exeunt
2032 3097 2043 3112 ‚

1176 3130 1337 3166 vagantur
1362 3132 1416 3165 per
1439 3122 1587 3155 civitates
1612 3122 1645 3155 &
1668 3121 1783 3161 villas,
1811 3121 1974 3164 praeserrim
2001 3122 2043 3156 de

1177 3173 1292 3210 noete,
1321 3171 1412 3205 vivos
1438 3182 1559 3206 terrent
1584 3173 1617 3206 &
1643 3170 1839 3214 quandoque
1866 3171 2042 3212 occidunt,

1175 3232 1233 3255 nec
1253 3221 1373 3255 cessant
1395 3221 1500 3255 donec
1521 3220 1837 3265 comprehendantur
1857 3223 1890 3255 ὅ(
1903 3222 2042 3255 flammis

1173 3280 1348 3305 exurantur
1368 3296 1375 3303 .
1416 3272 1589 3304 Horrenda
1623 3269 1707 3311 apud
1736 3268 1866 3315 Anglos
1890 3271 2042 3312 exempla

1172 3321 1289 3354 adduxi
1313 3320 1454 3362 superius
1470 3332 1509 3354 ex
1532 3319 1712 3354 Guilielrno
1725 3320 1938 3364 Neubrigenfi
1954 3346 1960 3354 .
1988 3321 2041 3354 De

1172 3369 1257 3404 hisce
1291 3370 1477 3404 Graecorum
1504 3369 1709 3406 cadaveribus
1742 3369 1846 3405 scribit
1870 3371 1905 3409 in
1931 3370 2040 3406 lauda-

1655 3418 1688 3451 Y
1742 3431 1758 3467 3
1956 3431 1989 3454 ra
