2372 3756
361 129 389 160 2
399 129 423 160 2
434 129 459 159 2

292 194 406 232 ceffibus
434 218 445 233 ‚

658 111 699 155 S.
737 108 1056 155 Gnaeonn
1093 123 1330 152 εεΡτιΜι
1369 109 1728 158 Pon-siricis

475 189 717 226 eonvenientibus
744 188 941 223 Hierarcbicis
970 215 980 229 ‚
1005 186 1171 230 cunc'lzsque
1233 188 1444 223 Vifitatorem
1456 194 1605 235 expreffit
1618 195 1754 229 Sanetus
1768 194 1980 234 Ambrosius:
2008 200 2109 235 Eccle-
2128 200 2176 239 Ep.
2202 209 2247 238 ¹9·

291 247 374 278 Cleri
396 243 597 282 Primoribus‚
624 245 714 283 alque
739 246 771 272 in
788 249 832 274 tut
841 238 1006 284 praescntta
1029 243 1170 272 Inventa·
1224 238 1300 279 fiam
1315 263 1325 279 ,
1354 251 1420 280 quae
1440 242 1478 281 est
1489 244 1535 274 ad
1545 246 1820 286 Forum-Cornelii,
1847 248 1962 291 invisas
1966 251 2110 294 frequen-

292 301 369 330 rium
381 292 513 336 Ecclefiae
523 304 622 327 rerum
625 290 811 334 facientibus
823 315 833 331 ,
860 295 958 322 omnia
969 301 1040 332 quae
1052 297 1170 330 reperta

119 349 151 378 L
161 357 190 384 3·
205 348 254 385 Ep.
285 345 406 389 suerint
413 342 566 389 subtiliter
580 341 796 389 describantur.
826 341 981 376 Romana
994 338 1168 372 Provincia

122 397 167 420 ¹¹·
291 407 331 431 ac
357 393 604 438 Metropolitica
629 391 800 425 Pontificis
826 389 972 424 Potestas
997 388 1080 422 olim
1105 387 1169 422 fuit

291 444 463 480 vastissima
490 469 497 475 .
526 444 567 479 Ei
593 454 662 476 non
689 440 793 475 solnm
820 437 1001 481 Campania
1036 438 1170 476 omnis,

284 495 416 539 *Apulia
429 504 527 538 atque
548 492 700 527 Calabria
716 489 884 531 suberant,
910 489 962 522 sed
986 489 1020 523 ἃ
1034 487 1166 520 Sicilia.

290 547 387 581 Hinc
406 546 476 581 suas
494 543 589 583 istic,
618 553 685 575 non
709 538 939 583 Apostolicas,
968 537 1022 571 sed
1044 536 1170 571 Metro—

290 596 446 642 politicas
461 595 545 628 vices
555 590 767 627 Maximiano
791 589 953 634 delegavit
967 587 1147 631 Gregorius
1163 611 1172 626 ,

289 647 458 688 voluitque
482 642 651 687 peripsum
663 641 730 675 fieri
743 640 931 674 vacantium
954 638 1170 672 Ecclefiarum

288 695 493 731 Inventaria.
522 692 569 726 At
591 689 667 725 vero
678 691 720 725 de
729 699 864 724 vacante
875 689 1065 724 Salonitana
1085 687 1169 729 apud

290 746 465 783 Dalmatas
475 742 735 786 Metropolitana
757 738 897 775 Ecclesia
909 738 1028 781 scripsit
1049 736 1089 770 ad
1103 736 1171 770 An-

291 796 425 831 tonium
438 796 530 830 suum
544 790 810 830 subdiaconum,
840 788 1026 832 Apostolici
1046 787 1170 823 ibidem

115 867 138 897 L
160 877 174 898 ὅ
205 868 256 903 Ep,
291 845 492 884 Patrimonii
519 844 689 878 Rectorem
712 852 720 872 ι
749 844 794 873 De
814 839 902 872 rebus
928 840 979 872 vel
998 846 1171 872 ornamento

117 887 163 939 Ji.
179 887 186 896 ⁶
292 895 427 938 Ecclefiae
434 895 562 938 fideliter
580 896 790 925 inventarium
794 888 895 930 facias
906 899 935 923 te
951 887 1100 934 praesente
1110 899 1172 922 con-

287 946 378 990 scribi

341 1046 497 1083 Tertium
508 1040 699 1076 Vifitatoris
718 1040 865 1075 officium
877 1040 1017 1084 exponit
1043 1038 1171 1075 laudata

291 1094 534 1131 Aurelianensis
560 1092 713 1135 Synodus
736 1104 743 1123 z
771 1094 934 1134 Episcopus
956 1115 966 1131 ‚
993 1095 1045 1132 qui
1066 1092 1110 1123 ad
1126 1088 1172 1133 se-

285 1148 461 1191 peliendum
482 1141 661 1186 Episcopum
678 1147 814 1180 venerit>
839 1145 969 1176 evocatis
989 1140 1171 1179 Presbyteris

289 1204 323 1231 in
342 1208 432 1231 unum
454 1221 465 1236 ‚
493 1196 612 1227 domum
636 1191 767 1234 Ecclefiae
786 1193 878 1226 adeat
902 1214 913 1230 ‚
938 1189 1171 1234 descriptamque

289 1250 405 1282 idoneis
425 1244 561 1290 personis
581 1242 796 1283 custodiendam
801 1239 858 1284 sub
873 1247 990 1284 integra
1014 1243 1170 1284 diligentia

290 1300 480 1343 derelinquat
493 1320 504 1336 ‚
531 1304 565 1328 ut
578 1305 624 1328 res
635 1292 770 1334 Ecclefiae
780 1292 902 1325 ullorum
913 1292 1103 1334 improbitate
1115 1302 1171 1323 non

285 1355 430 1395 pereant.
456 1344 598 1381 Mandat
626 1354 662 1377 ut
684 1342 867 1382 Vilitator,
896 1341 949 1377 seu
971 1341 1077 1384 potius
1091 1339 1171 1374 Vifi-

289 1399 406 1436 tatoris
418 1398 492 1431 vice
504 1394 686 1431 tumulator
698 1393 879 1436 Episcopus
899 1391 1066 1433 descriptis
1078 1389 1171 1425 rebus

289 1450 347 1485 det
358 1449 562 1482 OEconornos
582 1445 637 1478 seu
649 1442 811 1477 Custodes
823 1466 830 1473 .
858 1439 948 1474 Nam
970 1441 1005 1474 ὅ(
1017 1439 1081 1476 hoc
1092 1439 1172 1474 Vifi-

111 1370 186 1403 Can·
205 1371 232 1401 6.

289 1500 406 1535 tatoris
426 1496 575 1531 officium
596 1494 629 1530 ἀ
652 1491 719 1526 haec
732 1516 743 1534 ‚
768 1490 942 1529 &laudata
965 1490 1146 1525 Valentina
1159 1513 1170 1531 ‚

287 1548 465 1596 Rejensem
479 1546 634 1583 imitatae,
661 1541 788 1587 Synodi
810 1540 1028 1578 transcribunt
1053 1539 1087 1576 in
1099 1539 1167 1573 Tu·

286 1599 484 1633 mulatorem
510 1621 517 1631 .
552 1592 724 1630 Visitatori
750 1590 857 1629 reddit
883 1590 973 1639 supra
1001 1591 1167 1627 laudatum

286 1650 468 1687 Decretum
498 1644 702 1681 Caturcenfis
726 1642 876 1679 Ecclesiae
897 1666 908 1682 ,
946 1641 1167 1677 Inventarium

285 1701 355 1735 fieri
378 1696 539 1735 mandans
562 1706 618 1738 per
640 1694 851 1729 Vifitatorem
879 1692 1076 1735 Episcopum
1100 1715 1110 1730 ,
1136 1690 1169 1724 ὃ(

286 1749 489 1793 adjungens:
517 1749 597 1781 Tunc
609 1743 759 1786 prioribus
773 1744 904 1776 viduata
917 1739 1007 1785 sedes
1025 1738 1169 1783 dispofitis

286 1800 452 1837 OEconomis
476 1795 691 1833 commendetur
705 1816 712 1826 .
737 1793 830 1829 Hinc
852 1792 1012 1829 Leontius
1024 1790 1170 1827 Urbina-

286 1861 359 1887 tum
373 1848 574 1894 Episcopus,
601 1856 639 1882 ac
662 1842 872 1878 Ariminenfis
885 1841 1032 1876 Ecclefiae
1056 1840 1170 1874 Vifita·

286 1910 358 1941 tor,
388 1900 463 1935 suos
473 1896 622 1932 clericos
633 1893 766 1930 volebat
784 1892 861 1929 dare
873 1892 1093 1932 OEcouomos,
1120 1901 1168 1924 ve-

285 1952 358 1987 rum
373 1948 546 1985 interdixit
558 1946 704 1993 Magnus
716 1943 906 1988 Gregorius,
915 1943 1075 1976 affirmans
1087 1939 1168 1975 istud

287 2001 436 2037 officium
459 1999 599 2042 spestare
611 1994 650 2031 ad
665 1995 812 2039 proprios
824 1993 972 2029 Ecclefiae
994 1992 1082 2026 filios
1095 2015 1107 2032 ,
1132 1991 1167 2025 &

288 2051 490 2096 adjungens:
518 2049 635 2083 sivero
653 2045 792 2087 quadam
814 2045 850 2077 de
859 2049 901 2077 eis
923 2042 1112 2085 infidelitatis
1134 2040 1172 2081 est

280 2103 410 2146 fortasse
426 2098 554 2143 suspicio
579 2121 590 2138 ,
615 2107 680 2130 cum
703 2101 745 2128 eis
767 2106 879 2137 quoque
898 2093 1030 2126 homines
1055 2101 1120 2125 tuos
1141 2097 1174 2125 in

290 2153 406 2186 ablione
416 2148 552 2189 constitue
565 2171 575 2190 ‚
600 2155 635 2179 ut
654 2147 773 2178 alterna
794 2156 865 2188 erga
881 2141 915 2187 se
923 2142 1105 2186 solicitudine
1125 2142 1173 2175 de-

291 2202 380 2238 beant
389 2200 439 2245 effe
449 2197 577 2238 custodes
591 2220 602 2237 ,
627 2201 758 2229 rationes
781 2194 836 2227 tibi
848 2194 943 2227 modis
971 2193 1107 2227 omnibus
1125 2201 1175 2236 po·

287 2251 373 2295 fituri
384 2276 391 2284 .
418 2249 489 2284 Cur
501 2247 586 2281 solos
598 2245 786 2281 Visitatoris
797 2245 943 2279 Clericus
958 2242 1040 2278 nolit
1053 2245 1176 2286 impen-

293 2303 351 2342 di,
377 2300 470 2337 addit
491 2297 640 2333 causam:
668 2300 709 2329 Ut
723 2297 806 2329 nulla
829 2293 978 2339 adversus
993 2303 1022 2327 te
1044 2305 1175 2327 murmu-

293 2353 386 2388 randi
411 2374 422 2392 ‚
450 2347 502 2384 vel
528 2345 711 2390 suspicandi
732 2344 812 2386 justa
841 2345 1030 2386 relinquatur
1053 2343 1171 2385 maſso,

296 2402 346 2439 At
368 2399 443 2436 vero
461 2398 503 2434 de
526 2396 654 2431 vacanti
677 2394 865 2429 Salonitana
892 2394 1074 2437 Metropoli
1098 2393 1173 2428 scri.

119 2477 144 2509 1
219 2472 261 2502 in,
297 2453 358 2499 psit
378 2450 420 2487 ad
443 2449 610 2493 praefatum
621 2444 865 2479 Subdiaconum
886 2443 1095 2479 Antonium:
1122 2450 1174 2480 Ne

123 2484 201 2547 diei.
218 2523 261 2543 ιι.
298 2504 337 2539 de
355 2501 442 2535 rebus
463 2498 582 2540 aliquid
592 2496 675 2538 poffit
700 2497 860 2537 deperire,
877 2493 1048 2537 Respec‘lum
1070 2499 1175 2529 Diaco·

124 2553 212 2596 Epist.
234 2561 279 2582 22.
299 2559 470 2594 numasque
489 2546 672 2590 stephanum
685 2548 885 2579 Primicerium
897 2549 1091 2578 Notariorum
1103 2569 1115 2586 ,
1141 2555 1175 2579 ue

300 2601 431 2648 ipsarum
443 2601 559 2634 omnino
569 2608 669 2631 curam
684 2604 816 2640 gerant,
844 2596 1019 2635 admoneto,
1045 2601 1180 2629 intermi.

300 2665 381 2688 nans
395 2656 437 2688 eis
450 2651 486 2683 de
493 2653 615 2692 propria
628 2645 840 2692 satisfaciunt
846 2643 1013 2689 substantia
1022 2670 1032 2686 ‚
1055 2644 1177 2688 fiquid·

302 2715 393 2746 quam
404 2702 516 2736 exinde*
537 2710 634 2733 eorum
655 2697 834 2741 negligentia
847 2695 944 2737 fuerit
969 2701 1173 2730 imminutum.

302 2754 374 2796 lpse
399 2751 559 2785 Pontifex
580 2747 752 2783 constituit
778 2746 977 2782 OEconomos
999 2769 1008 2777 .
1035 2746 1196 2782 Fortasse,

304 2801 397 2846 quod
422 2798 576 2834 Malchus
602 2798 783 2841 Episcopus
809 2820 820 2837 ,
846 2797 902 2840 qui
930 2795 1060 2830 videtur
1085 2797 1178 2832 fuisse

305 2852 464 2887 Vifitator
477 2874 488 2890 ,
515 2849 671 2892 suspectus
682 2848 780 2887 esset,
806 2845 973 2889 &abipso
993 2846 1107 2881 officio
1127 2846 1180 2881 de-

306 2902 406 2948 jectus
426 2923 435 2932 .
461 2897 635 2947 Qidquid
655 2898 690 2931 fit
718 2921 729 2937 ,
753 2895 845 2930 aliter
867 2895 978 2930 statuit
1001 2895 1180 2931 Valentina

307 2953 537 2996 Hispanorum
563 2946 716 2991 Synodus
737 2968 748 2985 ‚
772 2945 933 2981 mandans
963 2946 1182 2981 inventarium

247 3029 253 3038 .
309 3002 382 3037 fieri
401 3003 486 3035 intra
506 3000 581 3034 οᾶο
601 2996 691 3036 dieS,
716 2997 749 3030 δε
781 2995 983 3040 adjungens.-
1011 2995 1123 3030 Dehinc
1142 2997 1186 3029 ad

311 3050 533 3093 Metropolitum
569 3052 705 3081 notitiam
736 3045 840 3078 habita
872 3047 1007 3080 ordinate
1033 3046 1185 3090 descriptio

310 3102 487 3144 deferatur,
512 3107 546 3132 ut
556 3099 619 3140 ejus
630 3095 765 3130 elet‘lione
788 3096 859 3128 talis
864 3095 993 3138 persona
1009 3098 1186 3130 ordinanda

312 3156 411 3186 domui
432 3147 634 3190 Ecclefiasticae
654 3154 826 3188 procuretur
847 3169 857 3184 ‚
884 3147 939 3180 &a
969 3146 1187 3181 OEconomum

313 3201 384 3236 vult
394 3197 548 3235 constitui
564 3198 582 3231 ἒι
593 3195 807 3239 Metropolita
818 3219 829 3236 ,
850 3195 884 3230 ὅ(
896 3195 952 3239 ipsi
965 3219 976 3236 ,
988 3196 1011 3229 fi
1024 3196 1102 3230 novi
1115 3195 1190 3239 Epi-

317 3250 408 3292 scopi
420 3250 541 3284 creatio
553 3248 729 3287 differatur,
741 3245 881 3291 obligari
892 3244 932 3278 ad
944 3246 1084 3280 rationes
1095 3270 1102 3278 .
1115 3246 1191 3280 Pro-

314 3299 396 3336 inde
416 3299 450 3331 ὅ(
464 3298 516 3332 hic
537 3296 753 3340 Ecclefiarum
773 3295 979 3329 consuetudo
1003 3296 1065 3330 fuit
1082 3296 1168 3330 varia
1182 3321 1191 3328 .

398 972 406 982 ,
432 944 543 978 Variis
568 943 603 978 in
630 940 782 977 Ecclefiis
806 939 937 977 videtur
962 939 1056 977 fuisse
1082 949 1171 975 varia

291 994 498 1034 consuetudo
510 1017 518 1026 .
1155 1012 1162 1019 .

1231 294 1293 320 tius
1322 314 1329 321 .
1363 290 1402 323 Et
1430 293 1470 325 ad
1498 293 1649 328 Sanctum
1679 295 1924 332 Maximianum
1950 300 2109 341 Syracusae

1235 338 1431 382 Episcopum
1445 342 1552 376 scribit
1564 344 1709 388 Magnus
1722 346 1920 391 Gregorius:
1941 349 2108 391 Vsfitatores

1231 388 1422 429 Ecclefiarum
1433 417 1442 431 ,
1469 395 1632 435 clericique
1642 407 1741 429 eorum
1751 407 1815 430 cum
1827 397 1893 439 ipsis
1911 407 1970 441 per
1982 399 2109 443 nonsuae

1230 441 1378 472 Civitatis
1391 443 1554 475 Parochias
1561 443 1758 488 fatigantur.
1788 446 1922 493 Utique
1945 450 2055 492 saepius
2062 451 2111 484 »vi-

1231 487 1374 523 fitando.
1406 492 1448 525 Et
1472 492 1511 526 ad
1524 493 1701 530 Paulinum
1725 497 1955 540 Liparitanum
1977 500 2111 544 Episco-

1232 549 1331 582 pum,
1359 541 1605 579 Taurinatenfis
1628 547 1774 581 Ecclefiae
1795 547 2024 584 visitatorem:
2053 554 2109 583 Ec-

1230 588 1341 631 cleſsam
1363 593 1609 637 Taurinatensem
1618 621 1629 637 ,
1655 604 1767 639 quoties
1779 607 1976 640 opportunum
1989 610 2108 643 tempus

1230 641 1414 683 credideris,
1445 644 1579 685 visitabis
1602 670 1608 678 .
1637 652 1688 680 Ita
1717 652 1910 682 Fraternitas
1931 659 1984 683 tua
2009 657 2108 683 omnia

1231 689 1379 732 disponere
1383 693 1503 734 festinet
1514 721 1523 735 ,
1550 704 1583 728 ut
1605 697 1638 730 o·
1646 695 1695 739 sui
1714 697 1877 741 praesentia
1892 703 2109 742 Liparitanam
2125 699 2155 728 L·
2167 708 2196 728 ²·
2214 700 2265 737 EP-
2301 732 2303 734 a

1227 738 1388 782 salubriter
1410 743 1549 787 disponat
1570 746 1748 789 Ecclesiam,
1772 749 1807 782 (a
1819 748 1993 791 vifitationis
2008 750 2108 791 studio
2129 748 2170 776 ¹3·

1231 792 1476 837 Taurinatensem
1503 807 1677 842 congregare
1704 800 1738 832 Θ
1755 798 1866 840 fovere
1891 811 1950 833 non
1975 799 2085 842 definat
2098 822 2107 833 .

1234 840 1278 875 Et
1297 843 1338 877 ad
1361 843 1523 886 Ioannem
1536 846 1703 890 Nepefinae
1718 849 1866 883 Ecclefiae
1879 850 2106 885 Vifitatorem:

1234 895 1425 928 Fraternitas
1446 905 1500 929 tua
1525 897 1679 939 Nepefinae
1689 898 1821 938 Ecclels‘ae
1843 899 2039 940 visitationem
2050 912 2109 934 non
2126 892 2206 934 Epist·
2216 903 2263 925 ²⁰·

1233 941 1343 983 defistat
1356 945 1494 989 affumere
1505 970 1515 985 ‚
1541 956 1688 989 quatenus
1712 956 1847 993 exigente
1873 949 2014 994 Pascbalt‘
2024 950 2113 993 festi-

1233 998 1332 1027 vitate
1357 1018 1368 1034 ,
1394 996 1545 1037 quidquid
1562 999 1716 1031 Sacrorum
1728 997 1907 1043 fhlemnitas
1929 999 2024 1044 poscit
2043 1026 2054 1042 ,
2080 1010 2111 1035 te

1232 1050 1370 1084 operante
1382 1046 1475 1078 modis
1487 1046 1620 1080 omnibus
1641 1048 1814 1089 impleatur.
1843 1051 1937 1085 Hinc
1956 1051 2110 1086 Vifitator

1234 1093 1357 1128 solebat
1376 1097 1437 1129 effe
1449 1096 1521 1138 quis
1543 1095 1682 1133 vicinior
1697 1098 1874 1143 Episcopus
1885 1125 1896 1140 ,
1919 1102 1977 1143 qui
1993 1101 2027 1134 in
2041 1111 2112 1136 tan-

1234 1153 1270 1179 to
1282 1146 1364 1182 festo
1386 1147 1485 1188 posset
1498 1145 1556 1180 ista
1577 1147 1688 1181 officia
1709 1147 1840 1184 binare.
1868 1150 1977 1196 Pergit
2002 1151 2036 1185 in
2057 1152 2112 1185 lit-

1234 1196 1310 1229 teris
1334 1194 1374 1229 ad
1385 1195 1565 1231 Leontium
1579 1196 1778 1232 Urbinatem
1797 1199 2011 1243 Episcopum,
2039 1200 2112 1235 Ari·

1234 1245 1383 1279 minenfis
1394 1246 1543 1281 Ecclefiae
1568 1247 1796 1283 visitatorem:
1823 1251 2019 1284 Admonemus
2030 1250 2114 1283 Cha-

1231 1300 1351 1328 ritatem
1364 1306 1466 1336 ticam,
1492 1303 1527 1331 ut
1539 1301 1586 1329 ita
1595 1299 1745 1341 efficaciter
1767 1310 1870 1334 omnes
1891 1303 2039 1334 utilitates
2052 1304 2111 1333 Ec-

1232 1342 1318 1385 clefiae
1329 1354 1463 1379 exerceat
1476 1369 1487 1385 ,
1514 1355 1659 1387 quatenus
1670 1353 1712 1379 tui
1720 1347 1885 1391 prasentia
1891 1356 2047 1392 proprium
2055 1349 2090 1392 se
2098 1373 2110 1388 ,

1231 1406 1289 1427 non
1300 1394 1450 1439 absentem
1458 1394 1567 1429 habere
1578 1394 1691 1442 sentiat
1712 1399 1898 1432 sacerdotem
1915 1423 1922 1430 .
1948 1400 2113 1442 ,Quidquid

1231 1454 1328 1478 autem
1339 1446 1393 1478 tibi
1406 1443 1602 1488 visumfuerit
1610 1455 1667 1489 pro
1678 1449 1807 1481 utilitate
1820 1446 1954 1491 ejusdem
1974 1447 2109 1490 Ecclefiae

1229 1496 1388 1537 ordinare,
1414 1495 1537 1530 habebis
1548 1499 1643 1530 modis
1663 1497 1800 1531 omnibus
1811 1522 1823 1539 ,
1849 1498 1943 1539 nostra
1958 1499 2111 1543 permiffioy

1231 1557 1266 1578 ne
1277 1547 1440 1580 licentiam.
1469 1547 1592 1581 Reditus
1606 1550 1699 1588 vero,
1724 1549 1777 1583 vel
1798 1549 2027 1589 ordinamenta,
2052 1554 2110 1582 mi·
2209 1574 2216 1582 .
2264 1573 2271 1580 .

1230 1595 1520 1641 nisteriaqueipfius,
1540 1596 1739 1643 solicitudInis
1759 1605 1822 1631 tuae
1841 1597 1969 1632 intuitus
1993 1601 2108 1633 &cura
2123 1573 2287 1655 ἔξζιῃὲξ-

1229 1645 1397 1689 conservet.
1424 1649 1471 1680 Et
1477 1654 1590 1688 praeter
1599 1649 1801 1682 ordinationes
1809 1649 2107 1683 clericorumcaetera
2125 1666 2171 1692 24·
2207 1672 2210 1674 >

1229 1702 1328 1730 omnia
1341 1701 1374 1729 in
1380 1697 1532 1738 pradiua
1544 1695 1667 1739 Ecclefia
1685 1707 1834 1741 tanquam
1849 1699 2046 1734 cardinalem
2071 1700 2107 1733 6

1225 1751 1381 1790 proprium
1393 1755 1422 1781 te
1433 1749 1568 1780 volumus
1579 1759 1665 1791 agere
1679 1749 1862 1782 Sacerdotem
1872 1774 1880 1782 .

1303 1797 1473 1843 Qintum
1508 1797 1541 1830 δε
1569 1797 1712 1840 palmare
1743 1797 1932 1833 Vifitatoris
1957 1796 2108 1833 officium

1229 1845 1329 1881 edicit
1353 1846 1441 1880 idem
1464 1846 1620 1882 Pontifex
1641 1848 1675 1882 in
1697 1847 1814 1883 litteris
1833 1848 1874 1883 ad
1898 1849 2107 1883 Benenatum

1230 1895 1440 1930 Vifitatorem
1456 1896 1611 1931 Cumanae
1633 1897 1804 1932 Ecclefiae:
1827 1899 1972 1932 Charitas
1994 1908 2048 1932 tua
2063 1899 2109 1932 ad

1229 1952 1398 1982 cumanam
1427 1946 1584 1989 Ecclefiam
1605 1952 1646 1981 ire
1677 1948 1851 1991 properabit
1875 1974 1886 1991 ,
1922 1951 1958 1983 <it
1987 1949 2106 1991 affiduis
2122 1929 2172 1968 ΕΡ·
2191 1936 2237 1967 ¹⁹*

1228 1996 1481 2031 adhortationibus
1506 1999 1624 2031 Clerum
1647 1997 1819 2041 Plebemque
1850 1998 1982 2042 ejusdem
2007 2001 2109 2033 Eccle-

1224 2048 1276 2090 fiae
1292 2050 1445 2082 admonere
1456 2049 1633 2082 revolamus
1645 2073 1656 2089 ‚
1682 2056 1715 2082 ut
1735 2058 1841 2082 remoto
1858 2048 1955 2089 studio
1975 2047 2110 2092 diversas

1230 2110 1295 2132 rum
1301 2103 1438 2140 partium
1449 2121 1460 2137 ,
1486 2109 1544 2130 uno
1555 2099 1712 2140 eodemque
1721 2095 1860 2142 consensu
1871 2099 1962 2133 talem
1966 2097 2023 2140 fibi
2032 2106 2112 2140 prae-

1227 2150 1384 2193 ficientium
1396 2156 1541 2190 expetant
1556 2149 1764 2190 sacerdotem,
1788 2154 1841 2191 qui
1867 2150 1902 2183 ό·
1915 2156 1999 2182 tanto
2021 2151 2113 2182 Mini-

1226 2199 1314 2240 sterio
1343 2199 1450 2241 dignus
1474 2198 1582 2232 valeat
1599 2204 1745 2240 reperiri,
1771 2200 1806 2233 θ
1825 2201 1847 2232 ἃ
1858 2199 2040 2233 venerandis
2053 2203 2114 2232 Ca-

1233 2249 1357 2284 nonibus
1381 2249 1548 2281 nullatenus
1566 2246 1723 2291 respuatur
1736 2273 1744 2280 .
1770 2250 1837 2298 ,Qui
1857 2250 1927 2281 dum
1940 2248 2041 2290 fuerit
2058 2256 2114 2289 po.-

1230 2300 1379 2341 stulatus,
1403 2308 1469 2331 cum
1502 2296 1687 2340 solemnitate
1725 2300 1841 2337 Decreti
1856 2322 1868 2338 ,
1892 2303 2021 2331 omnium
2041 2295 2114 2340 sub-

1233 2348 1442 2393 scriptionibus
1453 2348 1582 2382 roborati
1595 2372 1606 2389 ‚
1631 2349 1667 2382 Θ
1679 2347 1851 2381 DileHionis
1872 2357 1934 2382 tuae
1956 2346 2115 2388 estimonio

1236 2401 1403 2433 litterarum
1430 2423 1441 2439 ,
1466 2399 1512 2431 ad
1532 2409 1584 2431 nos
1605 2397 1773 2441 sacrandus
1809 2406 1942 2431 occurrat
1962 2423 1970 2430 .
2009 2396 2116 2446 Qod

1237 2450 1342 2494 ipsum
1354 2448 1468 2492 repetit
1493 2449 1572 2483 &in
1585 2448 1657 2482 aliis
1670 2448 1803 2481 litteris.
1830 2448 1873 2482 Et
1894 2448 1936 2482 de
1945 2447 2116 2491 Pontiano

1239 2498 1438 2533 Thenitano
1450 2498 1615 2542 Episcopo
1625 2523 1636 2538 ,
1662 2510 1717 2542 per
1728 2499 1833 2532 Sansti
1847 2497 2015 2544 Fulgentii
2031 2508 2118 2532 mor-

1239 2561 1306 2584 tem
1317 2561 1355 2582 ac
1365 2548 1479 2582 duram
1489 2548 1578 2582 Cleri
1601 2549 1634 2582 ἀ
1646 2547 1757 2592 populi
1781 2549 1814 2581 in
1829 2548 1988 2583 electione
1997 2548 2118 2582 discor*-

1239 2601 1327 2635 diam
1346 2598 1470 2633 dudum
1493 2598 1636 2632 vacantis
1649 2599 1820 2641 Ruspenfis
1843 2599 1987 2633 Ecclefiae
1996 2596 2116 2631 Vifita·

1240 2660 1310 2684 tore
1323 2673 1334 2689 ,
1361 2648 1469 2683 scribit
1490 2648 1524 2682 in
1538 2648 1662 2682 laudati
1674 2649 1841 2693 Fulgentii
1855 2650 1919 2682 vita
1933 2646 2114 2681 Ferrandus

1239 2701 1412 2736 Diaconos
1426 2712 1434 2731 :
1462 2699 1530 2732 Ibat
1538 2696 1699 2741 secundum
1710 2701 1895 2739 Praeceptum
1907 2701 2034 2731 Datiani
2049 2700 2116 2730 Prt-
2130 2693 2200 2734 Ca?-
2221 2700 2272 2731 30!

1240 2756 1333 2783 matis
1347 2773 1357 2789 ,
1383 2758 1417 2782 ut
1428 2746 1573 2792 Ruspensi
1581 2747 1714 2790 Ecclsfiae
1735 2749 1888 2791 eligeretur
1902 2747 2027 2788 Antistes
2037 2772 2045 2780 .
2073 2746 2118 2781 Et

1241 2800 1353 2846 quinta
1378 2798 1646 2843 Carthaginenlis
1671 2799 1826 2839 synodus
1850 2798 1962 2832 statuit
1988 2811 1996 2830 :
2032 2795 2121 2830 Nulli

1243 2848 1419 2893 intercessori
1443 2850 1555 2882 licitum
1573 2847 1612 2890 fit
1635 2846 1821 2881 Catbedram
1845 2872 1855 2887 ,
1880 2854 1925 2881 cui
1951 2847 2121 2890 Interceffor

1244 2902 1333 2934 datus
1345 2900 1404 2940 est,
1428 2898 1607 2942 quibuslibet
1613 2897 1787 2940 populorum
1804 2897 1912 2937 studIis
1934 2898 1986 2931 vel
2001 2895 2120 2942 seditio·

1246 2951 1332 2984 nibus
1352 2955 1501 2988 retinere,
1521 2946 1576 2991 sed
1596 2949 1671 2981 dare
1680 2955 1798 2989 operam
1810 2957 1843 2980 ut
1851 2948 1934 2980 Intra
1947 2959 2059 2980 annum
2068 2945 2122 2990 eis2

1247 3002 1314 3035 dem
1321 3001 1479 3042 provideat
1493 2997 1668 3040 Episcopum
1677 3022 1684 3029 .
1713 2998 1805 3040 ,Quod
1815 2995 1844 3037 fi
1852 2999 2015 3041 neglexerit
2028 3021 2039 3037 ,
2064 3009 2120 3031 an-

1247 3062 1283 3084 no
1305 3050 1420 3092 expleto
1434 3054 1621 3082 interventor
1632 3048 1710 3080 alius
1728 3046 1873 3080 tribuatur
1885 3073 1892 3080 .
1920 3048 2121 3082 intervento-

1247 3111 1294 3135 res
1305 3101 1396 3134 enim
1417 3099 1457 3132 ad
1482 3096 1719 3141 procurandam
1742 3097 1789 3131 sui
1812 3097 1907 3141 ipfius
1926 3098 2120 3132 elestionem

1248 3150 1445 3193 quandoque
1466 3146 1769 3182 utebanturartibus
1779 3148 1941 3182 damnatis
1952 3159 2005 3191 per
2016 3149 2123 3180 secun-

1249 3201 1328 3234 dum
1352 3199 1527 3234 Canonem
1549 3196 1782 3232 sardicensem.
1815 3198 1960 3232 Eandem
1981 3197 2047 3239 illis
2067 3206 2124 3238 po·

1250 3251 1397 3284 testatem
1420 3247 1607 3283 adscribunt
1628 3248 1774 3291 Rejensis
1793 3247 1966 3291 Synodus,
1992 3258 2031 3280 ac
2051 3257 2124 3288 prae-

1252 3301 1360 3334 sertim
1385 3299 1526 3341 antiquae
1563 3297 1807 3341 Episcopalium
1841 3297 2035 3331 electionum
2061 3296 2126 3329 for-

371 3349 536 3395 Qartum
547 3347 733 3383 Vifitatoris
745 3346 893 3380 officium
915 3346 1005 3388 supra
1018 3347 1052 3379 in
1073 3345 1192 3380 litteris
1253 3350 1363 3392 mulae,
1392 3347 1553 3391 publicare
1568 3360 1619 3390 per
1634 3347 1791 3391 Iacobum
1816 3347 2043 3381 sirmondum.
2071 3346 2128 3380 Et·

319 3398 364 3436 ad
397 3396 632 3433 Constantium
667 3394 1009 3436 Foro-corneliensis
1044 3383 1211 3456 Ecclefiaes
1252 3401 1342 3434 enim
1364 3398 1407 3433 ad
1427 3397 1586 3434 Carolurn
1607 3397 1748 3432 Calvum
1774 3397 1901 3442 Regem
1927 3396 1969 3432 de
1990 3406 2127 3431 vacant·

2025 3456 2080 3491 Pet
