2384 3756
373 153 430 198 18

296 232 504 272 Monachum
529 235 744 270 miserabilem
770 260 781 276 ‚

297 289 482 331 sumptione
493 285 574 321 reste
584 285 690 330 arguit
703 286 737 319 in
759 285 877 320 litteris
897 285 938 320 ad
962 286 1181 319 Hincmatum

295 338 490 373 Remensem
512 336 760 380 Metropolitam
784 335 939 371 Rabanus
958 335 1182 380 Moguntinus

295 387 570 431 Archiepiscopus
590 399 598 418 :
641 385 832 430 Gadescalcus
858 395 942 428 optat
964 384 1026 428 post
1051 383 1181 429 blaspbe-

295 444 388 472 miam
405 460 416 477 ‚
440 442 530 479 quam
541 437 709 479 impudenti
718 448 766 469 ore
772 438 917 478 protulit,
941 445 1084 469 uteorum
1095 437 1181 468 undi-

283 486 351 532 ‘que
361 487 482 522 collecta
488 487 661 529 populorum
683 488 875 520 multitudine
888 510 899 527 ,
920 484 1069 529 praesenti
1090 491 1182 520 etiam

294 539 390 583 Regni
411 541 570 580 Principe,
602 536 689 578 fimul
708 548 772 570 cum
795 537 969 579 Pontificum
991 537 1026 570 ὃ·
1045 536 1182 570 sacerdo-

293 590 358 623 rem
370 613 380 629 ,
408 587 670 629 Monacborumque
691 588 726 621 &
746 591 962 620 canonicorum
971 591 1089 631 agmine
1103 610 1114 625 ,
1139 586 1183 618 ad

288 639 480 683 probandam
500 635 589 680 suam
610 637 724 671 Sedam
744 638 831 670 liceat
851 636 907 678 fibi
932 661 943 678 ,
979 645 1105 679 quatuor
1131 636 1181 668 do-

292 691 346 723 liis
382 700 439 722 uno
458 688 518 729 post
541 689 666 721 alierum
681 686 799 729 pofitis',
827 694 916 729 atque
943 685 1113 730 singulatim
1137 696 1182 718 re-

289 740 382 781 pletis
404 749 486 780 aqua
499 736 660 779 ferventi,
684 738 743 782 oleo
763 742 872 780 pingui
898 738 932 771 Θ
948 742 1016 778 pice
1030 759 1041 775 ,
1067 736 1177 770 &ulti-

290 790 339 822 me‘
357 785 473 830 accenso
494 793 561 830 igne
582 786 754 830 copiofiffimo
768 810 779 827 ‚
805 786 848 819 ad
866 786 1058 828 probandam
1083 786 1180 818 tradi-

290 844 401 873 tionem
421 836 543 878 tranfire
555 861 566 878 ,
590 846 624 870 ut
641 836 679 879 fit
698 836 839 879 probetur
862 838 931 878 ejus
939 835 1116 878 profi'ffionis
1129 846 1179 870 ve-

288 892 388 922 ritas.
415 888 510 932 ,Quod
531 892 677 922 neminem
694 895 811 930 praeter
829 896 895 920 eum
917 891 963 918 ita
983 885 1089 929 optaffe
1099 886 1177 930 legi.

288 937 429 973 Rectam
450 938 579 972 causam
602 937 719 982 agebat
739 961 751 978 ‚
776 937 811 970 &
832 945 946 969 verum
966 934 1088 980 dogma
1109 946 1179 970 tue·

287 987 384 1023 batur
395 987 588 1022 miserabilis
598 984 787 1021 Monachus
797 1010 810 1027 ,
836 984 947 1020 verum
972 996 1040 1020 non
1052 997 1092 1020 ex
1103 984 1180 1020 cha·

286 1037 442 1073 rismate:
467 1036 561 1071 Hinc
574 1046 644 1071 non
659 1036 694 1070 in
706 1035 805 1081 igne,
838 1034 891 1070 sed
903 1036 1075 1070 incarcere
1094 1036 1177 1070 veri-

285 1096 388 1122 tatem
414 1087 634 1131 propugnavit
656 1109 664 1118 .
702 1084 807 1134 Qod
831 1095 942 1121 autem
964 1085 1052 1121 Petri
1073 1086 1176 1121 Aldo·

287 1136 442 1172 brandini
454 1136 541 1182 ignis
551 1136 649 1171 suerit
661 1160 673 1176 ,
701 1146 771 1170 non
784 1135 926 1181 vulgaris
937 1136 1089 1181 probatio
1098 1161 1109 1178 ‚
1121 1134 1173 1170 sed

287 1186 493 1220 charismatis
517 1197 601 1230 opus
622 1210 633 1227 ,
670 1185 824 1221 existimo
845 1197 913 1220 non
937 1186 1174 1221 dubitandum.

284 1237 443 1271 Attamen
454 1236 488 1270 &
499 1235 801 1282 vulgarisprobatio
812 1235 942 1271 videtur
963 1248 1032 1270 non
1059 1237 1174 1271 caruis-

283 1285 636 1325 seomnicharismate.
664 1286 839 1333 Qidquid
853 1287 912 1327 sit,
938 1285 1171 1320 laudandusest

282 1334 401 1377 Deus,
426 1338 484 1382 qui
499 1336 597 1372 nostri
610 1336 765 1381 Gregorii
778 1334 944 1370 adversum
967 1336 1173 1371 Simoniacos

281 1385 426 1422 Decreta
446 1386 601 1433 dignatus
620 1387 683 1421 fuit
709 1387 808 1421 tantis
830 1385 993 1420 miraculis
1019 1395 1172 1429 compro·

281 1435 375 1471 bare.

343 1583 1099 1665 DECRETUMIL

340 1731 515 1766 Ecundum
525 1730 625 1765 etiam
636 1729 732 1775 hujus
755 1729 882 1773 Synodi
909 1732 1088 1766 Decretum
1102 1728 1171 1765 edi-

363 1781 407 1817 cit
418 1780 575 1816 Pontifex
587 1781 623 1815 in
638 1782 777 1816 laudatis
789 1780 906 1815 litteris
927 1782 967 1816 ad
994 1779 1168 1815 Othonem

276 1832 478 1877 Episcopum
488 1831 772 1867 constantiensem
788 1844 798 1864 :
827 1832 887 1865 Sed
895 1843 947 1865 nec
965 1833 1010 1864 illi
1023 1854 1033 1870 ,
1058 1837 1111 1873 qui
1135 1836 1167 1864 in

277 1889 397 1917 erimine
400 1882 611 1926 fornicationis
616 1884 720 1923 jacent
730 1908 739 1922 ‚
774 1883 881 1924 Mrffas
895 1882 1040 1916 celebrare
1053 1889 1104 1914 aut
1122 1879 1166 1924 se-

275 1934 402 1968 cundum
411 1933 567 1975 infmores
577 1934 707 1966 Ordines
720 1932 886 1972 ministrare
900 1934 996 1966 Altari
1018 1932 1145 1966 debeant
1159 1956 1166 1964 .

277 1987 441 2020 statuimus
456 1989 550 2017 etiam
562 2007 573 2023 ,
596 1982 666 2026 utfi
682 1982 739 2024 ipsi
751 1991 961 2025 contemptores
978 1982 1101 2024 fuerint
1121 1994 1167 2016 no-

271 2035 425 2076 strarum,
449 2036 538 2067 immo
564 2034 740 2067 Sanclorum
764 2036 891 2066 Parrum
912 2033 1141 2074 constitutionum
1154 2057 1164 2073 ,

274 2086 401 2127 populus
413 2086 495 2118 nullo
507 2086 591 2117 modo
601 2095 695 2118 eorum
708 2084 798 2124 officia
809 2089 933 2125 recipiat
943 2108 954 2124 ,
980 2093 1013 2116 ut
1038 2089 1089 2126 qui
1111 2091 1168 2125 pro

277 2146 376 2167 amore
386 2137 444 2167 Dei
454 2136 490 2168 ὁ*
499 2135 582 2175 officii
603 2134 751 2177 dignitate
770 2144 828 2164 non
849 2138 1033 2175 corriguntur
1044 2157 1055 2173 ,
1081 2143 1166 2165 vere-

270 2181 543 2227 ,cundiasaeculi&
563 2182 764 2226 objurgatione
783 2184 887 2223 populi
907 2179 1094 2224 refipiscant‘.
1124 2182 1165 2216 Et

279 2233 482 2276 Anony'mus
506 2232 660 2275 Gregorii
681 2231 876 2275 Apologus:
902 2234 1037 2265 Tertium
1061 2235 1164 2266 Decre-

277 2287 344 2317 t'um
364 2286 430 2317 erat
441 2306 452 2323 ,
479 2291 513 2315 ut
523 2283 544 2314 *a*
557 2281 696 2315 Clericali
708 2282 794 2322 officio
803 2281 903 2323 eeffe'nt
919 2306 929 2322 ‚
957 2287 1129 2324 quicumque
1134 2280 1166 2325 se

274 2342 333 2377 pro
341 2337 554 2366 moontinentia
564 2330 797 2374 reprebenfibiles
810 2331 951 2365 exhibent
964 2357 970 2363 .
998 2334 1165 2375 ,Qu-artum,

280 2394 314 2417 ut
320 2385 448 2426 populus
460 2384 641 2418 clericorum
651 2382 741 2424 officia
752 2381 920 2415 nullatenus
931 2387 1056 2425 recipiat
1068 2407 1079 2422 ,
1092 2393 1164 2424 quos

282 2433 456 2476 apostolicas
478 2431 668 2473 institutiones
689 2441 869 2465 contemnere
896 2433 981 2466 videt
995 2458 1001 2464 .
1029 2430 1164 2476 Utique

280 2483 504 2519 institutiones
513 2493 628 2517 contra
638 2482 784 2516 Clericos
796 2482 991 2527 conjugatos
1003 2482 1037 2517 δε
1059 2482 1164 2516 Simo-

278 2535 410 2569 niocos.
436 2531 829 2576 ‹Affirmatpoenamhanc
841 2532 1001 2566 ambobus
1010 2532 1101 2567 fimul
1118 2533 1166 2566 in-

279 2584 419 2618 flistam·
448 2583 602 2618 Affirmat
613 2583 759 2618 etiamin
771 2582 916 2628 fingulos
927 2582 1091 2627 duplicem
1104 2582 1166 2617 Ca-

279 2638 404 2669 nonem
412 2633 593 2678 preceffiffe
600 2659 608 2667 .

334 2684 481 2730 Qaeffio
494 2684 542 2719 est
561 2708 572 2724 ‚
599 2683 655 2718 An
677 2693 815 2728 uterque*
833 2683 1014 2727 processerit
1039 2682 1081 2719 ab
1103 2681 1165 2718 hac

285 2734 424 2776 Synodo
434 2734 455 2766 ἓ.
479 2734 674 2776 Respondeo
687 2733 839 2779 negative
849 2759 856 2766 .
885 2734 1084 2777 Respondeo
1096 2745 1166 2776 pro-

283 2783 403 2819 eeffiffe
415 2784 521 2821 solum
534 2783 673 2827 priorem
684 2809 691 2816 .
719 2782 843 2819 Lucide
856 2784 888 2817 id
900 2785 998 2819 tradit
1011 2782 1153 2818 Lamber

285 2844 337 2868 tus
363 2831 668 2878 Schafnaburgenfis
689 2847 699 2867 :
736 2833 960 2867 Hildebrandus
988 2837 1077 2877 Papa
1100 2844 1166 2868 cum

1181 2867 1184 2879 l

115 2872 148 2904 1⁴¹
162 2883 185 2902 ²·
200 2881 226 2902 ς·
243 2879 266 2907 3·
287 2881 440 2926 Episcopis
463 2884 563 2916 Italiae
575 2886 647 2924 jam
659 2882 872 2925 frequentibus
891 2886 1011 2921 synodis
1033 2880 1184 2919 siccave-l

283 2944 342 2968 rat>
358 2957 369 2974 ,
405 2941 441 2967 ut
455 2932 615 2977 strandum
635 2933 772 2973 Instituta
797 2938 985 2975 antiquorum
1012 2922 1183 2983 Curionum}

642 151 680 196 S.
713 144 1009 196 ‘Caranon
1036 165 1053 195 1
1089 158 1328 195 seprius·
1365 149 1734 197 PoNT11=1cls

818 235 859 269 de
884 235 1029 270 vanitate
1054 246 1092 269 ac
1114 246 1185 278 prae·
1242 235 1276 268 &¹
1294 239 1451 278 Gregorius
1474 237 1588 276 Papa,
1613 235 1760 269 celebrata
1780 237 1909 279 synodo,
1937 251 1976 273 ex
2002 243 2122 276 Decreta

1238 285 1341 317 sancti
1354 286 1438 318 Petri
1451 284 1572 327 Apostoli
1582 310 1592 326 ,
1619 283 1763 319 &Sanffl
1775 289 1942 322 Clementis
1955 312 1966 329 ‚
1982 292 2119 326 aliorum-
2138 317 2152 322 -

1239 345 1294 377 que
1305 335 1476 368 sanelorum
1491 338 1621 368 Parrum
1633 337 1667 368 (9
1679 337 1788 368 Banno
1797 339 1955 372 interdixit
1977 341 2116 383 clericis,

1238 387 1371 419 maxime
1393 387 1506 419 Divino
1530 386 1689 426 Ministerio
1698 383 1871 428 consecratis
1891 412 1904 429 ,
1940 401 2046 423 uxores
2066 389 2120 423 ba·

1238 435 1323 475 bere,
1349 437 1401 469 vel
1417 445 1483 469 cum
1503 436 1675 469 mulieribus
1696 435 1863 480 babitare,
1880 438 1938 481 ’¹¹ss
1956 451 2033 483 quas
2059 444 2120 473 m.

1238 496 1324 519 caena
1347 487 1496 526 synodus,
1523 486 1576 519 vel
1583 489 1636 520 alii
1658 491 1796 520 canones
1817 494 1979 529 exceperit.
2008 490 2053 524 Et
2077 489 2119 525 ad

1238 546 1363 570 annum
1384 536 1573 580 sequentem
1594 548 1601 568 :
1637 540 1719 569 Dum
1738 537 1844 570 Clerici
1863 545 1960 582 magis
1979 539 2119 584 eligerent

1237 585 1427 619 anathemati
1446 583 1614 628 subjacere,
1638 588 1730 629 quam
1752 587 1890 621 uxoribus
1910 599 2030 630 carere,
2056 592 2120 625 Hil-

1237 635 1409 669 debrandus
1419 637 1530 678 Papa,
1554 646 1588 669 ut
1596 644 1650 678 per
1670 639 1764 677 alios,
1783 636 1815 679 fi
1830 638 1920 680 posset
1933 662 1944 679 ,
1969 649 2017 672 eos
2041 639 2122 680 casti-

1233 694 1344 730 garet,
1366 687 1512 728 praecepit
1522 695 1557 719 ut
1577 686 1675 720 nullus
1696 688 1814 721 audiret
1835 688 1952 731 Mtffam
1973 690 2124 732 conjugati.

1239 735 1421 775 Presbyteri.
1449 736 1494 770 Et
1503 735 1545 770 ad
1558 736 1697 779 priorem
1707 748 1832 771 annum
1846 738 1985 781 Joannes
2007 738 2122 774 Brom—

1238 796 1359 830 ptonus
1372 785 1485 820 Abbas
1498 786 1706 829 Jornalenfis:
1733 787 1960 822 Hildebrandus
1973 791 2120 833 Papage-

1237 837 1367 870 neralem
1393 837 1536 876 synodum
1560 836 1724 871 celebravit
1747 860 1756 870 .
1795 840 1959 872 :interdixit
1994 840 2118 873 clericis

1235 884 1409 929 consecrans
1428 897 1534 920 uxores
1553 886 1662 922 babere
1673 912 1683 928 ,
1710 896 1763 921 aut
1772 898 1835 922 cum
1845 887 2013 923 mulieribus
2024 900 2119 922 mora-

1235 941 1285 975 ri,
1309 935 1365 978 nifi
1371 947 1436 971 cum
1447 937 1551 979 quibus
1563 941 1597 971 N
1599 945 1695 971 tcaena
1705 939 1830 976 synodus
1843 948 1898 973 aut
1907 939 1960 973 alii
1982 944 2117 973 Canonet

1230 991 1409 1029 permittunt
1417 1011 1424 1019 .
1451 988 1512 1021 Sed
1520 988 1585 1021 cum
1596 988 1761 1022 sacerdotes
1774 990 1838 1030 eJ'us
1860 988 2009 1032 censuras
2021 993 2118 1031 parvi

1230 1037 1398 1079 penderent
1413 1061 1425 1078 ,
1445 1043 1591 1079 praecepit
1600 1046 1633 1071 ut
1654 1039 1756 1072 nullus
1778 1039 1898 1073 audiret
1918 1039 2036 1083 Miffam
2054 1049 2119 1073 con-

1233 1087 1378 1120 cubinarii
1396 1088 1562 1121 sacerdotis
1584 1113 1592 1121 .
1620 1088 1724 1135 Quod
1744 1089 1850 1132 ipsum
1869 1088 1991 1124 eisdem
2014 1089 2119 1124 verbis

1233 1135 1341 1171 scribit
1363 1136 1529 1172 Henricus
1549 1136 1775 1183 Knyghtonus
1795 1163 1803 1171 .
1831 1139 1957 1174 Eadem
1973 1139 2118 1175 Decreta
2136 1125 2171 1155 Λ·
2183 1133 2264 1160 ¹⁰⁷⁴*

1233 1186 1352 1221 lucidis
1373 1187 1477 1222 verbis
1498 1187 1671 1234 distinguit
1682 1199 1759 1223 cum
1772 1189 1926 1224 Mariano
1936 1189 2038 1225 Scoto
2049 1189 2120 1224 Ro-

1232 1247 1328 1281 gerus
1350 1236 1557 1272 Hovedeufis
1577 1261 1587 1278 ‚
1623 1239 1831 1283 primumque
1846 1239 1888 1274 ab
1911 1238 2009 1282 hujus
2028 1264 2040 1281 ,
2075 1240 2120 1275 se·

1232 1287 1377 1320 cundum
1399 1287 1418 1320 ὲ
1448 1288 1612 1332 sequentis
1633 1284 1712 1322 anni
1730 1288 1869 1332 Synodo
1890 1290 2028 1324 affirmat
2048 1300 2123 1334 pto-

1232 1335 1373 1369 manaffe
1395 1358 1402 1366 .
1442 1335 1489 1369 Et
1511 1336 1596 1369 certe
1612 1336 1743 1379 Papalis
1760 1340 2119 1374 excommunicationis

1234 1384 1360 1418 medius
1382 1384 1467 1417 inter
1497 1393 1674 1429 utrumque
1697 1384 1879 1421 Decretum
1907 1397 2119 1431 contemptus

1235 1434 1349 1478 nequit
1373 1433 1460 1477 apud
1481 1433 1583 1467 varias
1606 1443 1722 1479 gentes
1741 1458 1753 1474 ‚
1777 1447 1817 1469 ac
1838 1435 2029 1472 Provincias
2049 1437 2120 1472 uni·

1233 1495 1275 1517 co
1287 1483 1422 1518 instanti
1435 1482 1608 1517 emerfiffe.
1636 1484 1712 1518 Hac
1723 1483 1826 1528 igitur
1836 1485 1871 1518 in
1882 1485 2022 1528 Synodo
2034 1486 2119 1522 Leo·

1232 1533 1281 1567 nis
1313 1533 1395 1568 noni
1418 1545 1456 1567 ac
1477 1532 1633 1578 Stephani
1653 1533 1774 1568 decimi
1795 1545 1854 1578 pro
1876 1535 1944 1569 sola
1955 1534 2058 1578 urba,
2081 1537 2118 1572 &

1234 1583 1367 1618 Nicolai
1392 1583 1523 1617 secundi
1547 1594 1585 1618 ac
1608 1582 1792 1618 Alexandri
1813 1583 1946 1619 secundi
1966 1596 2025 1629 pro
2047 1587 2118 1621 sola

1230 1633 1323 1668 Italia
1336 1631 1504 1667 adversum
1515 1633 1712 1679 conjugatos
1721 1643 1777 1668 aut
1785 1633 2035 1671 concubinarios
2045 1636 2118 1671 Cle-

1230 1684 1315 1718 ricos
1324 1683 1466 1718 Decreta
1493 1684 1674 1728 Gregorius
1695 1683 1755 1718 sub
1773 1686 2118 1722 excommunicatione

1229 1733 1377 1768 extendit
1399 1732 1441 1768 ad
1463 1743 1599 1768 omnem
1619 1733 1797 1769 Ecclesiam
1810 1758 1821 1775 ‚
1841 1734 1972 1779 ejusque
1991 1735 2118 1781 rigidis·

1230 1785 1343 1818 simam
1352 1785 1581 1819 executionem
1604 1785 1731 1820 cunctis
1753 1784 1872 1828 ubique
1891 1785 2122 1831 Metropolitis·

1231 1843 1376 1877 injunxit
1388 1858 1396 1866 .

1279 1884 1325 1918 Et
1338 1891 1418 1919 tunc
1427 1884 1549 1919 fastum
1571 1884 1617 1919 est
1638 1883 1728 1929 quod
1748 1883 1897 1922 laudatus
1917 1884 2115 1921 Lambertus

1230 1933 1423 1980 subjungit.-
1451 1935 1604 1969 Adversus
1615 1935 1666 1970 boc
1687 1938 1842 1971 Decretum
1859 1943 2000 1979 protinus
2023 1936 2116 1972 vebt-

1229 1993 1340 2019 menter
1359 1984 1515 2028 infremuit
1535 1994 1599 2020 tota
1613 1985 1710 2028 famo
1724 1980 1906 2021 ‘clericorum
1927 2011 1941 2028 ,
1967 1986 2114 2022 bominem

1225 2036 1321 2078 plane
1333 2038 1533 2076 Haereticum,
1559 2037 1594 2070 <9⁹
1612 2035 1719 2080 vesani
1740 2038 1889 2082 dogmatis
1909 2037 1963 2081 effe
1983 2037 2116 2083 Grego÷

1228 2086 1314 2121 rium
1326 2087 1483 2120 clamitans
1495 2111 1505 2127 ,
1530 2091 1581 2129 qui
1598 2086 1706 2121 oblitus
1723 2085 1869 2131 sermonis
1888 2089 2033 2128 Domini,
2057 2098 2115 2131 quo

1227 2141 1290 2177 ait,
1318 2137 1399 2172 Non
1424 2146 1541 2170 omnes
1559 2136 1693 2178 capiunt
1712 2136 1847 2171 verbum
1867 2134 1956 2177 hoc,
1983 2137 2116 2172 violenta

1226 2185 1380 2221 exactione
1390 2185 1523 2221 homines
1533 2194 1644 2229 cogeret
1659 2190 1767 2220 vivero
1775 2192 1839 2221 ritu
1862 2188 2055 2230 Angelorum,
2080 2189 2115 2223 ὀ·

1228 2238 1300 2270 dum
1311 2234 1478 2281 consuetum
1486 2234 1600 2279 cursum
1618 2244 1735 2270 naturae
1756 2241 1898 2280 negaret,
1915 2235 2120 2278 fornicationi·

1229 2287 1262 2320 Θ
1275 2286 1474 2319 immunditiei
1474 2284 1582 2326 froena
1591 2287 1725 2320 laxaret.
1754 2285 1880 2331 ,Quodfi
1891 2295 2027 2332 pergeret
2044 2287 2114 2331 sen-

1227 2342 1353 2370 tentiam
1366 2336 1538 2379 conftrmare
1549 2360 1560 2376 ,
1586 2337 1675 2370 malle
1683 2336 1715 2380 se
1725 2338 1925 2371 sacerdotium
1936 2340 2028 2380 qusint
2049 2349 2114 2373 con-

1220 2388 1339 2430 jugium
1349 2384 1501 2430 deserere,
1533 2388 1647 2421 &tunc
1658 2385 1792 2429 visurum
1801 2398 1866 2420 eum
1878 2411 1889 2426 ,
1911 2393 1959 2421 'cui
1979 2386 2113 2423 homines

1223 2434 1377 2480 sorderent
1389 2460 1401 2477 ,
1425 2437 1506 2471 und?
1513 2436 1718 2481 gubernandis
1724 2446 1780 2480 per
1793 2435 1949 2479 Ecclefiam
1970 2441 2028 2472 Dei
2046 2440 2114 2481 ple·

1228 2486 1311 2520 bibus
1326 2487 1450 2530 Angelos
1459 2487 1757 2531 comparaturus'effet
1766 2511 1773 2519 .
1801 2485 1907 2522 Addit
1918 2487 2112 2531 Sigifridum

1227 2536 1470 2582 Moguntinum
1491 2535 1784 2581 Archiepiscopum
1806 2562 1818 2578 ,
1852 2536 1934 2572 dum
1955 2537 2022 2573 hoc
2045 2540 2114 2574 De-

1227 2594 1350 2622 cretum
1374 2587 1494 2630 exequi
1510 2585 1632 2621 studuit
1650 2587 1685 2622 in
1707 2585 1935 2632 Erphordienfi
1948 2587 2112 2629 Synodo,

1226 2639 1243 2671 ὲ
1255 2637 1442 2683 conjugatis
1453 2636 1590 2671 Clericis
1600 2637 1693 2672 fuifle
1702 2636 1804 2672 ferme
1824 2636 2011 2679 impetitum
2031 2636 2112 2681 lapi-

1226 2686 1320 2721 dibus
1333 2711 1344 2728 ,
1371 2686 1475 2721 immo
1495 2687 1528 2722 ὃ(
1539 2687 1704 2732 unguibus
1726 2686 1936 2722 dilaceratum
1948 2711 1955 2718 .
1984 2686 2029 2721 Et
2040 2697 2112 2731 pro·

1227 2738 1368 2782 sequitur
1381 2750 1392 2771 .·
1419 2738 1497 2773 cum
1513 2739 1558 2771 ad
1569 2735 1749 2781 Episcopum
1761 2737 1887 2770 relatum
1904 2738 1972 2779 effet
1993 2735 2045 2772 boc
2061 2748 2112 2771 eos

1227 2787 1414 2828 machinari,
1439 2793 1628 2822 commonitus
1651 2790 1672 2820 ἃ
1686 2786 1775 2830 suis,
1796 2795 1830 2819 ut
1851 2786 2035 2829 tumultum,
2059 2792 2111 2829 qut

1226 2838 1398 2877 oriebatur,
1418 2846 1541 2871 motura
1560 2839 1758 2871 moderatione
1780 2844 1979 2879 praeverteret
1997 2861 2008 2877 ,
2034 2835 2110 2879 mtfit

1226 2889 1272 2920 ad
1278 2898 1323 2920 eos
1325 2886 1438 2928 foras,
1463 2894 1640 2931 rogavitque
1658 2894 1693 2919 ut
1709 2884 1816 2928 sedato
1835 2886 1953 2928 pedore
1973 2891 2006 2919 in
2027 2888 2111 2925 sm·-

1228 2939 1298 2971 dum
1308 2937 1525 2981 regrederentur
1537 2963 1548 2979 ‚
1569 2937 1817 2981 secumprimt'tm
1836 2941 2043 2978 opportunitas
2068 2934 2110 2979 es-

289 2983 454 3022 Presbyteri
471 2995 576 3018 uxores
597 2994 654 3016 non
664 2982 814 3024 babeant3
841 2981 982 3018 habentes
995 2991 1047 3017 aut
1065 2985 1166 3018 dimit-
1180 2997 1183 3019 ι
1221 2986 1270 3031 set
1282 3013 1293 3029 ‚
1319 2990 1444 3019 Romam
1455 2989 1602 3031 rmffurum
1613 3010 1625 3027 ‚
1649 2987 1684 3019 Θ
1698 2988 1858 3019 Dominum
1869 2985 2057 3034 apostolicum
2066 3011 2076 3028 ,
2085 2983 2117 3027 fi

289 3041 376 3073 tant,
403 3043 456 3068 aut
466 3034 670 3076 deponantur,
698 3044 749 3066 nec
759 3031 916 3076 quisquam
924 3037 1040 3068 omnine
1052 3035 1096 3067 ad
1116 3037 1167 3068 ‚5ae-
1225 3050 1287 3081 qua
1292 3037 1382 3080 poffet
1392 3043 1527 3078 ratione,
1551 3038 1592 3070 ab
1611 3036 1668 3070 bac
1687 3033 1847 3079 sententia·
1868 3036 2041 3071 aeuHorttate
2063 3036 2112 3069 de-

290 3084 448 3117 cerdotium
468 3086 649 3117 admittatur
661 3107 671 3123 ‚
698 3089 750 3125 qui
760 3095 816 3115 non
826 3089 860 3115 in
876 3084 1051 3126 perpetuum
1076 3091 1166 3118 conti-

1227 3088 1398 3120 duc‘iurum.
1427 3085 1594 3132 Ejusmodi
1606 3086 1812 3122 elericorum
1825 3095 1936 3122 motus
1948 3087 2022 3122 fasti
2035 3087 2111 3121 sunt

292 3138 425 3165 nentium
444 3139 600 3177 vitamque
610 3133 737 3167 coelibem
753 3133 945 3175 profiteatur.
974 3142 1034 3169 Hoc
1045 3139 1166 3167 Decreta
1180 3149 1182 3177 i
1223 3137 1258 3171 ὅ(
1271 3139 1305 3172 in
1317 3138 1391 3172 aliis
1401 3136 1602 3175 Provinciis.

290 3190 346 3224 per
358 3190 450 3214 totam
465 3186 582 3218 Italiam
588 3184 775 3227 promulgato
786 3207 795 3223 ‚
820 3184 939 3216 crebras
959 3185 1105 3226 Epistolas
1124 3186 1169 3218 ad
1179 3185 1182 3227 l
1210 3192 1213 3202 '

291 3229 450 3273 Episcopo]
472 3236 639 3267 Galliarum
659 3232 880 3276 transmittebat
893 3257 901 3272 ‚
925 3241 1104 3275 praecipiem
1131 3230 1183 3267 utI

286 3279 348 3323 ipſs
360 3283 581 3325 quoqueinsuis
592 3282 724 3325 Ecclefiis
741 3282 875 3324 fimiliter
890 3282 1050 3324 facerent,
1077 3293 1166 3326 atque

288 3336 310 3365 ἃ
321 3331 504 3364 contubernio
515 3334 700 3367 sacerdotum
708 3344 809 3366 omnes
822 3335 939 3371 omnino
943 3332 1088 3374 fceminas
1095 3342 1166 3375 per-

281 3390 374 3423 petuo
383 3379 571 3414 anathemate
590 3381 767 3423 resecarent.
798 3381 852 3416 Ad
876 3383 1017 3417 eundem
1040 3395 1164 3418 annum

286 3431 397 3466 scribit
410 3430 545 3467 Simeon
571 3429 816 3466 Dunelmenfis:
845 3432 1088 3475 Hildtbrandus,
1113 3440 1166 3477 qui

1978 3481 2070 3524 DE-
