2352 3756
544 95 636 150 'ae
672 111 1192 145 sarrsrAcrroNuM
1227 97 1686 145 Inmane-urus.

236 185 474 234 p'leniffimam
500 184 666 219 Gloffator
690 183 853 235 ᾳροῃίεε
881 184 1032 228 ,Quomodo
1051 178 1105 222 ista

230 242 470 280 compatiuntur,
466 236 627 276 Plenam,
648 236 747 280 largio
757 246 824 276 em,
850 233 1107 277 &plemffimam?

233 291 306 321 Dico
329 289 445 329 Papam
460 292 688 328 interpretatum
700 284 730 327 f
776 296 791 318 e
807 291 840 318 in
852 283 1038 326 consistorio,
1064 293 1109 316 me

227 346 296 381 prae
310 345 395 377 ente,
422 335 498 370 banc
508 337 730 386 Indulgentiam
753 336 827 368 adeo
845 335 969 377 plenam
985 358 997 375 ,
1017 340 1108 375 prout

231 388 377 421 clavium
384 385 511 428 potestas
517 384 552 429 se
563 387 719 421 extendit.
746 385 839 429 ,Quod
845 384 974 431 intelligo
988 406 998 423 ‚
1019 391 1110 425 prout

230 437 328 471 verba
334 441 513 478 patiuntur.

283 485 482 521 Communis
492 486 650 521 sententia
660 455 828 520 existimat
841 508 851 524 ,
877 482 966 527 quod
980 483 1109 517 istarum

233 546 362 570 vocum·
364 535 489 578 'primus
499 534 620 570 author
631 535 822 570 Bonifaeius
840 536 942 567 totius
963 533 1111 576 injunssiae

233 584 433 629 poenitentiae
442 596 499 629 per
508 586 636 628 plenam
647 608 659 625 ,
687 584 791 618 totius
804 594 873 628 quae
892 595 946 627 per
959 584 1112 616 Canones

233 635 364 679 injungi
391 643 517 678 poterat
541 646 641 678 poenae
666 635 819 682 gratiam
829 645 885 678 per
910 633 1112 676 pleniorem,

233 695 290 730 per
312 685 528 744 pleniliimam
538 683 783 729 Indulgentiarn
794 683 990 718 intellexerit
1008 680 1112 715 remis

234 734 358 772 {ionem
380 734 481 769 totius
501 734 750 774 satisfactionis,
773 743 842 777 qua
863 732 1013 767 aDivina
1026 730 1112 773 justi-

235 785 282 818 tia
304 785 405 827 posset
430 784 536 828 exigi.
563 784 608 818 Et
629 783 694 817 hoc
714 782 879 816 Bonifacii
901 792 982 824 opus
1005 780 1111 813 laudat

236 825 560 875 Βοῑὴοιηαςειιῑέὶ
569 831 726 874 Philippo
751 831 890 865 Labbaeo
913 830 1111 873 publicatum

82 882 211 918 Λ-ιςοο
235 879 430 916 Chronicon
454 893 462 913 :
491 875 581 922 papa
607 880 785 921 Bonifatius
810 881 919 919 concess
919 889 930 912 t
957 877 1007 913 boc
1032 891 1108 912 anno

236 930 425 974 vtfita'ntibus
435 924 541 964 limina
552 930 742 972 Apostolorum
753 933 839 964 Petri
858 932 892 965 (ν
905 932 991 963 Pauli
1010 933 1110 963 Romae

232 979 419 1025 peccatoram
442 981 661 1025 Indulgentiarn
681 975 850 1024 generalem
877 1004 888 1021 ,
917 980 1050 1019 statuens
1077 981 1110 1014 ὦ·

237 1033 393 1066 concedens
415 1031 634 1073 Indulgentiam
652 1029 824 1071 confimilem
845 1028 910 1072 ipsa
919 1030 1025 1062 limina
1046 1028 1111 1071 visi*-

236 1080 371 1115 tamibus
382 1080 509 1122 quolibet
519 1091 597 1112 anno
606 1077 710 1119 centes
695 1090 765 1112 mo
795 1083 841 1112 Et
852 1086 897 1113 ita
918 1079 987 1121 fuit
996 1090 1111 1113 concur-

235 1126 288 1176 sus
309 1136 459 1164 maximus
474 1131 662 1172 populorum.
691 1130 734 1163 Et
745 1129 906 1164 Nicolaus
919 1129 1109 1163 Trivettus:

237 1184 326 1222 Papa
337 1180 515 1221 Bonifacius
538 1182 684 1212 mdultum
687 1178 807 1220 faciens
820 1174 952 1212 omnibus
974 1179 1042 1211 vere*
1049 1186 1110 1220 poe·

238 1230 400 1264 nitentibus
426 1231 460 1262 Co·
474 1228 555 1270 conf
549 1230 584 1269 ff
585 1242 600 1262 s
615 1253 626 1269 ,
652 1235 704 1272 qui
709 1237 766 1271 per
775 1234 851 1262 anni
860 1228 949 1269 hujus
956 1227 1110 1271 spata'um,

237 1291 275 1313 ac
290 1288 346 1321 per
357 1277 514 1321 quemlibet
538 1290 652 1311 annum
674 1278 853 1320 centesimum
867 1278 1030 1320 futurum,
1056 1281 1111 1323 Ro-

237 1330 370 1363 mamad
379 1331 541 1362 Beatorum
563 1328 754 1370 Apostolorum
778 1332 864 1362 Petri
889 1330 1019 1362 &Pauli
1032 1327 1111 1370 Basi-

237 1379 313 1412 licas
326 1387 394 1413 voto
408 1383 650 1426 peregrinationis
673 1377 823 1412 humiliter
834 1378 993 1421 accesserint
1017 1380 1050 1411 t&
1061 1380 1112 1411 de-

237 1430 307 1463 vote
319 1453 331 1469 ,
356 1428 521 1462 cannosum
527 1427 646 1471 suorum
671 1429 792 1471 conceffit
803 1428 1024 1472 indulgentiam
1043 1435 1111 1469 pec-

235 1487 368 1513 catorum
379 1503 386 1510 .

288 1527 452 1562 Bonifacii
463 1526 685 1564 liberalitatem
709 1529 799 1563 aux-it
812 1528 965 1564 Clemens
980 1529 1086 1563 sextus
1101 1552 1108 1559 .

236 1577 361 1622 Jubilaei
372 1577 613 1622 Indulgentiam
624 1579 713 1613 dedit
727 1580 841 1622 quovis
854 1591 942 1614 anno
953 1580 1111 1623 quinqua·

235 1627 380 1672 gesimo
407 1627 451 1661 Et
461 1627 633 1673 adjungit.-
658 1631 691 1661 51
700 1635 791 1662 etiam
811 1635 863 1670 qui
873 1638 935 1671 pro
956 1641 1001 1662 ea
1008 1629 1112 1662 {nmil-

233 1681 338 1721 gentia
350 1672 549 1720 consequenda
568 1679 615 1710 ad
623 1673 792 1712 Romanas
812 1678 1000 1712 Sanctorum
1011 1669 1109 1719 Apo

236 1726 395 1760 stolorum
418 1726 559 1768 Bafilicas
580 1728 614 1762 Θ
635 1727 787 1769 Ecclesas
800 1729 959 1765 accedent,
979 1726 1042 1768 posi
1055 1732 1112 1759 iter

238 1783 390 1818 arreptum
399 1770 528 1820 legitime
538 1778 674 1818 impediti
686 1800 696 1817 ,
721 1779 874 1819 quominus
891 1780 934 1810 ad
945 1777 1045 1809 urbem
1064 1776 1112 1809 illo

239 1837 317 1859 anno
337 1826 461 1859 valeant
478 1832 660 1868 pervenire,
686 1828 790 1860 aut‘in
812 1833 866 1860 via
892 1851 902 1866 ‚
929 1827 980 1860 vel
1001 1827 1113 1858 dierum

233 1882 409 1918 praetaxato
419 1878 536 1908 numero
546 1887 602 1909 non
614 1879 775 1918 completo,
802 1882 835 1910 in
847 1875 928 1909 dida
940 1876 1009 1909 urbe
1021 1873 1114 1918 deces-

233 1924 351 1969 serint,
364 1921 449 1958 :veri
461 1930 640 1967 poenitentes
661 1925 834 1967 &eonfeffi‚
859 1927 988 1960 eandem
1014 1925 1114 1958 Indul-

233 1973 367 2019 gentiam
385 1973 612 2018 consequantur.
640 1975 750 2018 HuJus
773 1975 974 2010 liberalitatis
994 1973 1113 2018 duplex
1133 1989 1134 1992 ¹

193 2058 197 2062 ,
237 2026 302 2059 fuit
313 2025 421 2058 causa.
439 2023 570 2063 Primo,
588 2026 662 2068 quia
676 2025 848 2068 Judaicnm
861 2024 1028 2068 Jubilaeum.
1044 2036 1110 2058 non

237 2074 353 2118 quovis
379 2074 553 2107 centesimo
574 2099 585 2114 ‚
624 2075 677 2108 sed
700 2073 817 2118 quovis
843 2074 1112 2118 quinquagesimo

237 2134 327 2157 anno
340 2124 441 2157 fuerat
453 2124 592 2158 factum:
621 2124 665 2157 Et
676 2123 778 2167 ipsum
791 2125 895 2158 fuerat
906 2124 1015 2168 imago
1029 2122 1114 2166 Jubi·

237 2172 285 2206 laei
298 2172 492 2207 Christiani.
520 2173 672 2206 Secundo
683 2197 694 2214 ,
706 2173 782 2217 quia
793 2172 812 2206 ὲ
825 2174 909 2207 natis
921 2174 1005 2209 intra
1018 2173 1115 2207 unius

237 2222 343 2256 fieculi
356 2224 484 2256 cursum
507 2221 698 2257 hominibus
708 2223 836 2266 plurimi
858 2231 918 2257 nec
930 2224 1007 2266 -ejus
1019 2234 1114 2257 exor-

237 2272 331 2306 dium
342 2271 474 2306 videant
488 2283 548 2307 nec
561 2274 658 2306 finem
672 2297 683 2313 ‚
711 2273 849 2317 ideoque
863 2272 904 2307 ab
918 2273 976 2308 ista
988 2272 1113 2307 Divina

237 2323 340 2367 gratia
352 2322 416 2356 fin't
428 2322 556 2365 penitus
567 2322 664 2356 alieni
676 2348 684 2355 .
710 2322 820 2366 Hujus
830 2323 940 2367 gratiae
951 2323 1113 2368 originem

103 2362 132 2393 ἶ·
156 2368 220 2397 300‘
237 2373 374 2414 exponit
387 2372 552 2415 Magnum
574 2373 681 2417 Belgii
695 2371 888 2407 Chronicon
902 2387 913 2406 .·
941 2369 1042 2405 Prir'no
1059 2383 1113 2406 an-

239 2434 275 2455 no
288 2424 383 2462 Papae
395 2422 554 2455 Clementis
568 2424 670 2455 Beata
680 2425 814 2466 Birgitta
827 2424 987 2457 revelatum
995 2422 1051 2465 sibi
1059 2431 1113 2465 per

239 2469 374 2512 visionem
383 2473 405 2503 'a
417 2474 478 2504 Deo
488 2473 587 2513 dixit,
613 2482 645 2505 ut
659 2475 746 2514 Papa
759 2477 908 2506 Avenione
925 2477 1050 2505 Romam
1072 2485 1112 2506 re·

238 2523 311 2555 deat
330 2545 340 2561 ,
367 2532 422 2563 quo
438 2520 471 2564 se
497 2524 530 2555 Θ
551 2521 750 2565 universalem
775 2522 931 2564 Ecclesiam
956 2523 1114 2564 reformet,

239 2573 275 2605 Θ
286 2583 400 2604 annum
405 2575 436 2616 J
439 2571 578 2604 ubiiaeum
590 2574 704 2605 indicat
715 2597 722 2604 .
749 2573 811 2606 sed
825 2576 913 2615 Papa
927 2576 1051 2605 Romam
1061 2583 1114 2605 ve-

238 2627 303 2655 nire
319 2633 376 2653 non
386 2627 570 2654 maturavit.
600 2627 716 2654 Annum
726 2630 827 2656 tamen
829 2626 861 2667 J
864 2623 1002 2655 ubilaeum
1017 2646 1027 2662 ,
1053 2633 1114 2654 ma-

239 2672 319 2704 ximo*
338 2673 382 2704 ad
395 2667 570 2711 instantiam
583 2675 779 2704 Romanorum
792 2696 801 2711 ‚
829 2673 866 2704 de
880 2671 1024 2712 centesimo
1034 2684 1113 2704 anno

239 2723 286 2754 ad
303 2721 567 2766 quinquagefimum
587 2722 724 2754 reduxit.
752 2725 797 2754 Et
820 2726 896 2754 inter
910 2721 1050 2762 Ecclefias
1060 2730 1116 2764 pro

241 2770 448 2814 consequendis
474 2772 669 2814 indulgentiis
691 2776 764 2804 anni
778 2775 811 2816 J
814 2770 911 2804 ubilaei
948 2771 1114 2812 vifitandas

238 2828 464 2854 connumeravit
488 2820 642 2862 Ecclesiam
667 2819 898 2863 Lateranensem
920 2845 931 2861 ,
958 2822 1112 2854 concedens

239 2876 307 2903 usit
319 2895 329 2910 ,
355 2871 542 2913 quipostiter
555 2880 708 2913 arreptum
720 2869 824 2913 inipso
846 2871 1067 2915 annoJubilaeo
1075 2871 1115 2904 le-

237 2922 563 2963 gitimeimpedirentur
576 2945 586 2960 ‚
612 2922 765 2962 quomInics
775 2922 819 2953 ad
837 2921 938 2954 urbem
950 2924 1115 2954 Romanam

236 2976 434 3011 pervenirent
447 2995 458 3010 ,
479 2969 530 3013 seu
553 2977 644 3005 etiam
667 2978 717 3013 qui
743 2982 860 3004 numero
877 2971 988 3003 dierum
1007 2969 1113 3013 inipfis

242 3020 438 3062 Indulgentiis
458 3019 658 3062 consequendis
682 3020 831 3064 adftripto
855 3022 976 3054 necdum
1000 3022 1114 3062 expleto

240 3069 412 3101 decederent
434 3093 444 3108 ‚
465 3071 622 3103 dummodo
643 3073 714 3105 vere
730 3077 910 3112 poeniterent
931 3095 941 3111 ‚
960 3071 1116 3114 Indulgen-

242 3124 302 3150 tias
313 3116 396 3160 ipsas
415 3117 669 3161 consequerentur.
697 3121 889 3155 Bonifacius
911 3121 1011 3154 solam
1023 3119 1114 3154 Vati·

240 3179 379 3208 canam,
405 3166 560 3202 Clernens
581 3170 709 3213 insuper
731 3171 980 3205 Lateranensem
1004 3169 1114 3205 Bafils.

241 3229 312 3251 cam
336 3217 420 3260 juffit
443 3219 587 3252 vilitatis
602 3218 745 3262 Duplici
766 3219 827 3255 hac
852 3222 970 3264 pietate
991 3220 1112 3255 censuit

240 3268 435 3311 poenitentes
459 3268 526 3301 fieri
539 3268 746 3304 satisfactioni
767 3271 960 3305 viciniores.
988 3269 1113 3313 Adjun·

242 3319 292 3361 git
317 3317 404 3351 idem
418 3318 526 3362 Belgii
548 3318 761 3353 Chronicon:
789 3324 874 3354 Anno
879 3319 1034 3363 ftquenti
1056 3319 1110 3364 sci

242 3368 307 3401 iicet
327 3366 473 3409 millesimo
498 3367 686 3409 trecentesimo
706 3368 956 3414 quinquagefimo,
973 3369 1041 3412 fuit
1059 3381 1110 3405 an-

296 3448 301 3457 ,
343 3416 447 3458 §.brist
461 3421 540 3461 Lupi
554 3421 691 3465 operar.
703 3423 754 3454 VI.

1863 119 1882 159 3
1894 120 1920 148 0
1932 116 1951 159 5

1173 191 1229 214 nus
1245 179 1402 225 Jubilaeus
1418 181 1477 222 per
1497 184 1614 223 Papam
1630 183 1806 219 Clementem
1827 186 1983 219 ordinatus
2007 179 2042 222 ὁ

1172 229 1340 270 constitutus
1356 236 1389 263 in
1407 230 1478 263 urbe
1489 233 1581 278 Roma
1592 255 1602 270 ,
1628 240 1770 275 tanquam
1790 237 1849 268 loco
1862 235 2018 279 dignifflmo
2029 259 2040 275 ,

1172 287 1204 314 in
1222 291 1298 325 quo,
1325 288 1358 314 ut
1378 285 1421 312 ait
1441 281 1556 312 Beatus
1578 283 1755 323 Gregorius,
1781 284 1861 318 ultra
1878 285 1932 327 sex
1946 284 2040 318 millia

1173 339 1320 374 corporum
1332 329 1504 364 sannorum
1515 335 1546 362 in
1556 329 1680 371 quolibet
1690 332 1737 361 dte
1747 337 1821 364 anni
1836 333 2018 377 requiefiunt
2027 358 2040 375 ,

1170 390 1260 423 prout
1271 387 1303 414 in
1318 382 1436 424 prologo
1445 380 1519 412 dim
1518 383 1551 425 J
1553 378 1653 412 ubslaei
1666 379 1799 413 Clemens
1815 383 1928 423 afferit.
1957 387 2040 420 Pra-

1175 432 1251 464 dlc‘lo
1268 436 1358 475 igitur
1378 430 1597 475 annoJubilaeo
1618 424 1747 467 instituto
1770 430 1803 462 (ἓν
1827 431 1969 471 publicato
1981 441 2040 474 per

1174 491 1268 515 totam
1279 479 1534 521 christianitatem
1544 502 1555 519 ‚
1571 477 1795 512 innumerabilis
1800 479 1926 520 populus
1937 487 2012 513 utrm
2011 481 2041 523 s

1173 543 1229 573 que
1237 530 1289 574 [εκ
1291 543 1325 564 us
1347 535 1502 564 turmatim
1514 534 1640 566 Romam
1654 533 1791 571 perressit
1806 536 1864 570 pro
1884 529 2041 571 praedillis

1174 582 1368 627 Indulgentiis
1377 581 1593 622 impetrandis
1619 580 1721 620 cujus
1731 577 1892 619 tantafuit
1913 579 2044 612 multim-

1230 630 1335 672 ‚ficut
1360 631 1481 673 quidam
1504 628 1562 669 fide
1586 629 1692 672 dignus
1720 639 1759 662 ex·
1775 626 2043 672 peregrinantibus

1174 687 1336 720 narravit,
1361 688 1395 713 ut
1405 680 1534 723 quotidie
1546 679 1630 721 infra
1642 678 1754 712 diHum
1764 688 1875 711 annum
1882 679 1928 711 ad
1939 687 2045 724 5000.

1168 737 1391 775 peregrinorum
1416 736 1567 766 intr-ames
1593 729 1627 761 ό*
1652 737 1789 762 exeuntes
1813 728 1915 761 urbem
1941 731 2043 762 Roma

1173 788 1423 823 computarentur.
1450 780 1567 814 Romae
1586 778 1789 820 requiescens
1812 788 1902 811 tanta
1914 779 2044 811 SanCto-

1174 842 1245 865 rum
1269 830 1451 865 multitudo
1477 841 1535 874 pro
1557 829 1680 863 cunctis
1707 827 1984 872 peregrinantium
2005 839 2047 861 ao

1172 881 1270 914 etiam
1282 881 1463 915 incolarum
1475 880 1613 923 peccatis
1623 877 1765 913 omnino
1786 886 1934 919 potenter
1952 876 2053 916 interr

1173 929 1259 964 cedit
1279 930 1363 973 apud
1376 931 1563 970 Dominum
1576 954 1586 969 ,
1612 938 1711 973 atque
1736 929 1779 962 ita
1791 926 1915 970 Jubilaei
1937 925 2048 961 Indul-

1173 979 1319 1025 gentiam
1331 981 1409 1014 facit
1423 979 1564 1014 validam
1576 981 1608 1013 ὃ(
1621 989 1745 1014 ratam--

1223 1026 1467 1064 Liberalitatem
1489 1027 1601 1063 denuo
1625 1031 1716 1064 auxit
1736 1027 1895 1062 Urbanus
1921 1029 2045 1062 sextus.

1174 1079 1289 1114 Scribit
1309 1080 1398 1113 enim
1421 1077 1573 1112 Thomas
1587 1076 1894 1124 Walfinghamenfis
1914 1090 1921 1109 :
1950 1081 2053 1113 Donni*

1174 1141 1228 1163 nus
1255 1132 1343 1172 Papa
1366 1129 1501 1164 Urbanus
1527 1128 1708 1170 considerans
1734 1133 1818 1161 viros
1834 1128 1992 1169 ,bominum
2014 1127 2050 1159 ζα·

1174 1187 1278 1214 aetates
1301 1179 1474 1212 imminutae
1486 1203 1497 1219 ,
1524 1178 1668 1217 constituit
1682 1177 1853 1223 Jubilaeum
1870 1177 1935 1219 fieri
1957 1201 1969 1218 ‚
1996 1174 2049 1218 dui

1173 1235 1311 1271 inciperet
1334 1231 1354 1262 ἃ
1367 1229 1480 1274 Natali
1497 1225 1653 1270 sequenti,
1679 1229 1715 1261 ζ’)
1734 1234 1766 1261 r'n
1790 1238 1932 1262 ‘eternum
1948 1226 2049 1268 postea

1168 1278 1283 1323 semper
1294 1279 1443 1313 revolutus
1457 1281 1585 1322 triginta
1595 1277 1689 1311 tribus
1701 1283 1790 1310 annis
1803 1303 1813 1318 ‚
1841 1277 1949 1311 cunc‘lt's
1962 1275 2051 1307 cbri-

1167 1329 1274 1370 sticolis
1297 1329 1487 1368 volveretur,
1502 1327 1651 1361 >indicans
1663 1326 1814 1373 *videlicet
1834 1338 1927 1359 annos
1947 1329 2049 1359 aetatis

1169 1378 1363 1422 plenitudinis
1385 1377 1495 1418 Christi
1516 1377 1640 1418 mysticos
1661 1379 1830 1416 &idoneos
1851 1378 1895 1409 ad
1904 1385 2051 1409 renovan-

1173 1428 1438 1473 dumjubilaeum.
1470 1428 1557 1461 Etin
1572 1428 1661 1462 libris
1683 1427 1938 1463 deClementini
1959 1422 2051 1458 schis-

1163 1480 1269 1524 ‘matis
1279 1479 1406 1524 origine
1418 1477 1652 1513 Theodoricus
1662 1478 1679 1510 ὲ
1691 1479 1724 1512 N
1729 1479 1792 1511 iem
1806 1490 1813 1509 ε
1837 1476 1971 1510 Urbanus
1981 1475 2050 1520 ulti·
2064 1491 2127 1523 Lib·
2158 1502 2184 1522 Ι·

1173 1541 1218 1562 mo
1239 1541 1318 1563 anno
1343 1528 1534 1571 Pontificatus
1558 1529 1668 1562 annum
1682 1528 1815 1573 Jubilaei
1832 1527 2047 1565 abbreviavit,
2063 1542 2127 1573 cap.
2150 1535 2198 1564 68.

1171 1578 1280 1623 scilicet
1309 1578 1478 1623 adfingulos
1500 1583 1625 1623 triginta
1646 1587 1709 1611 tres
1719 1589 1833 1617 annos,
1861 1575 2051 1616 &constituit

1173 1631 1415 1673 quodsum-anno
1426 1631 1544 1661 Domini
1553 1627 1699 1669 millesimo
1713 1626 1904 1668 trecentesimo
1923 1625 2048 1670 oc'iogefi-

1174 1691 1219 1711 mo
1239 1678 1342 1712 obiam
1362 1684 1394 1711 in
1411 1678 1485 1719 festo
1503 1679 1631 1711 NataIIs
1652 1680 1772 1711 Domini
1791 1683 1930 1720 inciperet
1949 1687 2048 1709 annus

1168 1731 1198 1773 J
1201 1728 1325 1761 ubilans
1337 1732 1369 1759 in
1388 1727 1459 1760 urbe
1471 1751 1482 1766 ‚
1509 1729 1543 1761 (5
1553 1728 1676 1761 duraret
1685 1737 1741 1769 per
1757 1739 1869 1760 annum
1893 1725 2030 1767 inclufive
2041 1750 2049 1757 .

1177 1781 1268 1811 Prout
1286 1775 1519 1818 &sallumfuit
1531 1802 1539 1809 .
1566 1778 1628 1810 Sed
1641 1775 1703 1819 ipfe
1726 1776 1865 1810 Urbanus
1889 1777 1973 1809 illum
1993 1786 2051 1808 non

1176 1829 1275 1861 vidit:
1304 1830 1388 1871 ‚Quia
1395 1827 1481 1869 prius
1496 1826 1534 1859 ab
1557 1825 1610 1859 bac
1630 1828 1689 1860 luce
1709 1833 1875 1869 migravit
1904 1829 1949 1858 Et
1967 1831 2054 1858 innu-

1175 1877 1331 1911 merabiles
1339 1882 1490 1920 peregrini
1507 1884 1565 1909 toto
1576 1877 1625 1909 illo
1637 1887 1715 1911 anuo
1725 1899 1736 1915 ‚
1759 1875 1913 1919 postquam
1931 1879 2057 1925 incoepit

1169 1927 1368 1972 Jub'ilaeus,
1390 1924 1561 1970 prasertim
1580 1928 1617 1959 de
1642 1927 1819 1959 Alemannia
1840 1951 1850 1966 ,
1877 1930 2054 1969 Hungaria,

1177 1979 1321 2018 Paionia,
1348 1975 1513 2016 Bobemia,
1535 1977 1664 2019 Anglia,
1689 1978 1724 2010 <w
1735 1976 1805 2009 aliis
1816 1980 1928 2018 Regnis
1940 1987 1974 2008 ac
1984 1977 2053 2007 Pro

1177 2032 1284 2060 vinciis
1307 2050 1317 2066 ,
1343 2037 1410 2069 quae
1428 2025 1560 2067 fuerunt
1587 2027 1624 2059 de
1644 2025 1812 2059 obedientia
1840 2024 1952 2058 Urbani
1974 2049 1984 2065 ,
2011 2026 2056 2057 ad

1176 2076 1283 2109 Urbem
1295 2084 1462 2109 venerunt:
1489 2077 1574 2108 Unde?
1600 2077 1634 2109 <9
1648 2081 1783 2109 maxima
1792 2074 1942 2116 offertoria
1952 2076 2055 2108 Eccle-

1170 2123 1221 2166 fiis
1246 2123 1424 2165 &Bafilicis
1448 2124 1527 2161 urbis
1547 2132 1604 2165 per·
1626 2124 1791 2165 vificatores
1817 2127 1893 2157 data
1903 2125 2054 2166 suerunt,

1172 2173 1229 2218 s'ed
1247 2173 1387 2216 refiduum
1425 2175 1459 2207 <9¹
1473 2174 1574 2213 major
1592 2181 1670 2215 pars
1711 2176 1755 2206 ad
1772 2185 1879 2207 manus
1902 2173 2053 2215 Bonifatii

1178 2229 1245 2256 nom·
1255 2248 1265 2263 ,
1283 2225 1318 2258 (ν
1327 2224 1514 2267 quorundam
1523 2223 1647 2257 aliorum
1659 2224 1782 2257 devenit
1795 2248 1802 2255 .
1830 2224 1874 2256 Et
1886 2222 2053 2268 Magnum

1178 2274 1285 2319 Belgii
1308 2272 1502 2310 Chronicon
1527 2271 1594 2306 haec
1606 2274 1718 2307 omnia
1729 2274 1921 2314 confirmat,
1949 2273 2052 2307 etiam

1177 2324 1345 2358 adduecam
1368 2322 1535 2357 aThoma
1558 2321 1846 2368 Wallinghamenfi
1860 2349 1870 2364 ,
1898 2334 1965 2367 quae
1983 2322 2053 2357 Ur-

1178 2374 1296 2408 banum
1322 2374 1448 2414 movit,
1475 2373 1655 2407 rationem.
1686 2373 1730 2406 Et
1750 2373 1902 2418 adjungit
1922 2373 1963 2407 de
1981 2383 2053 2416 pro·

1179 2424 1268 2457 ximo
1293 2421 1427 2458 Urbani
1448 2423 1619 2457 successore
1642 2423 1818 2457 Bonifacio
1840 2434 1932 2458 nono
1955 2437 1966 2456 .·
1992 2426 2052 2456 An«

1177 2473 1427 2515 no‘Pontifieatus
1451 2472 1600 2514 Bonifatii
1618 2478 1715 2514 prImo
1739 2498 1750 2514 ,
1768 2475 1867 2514 juxta
1891 2475 2051 2507 ordinatio-
2067 2484 2094 2512 ιτ,
2117 2491 2183 2520 300.

1177 2535 1241 2557 nem
1255 2526 1376 2556 Domini
1389 2522 1503 2556 Urbani
1512 2525 1607 2564 Papae
1615 2521 1696 2565 s‘exti
1705 2548 1715 2563 ,
1741 2526 1776 2558 Θ
1787 2535 1825 2557 ex
1837 2522 1930 2564 hujus
1946 2532 2050 2566 appro—

1176 2574 1291 2606 batione
1302 2597 1312 2612 ‚
1336 2574 1457 2614 plurimi
1480 2580 1531 2614 qui
1542 2572 1738 2606 obedientiam
1751 2573 1907 2615 Bonifaclo
1925 2574 2050 2615 praesta-

1178 2623 1251 2655 bant
1272 2647 1282 2662 ‚
1304 2631 1362 2664 pro
1381 2622 1570 2665 indulgentiis
1598 2628 1671 2655 anni
1685 2623 1819 2667 Jubilaei
1839 2622 2049 2666 consequendis

1177 2674 1212 2705 de
1237 2671 1378 2713 universis
1404 2672 1507 2707 mundi
1523 2671 1665 2713 partibus
1683 2673 1728 2705 ad
1748 2673 1855 2706 Urbem
1880 2676 2049 2706 Romanam

1175 2722 1263 2762 confla
1269 2729 1373 2755 xerunt
1382 2746 1389 2754 .
1422 2721 1474 2754 Ille
1482 2724 1551 2754 vero
1566 2727 1617 2764 qui
1629 2723 1666 2755 de
1677 2726 1777 2766 Regno
1788 2727 1928 2756 Francia·
1936 2732 2024 2757 erant
2035 2747 2049 2763 ‚

1176 2774 1209 2805 et
1221 2772 1273 2803 alii
1291 2774 1354 2812 ejus
1375 2771 1571 2804 obedientiam
1591 2773 1782 2813 repudiantes
1801 2797 1811 2813 ‚
1838 2771 1888 2806 boc
1907 2784 1984 2806 anno
1991 2780 2049 2814 pro

1176 2820 1338 2864 hujusmodi
1356 2821 1552 2864 IndulgentiIs
1574 2825 1699 2855 Romam
1719 2834 1776 2855 non
1795 2832 1938 2855 venerunt
1959 2845 1969 2862 ‚
1991 2821 2052 2865 sed

1170 2874 1264 2912 juxta
1285 2877 1419 2912 primam
1437 2872 1648 2905 ordinationem
1664 2873 1823 2905 Clementis
1839 2871 1920 2915 sexti
1933 2898 1943 2913 ,
1969 2883 2048 2904 anno

1178 2926 1294 2954 Domini
1306 2919 1449 2962 millefimo
1459 2921 1739 2964 quadringentefimo
1749 2946 1761 2962 ‚
1788 2927 1821 2955 in
1830 2927 1965 2955 maxima
1975 2922 2048 2954 mul-

1176 2972 1302 3005 titudine
1318 2979 1372 3012 pro
1398 2969 1506 3014 eis'dem
1515 2972 1713 3015 Indulgentiis
1736 2972 1904 3005 obtinendis
1921 2975 2046 3004 Romam

1176 3026 1326 3055 venientes
1348 3023 1456 3054 limina
1477 3021 1644 3054 sannorum
1669 3021 1850 3062 vifitabant.
1879 3019 2047 3054 Graffaba-

1176 3083 1225 3106 tur
1243 3082 1320 3105 tunc
1337 3068 1469 3104 schisma
1498 3071 1745 3106 clementinum
1768 3095 1779 3111 ‚
1804 3071 1839 3105 &
1862 3070 2044 3104 Clementis

1178 3121 1330 3155 successor
1352 3119 1463 3154 Petrus
1472 3118 1512 3154 de
1521 3120 1618 3156 Luna
1641 3121 1769 3155 sedebat
1787 3119 1987 3158 Avenione‚
2012 3119 2045 3154 se

1174 3172 1336 3205 ostentans
1357 3169 1571 3205 Benedistum
1592 3171 1756 3205 decimum
1767 3166 1921 3204 tertium'.
1948 3168 2043 3204 Hinc

1175 3221 1282 3255 Gallia
1302 3232 1362 3254 nec
1389 3219 1566 3256 Urbanum
1593 3231 1654 3254 nec
1681 3219 1891 3254 Bonifacium
1918 3230 1976 3262 pro
1997 3218 2045 3252 le-

1173 3271 1295 3316 gitimis
1313 3269 1528 3305 Pontificibus
1549 3293 1560 3309 ‚
1588 3267 1639 3303 sed
1665 3268 1805 3304 habebat
1830 3280 1889 3312 pro
1912 3268 2040 3302 intrusis

1177 3321 1275 3355 ldolis
1300 3345 1310 3361 ‚
1348 3320 1487 3362 ideoque
1521 3319 1554 3353 δε
1580 3319 1621 3353 ab
1648 3318 1722 3362 ipfis
1756 3319 1925 3353 alteratum
1951 3317 2040 3361 Jubi·

1175 3368 1219 3406 laei
1244 3380 1369 3414 tempus
1393 3367 1552 3405 refutabat
1577 3395 1585 3402 .
1625 3368 1668 3403 Et
1691 3368 1823 3411 quidem
1848 3369 1919 3415 post
1947 3367 2036 3401 Con.-

1567 3417 1600 3454 C
1623 3429 1642 3452 c
1694 3429 1713 3466 3
1912 3418 1996 3452 stan·
