2372 3756
347 138 444 184 224

275 208 362 251 ftrre
373 221 429 243 non
435 207 512 250 poffe
521 229 532 245 ‚
553 216 645 249 neque
655 207 888 247 apollinarianis
894 218 1014 250 gregem
1025 207 1079 237 Det·
1102 215 1156 235 va-

277 258 424 300 stantibus
433 265 490 300 pro
501 258 603 290 eadem
609 263 731 301 gemina
741 258 897 290 debilitate
909 256 1030 298 refislere
1045 279 1055 294 ‚
1082 257 1154 295 Epr-

280 309 420 353 ftopatus
431 319 531 343 curam
554 306 730 349 depositurus
743 331 753 346 ‚
779 309 813 340 Θ
832 308 934 340 νείῐὸἰα
954 305 1013 348 sua
1034 309 1156 337 civitate

282 370 348 392 cum
374 357 527 392 Monachrs
550 363 582 390 in
600 367 668 390 rure
690 356 823 390 vic‘lurus
836 379 845 394 ,
871 356 921 389 ubi
940 360 1031 387 etiam
1052 353 1156 394 defun-

284 409 348 441 Hus
359 409 420 450 est,
446 408 624 441 Theodorum
635 408 672 440 de
693 416 752 439 toto
770 411 889 438 oriente
909 411 939 437 in
965 403 1155 445 defenfionem

283 460 319 493 er
332 456 526 500 visitationem
538 456 670 498 Ecclefiae
679 455 743 498 suae
766 456 875 497 delegit
889 478 899 494 ,
926 465 983 486 non
1001 454 1086 487 aliud
1109 463 1156 484 ca-

279 517 340 552 put
351 509 434 542 illam
446 512 636 542 Provinciam
656 505 762 538 habere
784 503 966 546 testificans,
992 506 1079 544 cujus
1098 502 1154 542 fla-

278 565 392 603 giraret
412 560 573 592 auxilium.
599 556 747 589 Adducit
775 554 929 598 Gregorii
953 552 1154 596 Epistolam,

283 621 325 643 ex
351 609 417 652 ipsa
440 607 555 652 probat
576 605 798 639 Theodorum
820 605 920 637 etiam
944 604 962 636 ὲ
991 613 1083 636 tanto
1112 602 1159 634 vi-

282 671 320 693 ro
339 658 518 702 judicatum
542 654 754 690 Catholicum
767 677 778 694 ‚
803 653 989 696 ideoquein
1003 652 1085 685 tanti
1101 662 1157 684 no-

281 709 384 743 minis
395 707 668 750 pacedefunstum
681 717 749 739 non
773 704 858 747 posse
880 704 988 736 vocari
1013 703 1047 735 in
1074 701 1158 744 judi-

280 760 388 797 cium,
415 756 515 802 longe
536 757 646 790 minus
668 756 714 789 uti
739 754 937 788 Haereticum
959 752 1161 786 condemna·

280 809 307 842 ri
330 833 337 840 .
378 807 530 851 Ejusdem
557 807 724 841 sententiae
750 804 842 838 fuiffe
863 803 994 836 videtur
1025 803 1159 836 Sanetus

281 858 394 892 Petrus
419 857 574 893 Damiani
589 881 599 897 ,
626 865 794 889 vacantem
813 853 1028 887 Paventinam
1049 852 1160 886 Eccle-

283 910 360 942 liam
383 907 564 942 adhortans
586 906 626 939 ad
647 905 770 939 bonam
790 903 984 937 electionem
999 927 1010 943 ‚
1037 903 1070 936 ὅτ,
1090 902 1160 936 sub-

100 950 133 993 L:
173 958 199 984 5·
227 949 262 978 Ε·
280 960 446 1004 jungens:
480 960 545 999 Egv
558 960 703 994 interim,
728 953 757 995 fi
763 959 953 996 praecipitis,
980 959 1011 985 in
1033 933 1175 993 vestruml

101 986 165 1027 μα’
191 999 235 1020 ¹⁰⁷
276 1009 442 1054 servitium
456 1012 580 1040 veniam
594 1030 604 1045 ,
631 1005 665 1038 (θ’
687 1005 740 1037 vel
759 1011 791 1037 in
814 1002 1016 1046 confignandis
1034 1009 1176 1045 pueris,=

280 1058 455 1092 velenalm
470 1055 699 1097 Episcopalibus
716 1056 834 1096 officiis,
859 1062 915 1095 pro
935 1053 1079 1086 charitate
1102 1057 1177 1096 Dei:

280 1112 313 1144 Θ
330 1107 450 1147 vestra,
469 1105 597 1148 fhrfitan
607 1106 829 1147 aliquantulum
853 1103 1004 1137 laborabo.
1034 1100 1176 1159 Lucide]

278 1158 437 1203 supponit
477 1156 690 1192 Vifitatorem
713 1155 753 1189 ab
780 1155 846 1199 ipsa
873 1153 1013 1188 Ecclesia
1036 1154 1175 1198 engen-¹

276 1212 376 1245 dum.

331 1257 530 1303 Respondeo
542 1256 735 1291 Facundum
759 1255 927 1300 insigniter
947 1253 1159 1287 hallucinari.

277 1311 399 1352 Neque
423 1308 510 1343 enim
532 1307 797 1349 Mopsuessienfis
820 1306 852 1338 in
868 1305 1007 1339 secunda
1022 1305 1159 1337 Cilicia:

277 1361 333 1395 sed
354 1358 568 1403 Thyanensis
596 1357 778 1400 Episcopus
804 1367 841 1389 ac
864 1355 1009 1388 secundae
1037 1355 1160 1396 Cappa-

278 1411 383 1444 dociae
405 1409 623 1451 Metropolita
648 1408 710 1440 suit
729 1406 786 1439 iste
808 1404 1011 1438 Theodorus
1038 1428 1043 1434 .
1072 1404 1158 1436 Eum

278 1462 367 1495 enim
390 1461 452 1494 elie
473 1460 533 1491 suae
546 1457 728 1490 Provinciae
742 1457 852 1496 Caput
864 1453 943 1487 dicit
959 1454 1158 1497 Gregorius.

279 1510 383 1558 Qod
405 1507 523 1550 nempe
547 1517 648 1549 nuper
670 1507 704 1537 in
728 1505 833 1538 Sanc'ti
849 1503 1082 1538 Bafiliiodium
1097 1505 1160 1536 lm-

278 1553 408 1604 perator
432 1558 556 1591 Valens
580 1553 825 1599 Cappadociam
848 1553 1042 1588 divififfetin
1057 1552 1158 1592 duas,

277 1613 310 1645 ὅ(
335 1608 502 1647 secundae,
531 1608 564 1640 in
587 1617 650 1649 qua
679 1606 911 1644 Nazianzum,
939 1603 1158 1646 Metropolim

277 1661 428 1695 sanxisset
449 1659 512 1692 effe
532 1657 735 1700 Thyanam.
771 1656 823 1689 Ex
843 1666 911 1698 quo
938 1654 1049 1687 colore
1076 1654 1157 1695 Cap-

275 1712 394 1756 padoci
414 1709 453 1742 ad
482 1709 582 1742 Ponti
606 1705 827 1739 Exarchatum
843 1704 995 1747 specstanti
1009 1704 1159 1736 Eccleliae

276 1764 296 1796 e
321 1758 460 1794 secunda
479 1758 518 1791 ad
543 1753 792 1790 Antiochenum
818 1752 1076 1787 Patriarchatum
1094 1755 1158 1796 spe·

278 1815 386 1846 &ante
406 1807 524 1842 Cilicia
545 1817 737 1849 quaereretur
762 1804 941 1838 Vilitatot?
967 1803 1159 1846 Numquam

276 1861 506 1897 Nazianzenus
521 1882 530 1897 ‚
558 1856 612 1890 sed
635 1856 839 1889 Sazimorum
862 1854 1029 1887 dumtaxat
1052 1855 1085 1886 in
1099 1853 1161 1895 pri·

225 1918 230 1922 ‘
278 1924 333 1948 ma
355 1907 566 1952 Cappadocia
593 1906 772 1949 Episcopus
798 1902 1066 1948 fuitGregoriuS.
1094 1902 1160 1936 Ve-

278 1966 351 1998 rum
375 1959 467 2004 quod
492 1958 587 1991 illum
612 1957 630 1990 a
657 1956 772 1989 Sancto
799 1954 919 1989 Basilio
946 1953 1073 1988 noviter
1099 1964 1161 1986 ere-

278 2016 367 2047 &um
382 2022 418 2044 ac
431 2007 613 2053 litigiosum
634 2005 866 2049 Episcopatum
890 2005 994 2037 nollet
1013 2004 1164 2037 admitte-

280 2075 315 2098 re
330 2088 340 2103 ‚
368 2061 466 2094 rediit
488 2058 717 2096 Nazianzum,
743 2056 825 2089 senis
838 2055 884 2088 sui
908 2054 1016 2087 Patris
1039 2055 1164 2097 Grego-

281 2115 320 2148 rii
351 2112 473 2145 ibidem
493 2108 646 2150 Episcopi
672 2108 739 2149 egit
753 2105 922 2138 vicarium
935 2126 945 2143 ,
965 2104 1102 2146 ipsoque
1112 2103 1163 2136 de-

282 2164 395 2198 sunc‘to
420 2159 535 2192 mansit
559 2157 704 2190 Ecclesiae
733 2155 889 2187 Visitator
913 2178 920 2185 .
955 2153 1049 2186 Hinc
1076 2153 1165 2186 Con·

284 2209 538 2252 flantinopolim
572 2206 652 2240 abiit
677 2231 686 2245 ‚
724 2203 958 2238 orthodoxam
983 2203 1082 2237 fidem
1109 2202 1166 2236 ibi—

285 2264 361 2298 dem
386 2259 565 2302 reparavit,
591 2260 687 2298 atque
715 2254 755 2289 ab
782 2255 835 2288 3:12
857 2265 934 2287 cura
955 2264 1010 2296 per
1037 2265 1166 2297 genera-

285 2316 352 2348 lem
377 2308 524 2345 Orientis
545 2307 715 2349 Synodum
740 2305 910 2338 absolutus
931 2303 1026 2337 rediit
1046 2303 1079 2335 in
1108 2302 1166 2336 Pa-

286 2365 383 2397 triam
397 2386 406 2401 ‚
433 2371 470 2392 ac
488 2359 522 2391 in
532 2354 732 2390 haereditario
746 2354 881 2388 Arianzi
896 2354 969 2398 pagi
980 2352 1084 2388 fundo
1094 2353 1163 2398 egit

289 2408 578 2449 Bionachivitam.
608 2405 794 2439 Etinterim
807 2403 962 2444 vacabat,
988 2403 1022 2437 &
1043 2405 1059 2436 a
1084 2403 1166 2448 gras-

290 2462 438 2498 rantibus
450 2456 694 2501 Apollinatistis
716 2467 752 2487 ac
775 2455 908 2488 Arianis
931 2454 1070 2497 grav-iter
1088 2453 1165 2495 peri-

292 2512 464 2547 clitabatur
475 2508 687 2542 Nazianzena
699 2505 839 2539 Ecclesia
851 2529 858 2537 .
888 2504 980 2538 Hinc
991 2504 1091 2547 igitur
1113 2503 1168 2536 ille

292 2561 517 2598 Theodorum
527 2556 776 2599 Metropolitam
787 2555 918 2588 monuit
931 2578 941 2594 ,
969 2565 1090 2597 rogans
1101 2563 1131 2587 ta
1138 2565 1170 2586 n-

294 2615 371 2648 dem
398 2606 476 2654 eligi
502 2606 712 2642 Cardinalern
732 2605 930 2648 Episcopum
946 2628 956 2644 ,
980 2615 1018 2638 ac
1041 2604 1170 2637 interim

297 2664 365 2697 dari
392 2661 595 2695 defensorem
623 2668 660 2690 ac
684 2656 890 2691 Visitatorem
913 2679 920 2686 .
958 2655 1092 2689 Nimius
1114 2652 1189 2696 prol

299 2709 549 2755 Mopsuestienfi
563 2706 750 2742 Theodoro
772 2706 859 2739 zelus
883 2705 960 2739 fecit
969 2716 1009 2740 ex
1029 2704 1170 2747 ejusdem

301 2762 447 2797 nominis
457 2759 626 2794 occasione
637 2756 855 2792 doctiffirnum
866 2756 1058 2790 Facundum
1070 2752 1173 2788 hallu-

302 2810 423 2846 cinari.
452 2810 524 2843 Nec
535 2809 670 2841 mitum:
703 2806 914 2841 Doctiffimos
941 2807 1030 2840 enim
1052 2805 1174 2839 duode-

302 2863 368 2896 cim
393 2860 491 2893 libros
514 2856 631 2900 scripsit
647 2857 713 2890 fine
735 2857 824 2890 libris
843 2868 882 2890 ex
909 2857 975 2890 sola
999 2855 1173 2889 memoria.

306 2911 459 2946 Eundem
470 2918 610 2942 errorem
623 2908 655 2939 in
670 2907 787 2940 Edicto
801 2909 858 2940 suo
867 2906 963 2939 etiam
983 2906 1195 2949 Justinianusi

307 2960 476 3005 Augustus
486 2984 504 2999 ,a
524 2958 557 2991 ὃ(
578 2957 613 2989 in
637 2957 700 2992 suis
719 2954 867 2990 adversus
888 2946 1194 2999 Mopsuestiensem*

311 3013 403 3046 Actis
426 3010 542 3053 quinta
565 3006 719 3050 Synodus
745 3016 895 3039 notarunt
916 3030 922 3036 .
961 3006 1061 3054 Qod
1090 3005 1178 3039 Petri

309 3059 467 3097 Dmiani
488 3067 633 3101 tempore
657 3067 805 3090 vacantes
829 3054 973 3088 Ecclefiae
995 3056 1051 3089 tibi
1067 3055 1181 3093 Vifita·

308 3123 413 3146 torem
423 3110 579 3154 eligerent
591 3131 601 3146 ,
624 3105 717 3140 facile
728 3104 928 3140 crediderim.
954 3106 1081 3149 jacebat
1092 3105 1181 3138 enim

314 3171 391 3195 tunc
408 3157 626 3194 Ecclesiastica
639 3156 809 3198 disciplina
829 3180 840 3196 ‚
868 3166 965 3199 quam
989 3156 1074 3189 circa
1095 3154 1184 3188 hunc

315 3221 443 3255 quoque
468 3208 640 3243 articulum
665 3206 850 3240 reformavit
877 3206 1031 3249 septimus
1058 3205 1183 3248 Grego-

314 3261 401 3299 rius,
430 3259 575 3293 sanciens
598 3256 789 3292 Vifitatores
809 3256 1095 3299 &metropolitana
1106 3253 1186 3290 Sede

312 3307 517 3353 dirigendos.
1198 3305 1205 3368 l

368 3360 411 3392 Et
438 3356 519 3389 hanc
543 3357 603 3390 effe
623 3356 875 3399 antiquiffimam
904 3356 1066 3400 Regulam
1091 3354 1206 3389 doceri

657 121 699 166 S.
738 119 1059 166 GREGORM
1098 132 1335 163 SEPTIMI
1374 104 1746 169 150Nr1frc1s

1218 202 1368 235 zianzeni
1399 204 1552 247 Epistola
1583 231 1589 237 .
1629 207 1737 240 Etiam
1765 207 1941 252 Ruspenfis
1954 208 2105 244 Ecclen‘ae

1220 252 1431 286 visitatorem
1453 255 1547 288 fuisse
1583 255 1695 289 datum
1724 256 1742 288 ὲ
1770 257 1900 300 Bysacii
1936 259 2100 301 primate,

1218 302 1307 344 supra
1329 303 1515 338 audivimus
1536 305 1554 338 a
1579 305 1746 339 Ferrando
1774 307 1928 340 Diacono
1943 332 1950 339 .
1976 310 2020 343 Et
2045 321 2104 344 va-

1218 353 1306 386 canti
1334 354 1374 386 ad
1402 353 1551 388 Cornelii
1579 357 1686 389 forum
1716 357 1866 390 Ecclefiae
1887 356 2102 394 visitatorem

1218 400 1306 435 dedit
1333 403 1551 447 Metropolita
1577 406 1713 439 Sanstus
1740 406 1956 441 Ambrofius.
1982 408 2026 441 Et
2048 404 2111 442 va?

1217 452 1306 485 canti
1330 465 1384 495 per
1406 454 1645 489 Contumeliofi
1659 456 1812 499 Episcopi
1827 456 2108 502 degradationem,

1219 502 1348 536 Reiensi
1372 504 1521 539 Ecclefiae
1548 505 1762 540 Vifitatorem
1789 505 1856 540 dari
1880 519 1933 551 per
1947 508 2103 542 SanEtum

1219 552 1392 587 Caesarium
1415 554 1665 599 Metropolitam
1679 557 1902 591 Arelatensem
1917 556 2002 599 juffit
2016 558 2104 591 Pon-

1218 604 1302 637 tifex
1330 604 1471 647 Joannes
1496 606 1679 640 secundus·
1723 608 1826 654 Qod
1856 609 1960 650 ipsum
1987 610 2103 651 suppo-

1220 664 1304 688 nunt
1331 654 1478 688 Reienfis
1504 655 1680 698 Synodus,
1705 660 1819 700 quinta
1833 657 2101 698 Aurelianensis,

1219 704 1254 737 ὅ(
1275 704 1499 747 Hispanorum
1522 705 1721 740 Valentina.
1750 707 1929 742 Etcunffis
1957 707 2097 748 Siciliae,

1220 754 1401 795 Calabriae,
1427 755 1579 798 Apuliae‚
1606 757 1795 800 Campaniae
1814 782 1824 798 ,
1856 757 1891 790 δε
1918 758 2100 792 vicinarum

1221 802 1466 839 provinciarum
1505 807 1655 841 Ecclefiis
1682 807 1872 842 Visitatores
1897 807 1989 842 dedit
2027 808 2102 842 Ma-

1220 865 1305 898 gnus
1331 855 1534 900 Gregorius,
1560 856 1648 899 quod
1674 868 1755 891 tunc
1782 858 1953 892 Romanus
1967 859 2102 901 Episco-

1222 917 1279 948 pus
1299 906 1376 939 effet
1403 906 1538 948 ipsarum
1553 907 1851 951 Metropolitanus.
1879 907 2102 955 Qodipsum.

1221 954 1341 989 affidue
1367 954 1511 990 clamant.
1535 958 1676 999 antiquae
1702 956 1944 1001 Episcopalium
1973 968 2102 1001 promo-

1222 1006 1352 1039 tionum
1380 1006 1527 1039 formulae
1560 1008 1646 1049 apud
1685 1006 1842 1051 Jacobutn
1865 1007 2099 1042 sirmondum.

1224 1056 1332 1089 Etiam
1361 1054 1565 1090 Caturcenfis
1593 1056 1736 1090 Ecclefiae
1762 1058 1803 1091 de
1829 1056 1998 1091 Gualberti
2036 1058 2101 1091 ele·

1222 1106 1335 1140 stione*
1371 1107 1548 1139 Decretum
1576 1129 1582 1138 .
1623 1105 1727 1140 Addit
1754 1107 2015 1150 Metropolitanae
2039 1107 2100 1141 Ec-

1223 1156 1320 1189 clefiae
1354 1154 1567 1189 Visitatorem
1589 1154 1630 1190 ab
1651 1155 1808 1190 omnibus
1831 1157 2100 1200 Comprovincia·

1222 1206 1307 1240 libus
1327 1202 1489 1239 dandum.
1520 1205 1645 1250 Excipe
1656 1217 1765 1240 tamen
1779 1206 1971 1242 Vifitatores
1983 1216 2098 1248 natos,

1222 1257 1334 1299 quales
1359 1257 1392 1288 in
1418 1255 1642 1290 Cantuarienfi
1668 1256 1877 1297 Roffensem‚
1907 1257 1940 1290 in
1963 1256 2099 1301 Lugdu·

1223 1305 1308 1339 nenfi
1333 1304 1519 1339 Eduensem
1540 1330 1550 1346 ,
1579 1317 1617 1340 ac
1639 1307 1673 1340 in
1694 1306 1836 1340 Eduenfi
1858 1307 1998 1341 Ecclesia
2024 1305 2101 1340 dixi.

1222 1356 1314 1389 fuisse
1343 1356 1546 1398 Episcopum
1573 1354 1829 1402 Lugdunensem
1854 1381 1860 1388 .
1897 1357 1946 1389 Hi
1976 1356 2103 1390 nullius
2157 1371 2166 1386 ι

1219 1406 1385 1439 creatione
1405 1416 1460 1438 aut
1483 1403 1914 1451 delegationeindigebant.
1938 1403 2042 1442 Ροιτὸ
2055 1405 2096 1439 de

1220 1465 1353 1490 vacante
1376 1466 1430 1497 per
1448 1454 1584 1497 Erpuini
1610 1451 1763 1499 Epistopi
1791 1466 1930 1489 mortem
1943 1455 2110 1499 Sylvane·,
2147 1486 2151 1491 ‚

1220 1505 1314 1539 &ensi
1339 1505 1481 1539 Ecclesia
1502 1506 1667 1549 scripfitin
1681 1504 1818 1540 laudatis
1827 1505 2024 1540 formulisad
2037 1505 2103 1539 Ca-

1219 1551 1325 1590 rolum
1348 1555 1491 1589 Calvum
1515 1555 1716 1589 Francorum
1745 1555 1870 1599 Regem
1897 1555 2105 1589 Hincmarus

1222 1604 1437 1648 Metropolira
1463 1606 1648 1639 Remenfis:
1677 1608 1820 1650 Dignetur
1842 1604 1916 1638 mibi
1929 1609 2106 1638 Dominatio
2122 1623 2210 1665 Epist·
2227 1629 2261 1657 4-

1219 1655 1316 1695 vestra
1329 1654 1513 1698 fignificare,
1540 1666 1626 1697 quem
1650 1656 1744 1689 vultis
1754 1657 1790 1688 de
1800 1653 1979 1698 coepiscopis
1992 1655 2100 1695 nostris
2248 1647 2259 1657 ⁸

1218 1713 1251 1738 ut
1275 1712 1300 1738 ei
1319 1706 1437 1738 litteras
1463 1709 1630 1738 Canontcas
1653 1707 1780 1749 dirigam
1793 1730 1802 1744 ‚
1829 1705 2036 1748 &Viffiatoris
2052 1703 2099 1746 of-

1218 1755 1284 1798 ficio
1299 1754 1450 1798 fungatur
1462 1778 1477 1804 ,Ι
1499 1753 1541 1787 Et
1566 1766 1620 1798 per
1640 1756 1815 1789 Hincmari
1828 1766 1967 1788 mortem
1980 1764 2102 1788 vacans

1219 1806 1386 1839 Remensis
1410 1804 1573 1842 Ecclesia,
1601 1816 1668 1838 non
1691 1804 1796 1838 solnm
1818 1805 1904 1847 apud
1915 1803 2104 1839 Provincia*-

1221 1855 1418 1898 Episcopos‚
1446 1855 1496 1888 sed
1522 1855 1620 1888 etiam
1642 1854 1727 1897 apud
1754 1855 1879 1898 Regem
1891 1855 1955 1888 fuit
1968 1855 2100 1888 accusa-

1219 1916 1275 1945 ta,
1301 1903 1389 1949 quod
1409 1904 1476 1937 fine
1499 1904 1674 1938 Visitatore
1683 1905 1876 1938 electionem
1888 1904 2096 1940 attentasset.-

1201 1968 1205 1998 ς
1220 1956 1263 1989 Et
1287 1954 1321 1988 in
1343 1955 1482 1988 formula
1494 1979 1504 1995 ,
1531 1965 1594 1995 qua
1615 1963 1782 1989 vacantem
1798 1954 1973 1988 Ecclesiam
1983 1952 2025 1988 ad
2035 1953 2102 1987 Ca·
2119 1934 2259 1974 Epist„05;

1201 1999 1206 2150 l

1220 2005 1377 2039 nonicam
1402 2004 1594 2038 electionem
1621 2004 1743 2038 solebat
1763 2002 1954 2044 exhortari,
1980 2003 2106 2038 Vifita·

1220 2061 1273 2089 tor
1300 2055 1480 2097 Episcopus
1516 2054 1684 2097 profitetur
1721 2055 1752 2088 se
1786 2054 1916 2088 missum
1942 2053 1959 2087 a
1987 2052 2107 2098 Rege..

1221 2106 1352 2147 Nempe
1377 2105 1508 2147 Regum
1530 2105 1727 2137 consensum
1741 2127 1752 2143 ,
1779 2103 1885 2137 immo
1903 2103 1937 2136 ἀ
1963 2102 2140 2160 personat‘i
2162 2126 2205 2159 ,ὦ
2226 2131 2262 2159 6.

1222 2154 1478 2198 designationem
1500 2153 1600 2188 etiam
1622 2153 1657 2187 in
1678 2153 1743 2188 hoc
1754 2154 1876 2198 punem
1887 2152 1996 2198 vigere
2007 2152 2108 2186 Fran·
2141 2137 2175 2189 μ.

1224 2216 1336 2239 corum
1359 2205 1466 2248 Reges
1487 2203 1679 2238 voluerunt.
1952 2224 1953 2233 1

1277 2254 1424 2300 Qaestio
1445 2253 1578 2297 septima
1599 2253 1667 2293 est,
1694 2252 1879 2299 Qomodo
1902 2252 1935 2285 in
1956 2250 2112 2296 praesenti'

1228 2305 1370 2339 Canone
1394 2303 1501 2336 noster
1523 2303 1675 2345 septimus
1696 2302 1877 2347 Gregorius
1886 2300 1976 2335 dicat
1989 2300 2107 2336 Vifira-

1229 2365 1332 2388 torem
1356 2353 1374 2386 ὲ
1395 2352 1475 2387 Sede
1489 2351 1698 2396 Apostolica,
1724 2352 1774 2385 vel
1785 2352 1802 2385 ὲ
1814 2351 2030 2395 Metropolita
2042 2351 2108 2386 effe

1230 2402 1462 2448 dirigendum?
1490 2401 1544 2436 An
1580 2401 1647 2436 haec
1670 2401 1804 2436 directio
1814 2401 1851 2434 fit
1863 2399 2107 2444 mixtaejurisdi-

1231 2455 1372 2492 ustionis,
1397 2453 1430 2487 ὅ(
1454 2450 1546 2486 detur
1566 2452 1657 2486 locus
1679 2451 1891 2496 praeventioni
1914 2453 1930 2484 ἓ
1957 2451 2111 2498 Βοΐροιιῄ

1231 2504 1294 2537 deo
1308 2513 1374 2536 non
1387 2502 1471 2536 dari.
1502 2502 1653 2537 Romana
1666 2501 1843 2536 Provincia
1854 2513 1894 2535 ex
1910 2501 2108 2545 Apostolico

1234 2555 1374 2588 Canone
1396 2553 1459 2586 suit
1479 2552 1578 2597 longe
1595 2551 1767 2586 vastissima
1788 2577 1799 2593 ,
1825 2550 2109 2596 comprehendens

1233 2615 1368 2638 omnem
1394 2601 1579 2636 Thusciam
1597 2627 1608 2644 ‚
1640 2603 1838 2643 AEmiliam,
1865 2602 2106 2645 Campaniam,
2164 2633 2166 2637 .

1229 2654 1393 2688 Picenum
1405 2677 1416 2693 ,
1432 2652 1584 2694 BrutioS,
1610 2651 1786 2695 Apuliam,
1807 2650 2106 2692 Calabriam,Cor-

1234 2706 1328 2738 sicam
1350 2727 1361 2743 ,
1399 2702 1542 2737 Siciliam
1564 2715 1571 2734 ε
1602 2701 1730 2736 Harum
1751 2704 1899 2745 omnium
1920 2701 2109 2736 Provincia·
2168 2721 2172 2729 ι

1236 2767 1306 2789 rum
1334 2754 1450 2788 unicus
1476 2753 1693 2796 Metropolita
1712 2762 1779 2786 erat
1794 2751 1974 2795 Episcopus
1986 2752 2108 2786 Rorna-

1239 2816 1319 2839 nus,
1358 2803 1530 2837 Romanus
1558 2803 1737 2845 Episcopus
1767 2802 1917 2835 omnium
1940 2801 1997 2835 sub
2021 2800 2109 2836 coelo

1238 2855 1451 2890 Ecclefiarum
1473 2865 1510 2887 ac
1532 2851 1893 2895 Synodorumjudicia‚
1917 2850 2111 2895 appellatio-

1241 2916 1295 2938 nes
1311 2929 1321 2944 ,
1347 2903 1646 2940 consultationes&
1668 2903 1796 2944 quasvis
1816 2902 1981 2946 graviores
1999 2901 2110 2935 causas

1240 2956 1398 2989 discutere
1408 2977 1418 2993 ‚
1430 2965 1467 2987 ac
1479 2952 1610 2997 probare
1619 2953 1671 2986 vel
1687 2951 1869 2995 improbare
1878 2951 1974 2986 debet
1984 2974 1995 2991 ‚
2021 2951 2112 2987 ideo·

1241 3016 1303 3047 que
1313 3004 1584 3047 ampliffimaeget
1607 3003 1765 3046 Synodo.
1790 3003 1870 3036 Eam
1893 3004 2014 3045 primus
2031 3013 2113 3036 con·

1242 3056 1341 3089 traxit
1354 3055 1485 3088 Sanstus
1497 3054 1566 3088 Leo
1578 3052 1742 3096 Magnus,
1761 3051 1800 3084 ad
1814 3051 2043 3087 Valentiniani
2054 3061 2118 3086 tet*

1244 3107 1280 3139 tii
1307 3104 1492 3147 Imperiales
1515 3106 1621 3146 predes
1643 3104 1836 3136 Ravennam
1858 3128 1869 3144 ‚
1894 3102 1983 3146 quod
2005 3100 2115 3145 Regia

1245 3164 1322 3189 tunc
1335 3156 1409 3188 effer
1422 3152 1569 3192 Civitas,
1579 3152 1719 3186 evehens
1730 3154 1763 3186 in
1778 3152 2031 3187 Ecclesiasticam
2042 3150 2116 3185 Me·-

1246 3205 1399 3248 tropolim
1410 3230 1417 3237 .
1431 3206 1588 3238 Attamen
1602 3203 1694 3236 salvis
1706 3204 1867 3237 Romanae
1878 3200 2048 3236 Cathedrae
2060 3210 2116 3244 anssn

1248 3254 1344 3298 tiquis
1360 3255 1394 3287 in
1420 3255 1519 3297 ipsam
1540 3252 1680 3295 juribus.
1708 3254 1779 3292 Ea,
1806 3253 1961 3295 inquam,
1987 3251 2058 3294 lege
2077 3256 2117 3283 ue

1251 3317 1308 3338 nec
1322 3316 1425 3338 novus
1433 3304 1485 3337 hic
1499 3302 1710 3345 Metropolita
1719 3304 1738 3343 a·
1749 3303 1811 3337 suis
1823 3298 2119 3344 Comprovinciali-

1249 3354 1326 3395 bus,
1353 3355 1406 3388 sed
1421 3354 1517 3388 veteri
1527 3363 1615 3386 more
1625 3354 1826 3387 ordinaretur
1836 3350 1978 3385 Romaea
2004 3348 2122 3383 Domi-

321 3420 378 3457 pet
404 3407 596 3443 Facundum
632 3405 760 3442 laudata
794 3406 903 3444 Sanffi
935 3406 1087 3452 Gregorii
1121 3405 1203 3450 {Na-4
1251 3415 1294 3439 no
1319 3404 1431 3447 Papa,
1456 3415 1517 3438 nec
1539 3404 1607 3447 ipse
1627 3402 1885 3444 suos-ordinaret
1907 3398 2126 3444 comprovin-

2016 3450 2079 3485 cia-
