2352 3756
419 139 487 169 DE
525 123 784 168 ROMANA
819 119 1263 176 EIJPISCOPORUM
1299 131 1843 170 consecuitrroug,

260 209 363 247 crevit
389 211 538 246 Electum
565 235 571 243 .
609 207 679 242 Eos
706 206 762 251 qui
788 203 854 240 hoc
880 204 950 248 post
977 202 1145 237 Valeriani

260 269 400 297 mortem
424 260 598 306 contigisse
620 259 818 302 opinantur,
844 255 996 289 existimo
1010 264 1078 287 non
1095 265 1148 287 au-

262 312 421 347 diendos.
450 313 540 346 Nam
560 308 732 353 quomodo
744 315 854 341 tantus
874 304 1026 348 Augusta
1038 302 1149 337 ortho-

262 364 344 398 doxi
369 362 532 405 Principis
552 358 754 393 authoritate
776 357 910 399 stipatus
934 353 1148 397 Metropolita

261 414 334 448 suas
346 413 491 448 civitates
503 422 571 445 non
583 409 786 453 expurgasset
797 408 809 440 ἒ
822 405 869 439 At
882 415 992 439 manet
1006 402 1149 448 quaestio,

260 464 338 509 Qa
359 463 519 508 potestate
543 459 734 494 Ambrosius
747 458 806 491 ista
819 454 990 499 patraverit
1009 479 1015 486 .
1042 453 1149 496 Eaip-

258 514 296 547 sa
307 537 319 553 ,
344 524 408 555 qua
426 512 609 546 Anemium
622 507 826 544 consecravit
839 506 873 538 in
887 503 1151 547 MetropoliSyr-

259 564 435 598 mienfium
445 587 453 595 .
480 559 672 604 Apostolica
682 557 889 602 delegatione
902 555 1009 590 Sansti
1020 553 1151 588 Damafi

261 611 456 647 Pontificis.
487 612 567 654 Ejus
577 609 674 644 verba
687 633 698 649 ,
726 612 826 641 Meum
838 611 869 638 in
880 614 909 639 te
914 606 1063 645 judicium
1077 615 1151 637 com·

257 663 441 706 probabitur
454 687 465 703 ,
492 671 698 703 nequaquam
719 658 899 701 important
918 656 1128 689 Attentarum
1142 677 1152 692 ,

259 712 320 747 sed
344 713 447 748 solam
468 711 573 746 Eleffi
599 722 636 744 ac
652 708 820 743 electionis
845 705 1151 739 confirmationem.

260 761 455 797 Ambrosius
466 763 529 797 fuit
542 759 751 805 rigidissimus
763 758 942 791 Canonum
957 754 1064 788 custos
1076 778 1085 794 ,
1112 753 1152 787 de

261 814 329 846 ulla
354 813 499 856 ipsorum
522 809 785 855 praevaricatione
808 814 988 846 numquam
1002 804 1152 837 velnota-

260 872 335 896 tus.
365 863 418 894 Ex
440 862 491 894 his
516 861 648 894 interim
669 859 757 891 lucet
769 854 859 898 quod
871 854 1018 888 Felicem
1031 865 1099 887 non
1112 865 1153 887 ex

255 913 327 947 ‘suae
349 911 440 946 Sedis
460 910 530 954 jure
552 918 608 942 aut
629 906 806 951 privilegio
832 904 1091 938 consecraverit.
1119 903 1153 937 Si

259 962 352 997 enim
374 958 615 996 Mediolanensi
640 953 924 990 Cathedraefuiffet
936 954 1010 987 talis
1021 954 1155 987 consue-

259 1013 346 1047 tudo
367 1021 425 1046 aut
447 1008 665 1052 Praerogativa
680 1030 690 1045 ,
718 1004 777 1039 ista
803 1004 1006 1038 consecratio
1018 1015 1086 1037 non
1099 1015 1152 1047 po·

260 1069 367 1096 tuerat
387 1061 422 1094 in
442 1059 658 1103 squaestionem
671 1055 822 1090 devocari
837 1054 878 1087 ad
890 1054 1074 1097 Synodum.

311 1110 418 1158 Qod
445 1106 687 1142 Mediolanensi
714 1104 887 1139 Cathedrae
915 1106 1006 1147 super
1041 1102 1151 1137 Vene-

260 1162 315 1196 tiae
343 1159 500 1194 Ecclefias
526 1158 640 1191 nullus
662 1165 819 1196 umquam
846 1153 1007 1187 Primatus
1035 1153 1155 1192 fuerit,

260 1210 478 1246 demonstrari
506 1208 610 1252 potest
633 1207 732 1241 etiam
755 1216 797 1238 ex
810 1203 881 1237 aliis
894 1203 1085 1246 principiis.
1117 1203 1153 1235 In

261 1260 463 1304 Aquilejenfi
485 1258 662 1295 Concilio,
695 1256 796 1289 unico
818 1253 961 1288 Domini
983 1253 1154 1295 Arcniepi·

259 1312 351 1356 scopi
366 1310 611 1348 fundamento,
636 1306 719 1340 clare
742 1302 921 1338 habemus:
946 1302 1154 1345 Episcopiqui

259 1359 327 1395 huic
352 1361 481 1394 Concilio
505 1357 710 1399 interfuerunt
736 1381 747 1395 ,
782 1356 960 1389 Valerianus
988 1351 1156 1395 Episcopus

260 1411 456 1455 Aquilejenfis
484 1434 496 1451 ,
523 1406 684 1449 Ambrosius
712 1403 882 1448 Episcopus
910 1402 1155 1443 Mediolanenſss.

257 1462 307 1495 Et
334 1461 418 1495 infra
445 1476 456 1495 .·
484 1462 599 1504 siagrio
624 1460 659 1491 ό·
685 1455 830 1489 Eucherio
854 1479 865 1495 ,
891 1455 969 1487 virts
993 1454 1155 1493 clarifflmis

256 1510 436 1554 Consulibus
450 1535 462 1552 ‚
490 1508 635 1552 Aquilejae
655 1513 689 1540 in
716 1504 840 1546 Ecclesia
862 1502 1070 1539 conlidentibus
1091 1514 1156 1535 cum

251 1560 419 1605 'Episcopis
432 1587 444 1603 ,
470 1556 699 1602 Aquilejenfium
726 1559 860 1589 civitatis
884 1554 1067 1594 Valeriano,
1092 1557 1156 1585 Me-

256 1611 433 1653 diolanensi}
445 1608 590 1651 Ambrofio
601 1634 608 1641 .
637 1607 681 1640 Et
695 1606 813 1639 iterum
828 1629 839 1646 ‚
865 1602 1005 1646 Episcopi
1022 1604 1055 1636 (5
1068 1605 1156 1635 Pres-

254 1660 372 1700 zytert,
401 1666 452 1702 qui
463 1659 593 1691 Concilio
601 1653 860 1698 subscripserunt,
888 1655 1066 1687 Valerianus
1078 1656 1155 1694 Epi-

253 1708 360 1752 stopus
373 1706 580 1750 Aquilejenfis,
595 1702 761 1745 Ambrosius
775 1702 940 1744 Episcopus
953 1704 1153 1734 Mediolanen-

253 1759 317 1803 fis,
343 1758 487 1801 Eusebius
515 1753 682 1797 Episcopus
699 1751 909 1792 Bononiensis.
938 1750 1155 1787 Valerianus,

256 1811 336 1844 licet
348 1803 717 1847 consecrationejunior
731 1827 742 1843 ,
768 1802 802 1834 in
819 1800 973 1834 omnibus
992 1801 1155 1841 praefertur

257 1858 437 1895 Ambrofio
456 1882 467 1898 ,
493 1853 583 1901 quod
611 1850 728 1896 nempe
755 1852 912 1885 Sororum
938 1848 1153 1883 Ecclesiarum

255 1910 361 1944 essent
381 1909 493 1942 fratres
516 1903 701 1947 Episcopi,
727 1902 762 1934 &
783 1901 841 1934 ille
863 1900 942 1932 esset
964 1898 999 1930 in
1026 1898 1154 1941 propria

252 1959 412 1993 civitate.
439 1953 538 1989 Adeo
562 1952 628 1986 fida
649 1951 726 1984 sunt
745 1948 890 1983 Domini
905 1944 1152 1990 Archiepiscopi

254 2008 493 2043 fundamenta.
514 2003 594 2036 Nec
618 2000 717 2034 refert
741 1998 835 2041 quod
858 1997 992 2030 Sanetus
1013 1995 1155 2029 Ambro—

249 2059 320 2092 sius
347 2053 509 2099 Aquilejae
533 2050 639 2096 egerit
661 2048 749 2093 quasi
772 2046 907 2086 omnia,
929 2046 1013 2079 os&
1038 2046 1152 2089 lingua

1207 206 1313 237 iterum
1319 201 1498 245 postulamus
1509 229 1519 244 ‚
1546 215 1579 237 ut
1593 203 1751 242 Paulinum
1762 209 1977 252 Aquilejensem
1995 210 2084 254 Pseu·

1209 251 1455 295 do-Episcopum
1482 277 1493 292 ,
1530 255 1563 285 (θ’
1588 257 1670 289 illum
1695 258 1938 302 Mediolanensem
1963 262 2082 304 Episco-

1204 314 1278 347 pum
1295 327 1305 343 ,
1331 304 1442 346 utique
1465 302 1613 336 Vitalem
1635 328 1645 342 ,
1671 309 1713 338 ad
1732 311 1968 349 clementissimum
1991 314 2080 345 Prin.

1208 361 1301 397 cipem
1306 353 1332 397 s
1327 353 1365 386 ub
1376 355 1467 395 digna
1477 352 1601 391 custodia
1615 353 1751 395 dirigatis
1764 381 1774 395 ,
1799 371 1833 394 ut
1844 362 1877 393 ὼ*
1888 360 1935 398 iste
1944 367 1994 403 qui
2003 363 2080 403 Epi.

1206 405 1312 448 scopus
1337 404 1505 437 nullatenus
1525 402 1576 445 effe
1594 402 1683 443 potest
1703 427 1714 442 ‚
1740 411 1810 445 quia
1840 419 1939 442 contra
1966 423 2079 444 omnem

1210 460 1392 488 canonicam
1417 451 1651 496 consuetudinem
1679 452 1785 494 fac‘lus
1810 457 1846 492 est
1869 480 1880 496 ,
1917 463 1990 492 alios
2022 472 2081 494 non
2094 478 2105 491 ι

1206 508 1338 547 perdat,
1364 505 1397 536 Θ
1420 504 1468 536 ille
1489 509 1538 545 qut
1559 512 1660 536 contra
1670 510 1937 547 moremamiquum
1947 512 2083 543 ordinare

1211 567 1278 590 eum
1292 552 1478 598 praesumpfit
1489 578 1499 592 ‚
1526 553 1633 586 debitae
1651 553 1820 587 Canontbus
1833 558 1976 591 vindtc‘lae
1985 558 2084 601 subja-

1210 614 1290 639 ceat.
1317 604 1412 637 Prior
1433 603 1472 637 ad
1489 603 1648 645 Joannem
1660 603 1838 637 Patricium
1849 606 1995 649 Epistola
2007 609 2087 642 affir-

1211 665 1280 691 mat
1300 654 1362 689 effe
1382 655 1554 696 antiquum
1574 665 1697 687 morem
1711 679 1720 693 ,
1748 664 1784 687 ut
1806 655 1841 688 hi
1868 655 2088 699 Metropolitae

1213 708 1277 740 sese
1303 714 1419 738 mutuo
1446 704 1635 737 consecrent
1657 716 1664 735 :
1691 704 1774 737 Haec
1800 703 1878 738 vero
1904 706 2050 750 Epistola
2071 708 2090 740 a

1212 754 1318 791 Vitali
1328 756 1443 788 fastam
1453 751 1583 787 Paulini
1592 754 1872 805 consecrationem
1884 757 2091 791 affirmatesle

1212 815 1327 840 contra
1350 802 1555 838 Canonicam
1577 803 1845 838 consuetudinem
1868 807 1901 839 ὃς
1923 808 2092 850 antiquum

1213 867 1336 890 morem
1350 879 1357 886 .
1385 854 1469 886 Eam
1479 854 1563 887 adeo
1575 854 1750 888 detestatur
1761 878 1772 893 ,
1798 864 1833 888 ur
1850 856 2001 890 asseveret
2013 856 2094 891 Pau-

1214 908 1322 940 linum
1342 905 1404 938 esse
1431 903 1792 947 Pseudo-Episcopum
1816 928 1827 944 ,
1853 905 1886 938 &
1911 905 2094 941 nullatenus

1215 958 1303 1000 poffe
1317 954 1514 998 Episcopum
1525 954 1604 988 effe.
1632 954 1814 1002 Qomodo
1828 952 1894 988 haec
1910 955 2094 990 cohaerent?

1217 1005 1416 1049 Respondeo
1436 1003 1610 1038 cohaerere.
1638 1004 1765 1038 Verum
1786 1016 1834 1038 res
1845 1005 1890 1038 est
1903 1006 1999 1039 altius
2011 1018 2098 1049 repe-

1215 1056 1330 1091 tenda.
1361 1055 1404 1089 Et
1415 1055 1559 1088 notanda
1573 1054 1753 1089 suntverba
1765 1054 1948 1098 posterioris
1972 1056 2098 1098 Episto-

1218 1108 1276 1140 lae:
1304 1106 1437 1139 Recoler:
1462 1105 1547 1138 dehet
1570 1104 1712 1146 Celfitudo
1737 1105 1852 1145 vestra,
1880 1108 1955 1148 quid
1969 1114 2024 1146 per
2042 1118 2097 1139 vos

1219 1161 1296 1189 Deus
1301 1156 1410 1199 fecerit
1421 1164 1548 1196 tempore
1569 1155 1616 1186 illo
1629 1179 1639 1194 ,
1665 1166 1719 1196 quo
1741 1155 1882 1194 Histriam
1906 1157 1940 1189 δ’
1959 1160 2100 1189 Venetias

1219 1210 1350 1244 Tyranno
1375 1207 1472 1236 Totila
1479 1205 1635 1246 poffidente
1645 1229 1655 1244 ‚
1685 1209 1815 1237 Francis
1830 1212 1920 1239 etiam
1934 1206 2038 1239 cunc‘la
2048 1218 2103 1239 va·

1214 1255 1382 1294 stantibus,
1407 1266 1464 1287 non
1492 1263 1563 1287 ante
1582 1263 1684 1287 tamen
1717 1254 1962 1298 Mediolanensem
1983 1255 2106 1300 Episco-

1216 1316 1286 1347 pum
1307 1305 1374 1348 fieri
1392 1303 1589 1347 permiseritis
1601 1329 1612 1344 ‚
1638 1303 1694 1345 nisi
1703 1307 1746 1337 ad
1762 1307 2002 1346 clementiffimum
2018 1310 2106 1340 Prin-

1219 1363 1310 1399 cipem
1322 1356 1430 1390 exinde?
1442 1354 1601 1397 retulissetis
1614 1379 1624 1394 ‚
1653 1356 1685 1388 (ε’
1697 1357 1769 1396 quid
1777 1357 1843 1398 fieri
1857 1356 1994 1398 debuiffi’t
2004 1379 2014 1394 ,
2041 1359 2106 1397 ejus

1219 1407 1324 1440 iterum
1349 1408 1475 1447 Scriptis
1497 1405 1725 1449 recognoviffetis
1750 1429 1759 1444 ,
1787 1406 1910 1439 &inter
1933 1406 2039 1448 ubique
2045 1407 2108 1447 fer-

1219 1464 1322 1490 ventes
1346 1456 1435 1495 hostes
1459 1459 1641 1488 Ravennam
1666 1464 1768 1487 tamen
1793 1457 1826 1488 (θ’
1857 1461 1885 1488 is
1911 1461 1963 1497 qui
1987 1458 2108 1489 ordiner·

1220 1506 1309 1539 batur
1325 1530 1335 1546 ‚
1361 1508 1394 1540 tir
1406 1512 1431 1537 is
1447 1512 1496 1547 qui
1507 1507 1701 1538 ordinaturus
1722 1513 1805 1543 erat,
1829 1507 2025 1546 providentia
2037 1509 2108 1539 Cul-

1217 1562 1310 1589 minis
1322 1555 1636 1598 vestridedth'sunt.
1665 1555 1850 1598 Antiquum
1879 1567 2021 1597 morem,
2048 1558 2106 1601 qui

1217 1606 1302 1640 duos
1327 1605 1389 1640 hos
1415 1606 1644 1648 Metropolitas
1671 1603 1711 1638 ab
1746 1606 1887 1639 invicem
1924 1607 2106 1640 consecrari

1216 1656 1343 1699 jusserat
1355 1680 1366 1696 ,
1392 1655 1544 1700 Pelagius
1555 1655 1594 1689 ad
1619 1653 1861 1698 disrumpendas
1874 1656 2018 1698 ipsorum
2030 1669 2107 1691 con·

1216 1714 1266 1737 tra
1293 1705 1446 1744 quintum
1472 1705 1665 1738 Concilium
1694 1705 1940 1747 conjurationes
1971 1708 2110 1741 circum-

1217 1752 1384 1796 scripserat
1404 1762 1503 1796 atque
1525 1753 1732 1787 aboleverat:
1762 1755 1956 1798 Utrumque
1977 1756 2107 1798 jusserat

1216 1802 1368 1843 deinceps
1390 1802 1407 1833 ὲ
1432 1803 1571 1844 propriis
1584 1802 1928 1845 comprovincialibus
1940 1806 2106 1840 consecra-

1215 1851 1262 1885 ri.
1291 1848 1416 1884 Verum
1435 1850 1557 1885 Vitalis
1570 1851 1604 1883 ὃς
1625 1851 1782 1886 Paulinus
1795 1853 1915 1896 Papale
1927 1855 2101 1889 Decretum

1215 1903 1402 1944 spreverunt
1417 1924 1428 1940 ,
1455 1901 1633 1945 garrientes
1660 1903 1804 1945 eousque
1826 1915 1893 1937 non
1908 1905 2102 1948 tendiApo-

1215 1950 1364 1984 stolicam
1393 1950 1612 1985 potestatem.
1640 1952 1684 1985 Et
1704 1963 1759 1994 per
1772 1952 1902 1995 ipsosin
1916 1954 2100 1997 cespitatio-

1213 2012 1289 2035 nem
1312 1999 1454 2034 adducto
1476 2001 1620 2034 Patricio
1641 2002 1730 2043 Papa
1753 2003 1919 2045 respondit
1945 2005 1978 2037 in
1990 2007 2098 2039 Sansti

1214 2051 1301 2084 Petri
1313 2049 1448 2084 arbitrio
1460 2051 1522 2085 effe
1535 2050 1593 2083 ista
1606 2052 1718 2084 omni-a
1731 2076 1742 2091 ,
1766 2051 2029 2097 demonstratque
2052 2056 2099 2088 lu-

255 2107 407 2144 Concilii
420 2131 428 2139 .
455 2102 538 2147 Egit
550 2100 641 2136 enim
653 2110 709 2143 per
719 2098 886 2131 Dostrinae
897 2095 1129 2130 excellentiam
1144 2118 1154 2134 ,
1210 2100 1286 2134 cido
1308 2111 1346 2133 ac
1368 2110 1492 2142 nupero
1518 2099 1670 2142 exemplo
1681 2125 1689 2132 .
1716 2101 1852 2134 Etenim
1862 2104 2014 2145 antiquus
2025 2116 2097 2138 mos

254 2169 326 2192 non
348 2166 404 2201 per
428 2151 685 2196 Praerogativam
711 2146 819 2181 Sedis.
847 2146 893 2180 Et
919 2145 1053 2188 antiqua
1085 2146 1153 2179 Ro-

251 2208 347 2243 mani
374 2204 510 2249 Imperii
543 2200 666 2236 notitia
692 2199 779 2232 inter
804 2195 1022 2240 septendecim
1049 2195 1150 2229 Italiae

254 2256 450 2293 Provincias
463 2253 569 2298 primo
581 2248 742 2284 venetias
753 2272 764 2288 ‚
785 2245 929 2281 secundo
944 2245 1122 2279 AEmiliam
1139 2268 1149 2284 ‚

254 2308 354 2343 tertio
379 2307 457 2339 loco
480 2302 577 2347 ponit
596 2298 791 2344 Liguriam,
816 2307 912 2340 atque
941 2296 986 2329 ita
1009 2295 1149 2338 Aposto-

251 2358 339 2392 sicus
355 2356 476 2390 Canon
504 2363 574 2385 non
595 2351 735 2394 patitur,
763 2357 800 2382 ut
822 2345 965 2391 Liguriae
977 2344 1149 2388 Archiepi—

253 2409 374 2450 scopus
386 2406 421 2439 in
431 2401 650 2437 venetiarum
663 2396 843 2442 Cathedras
854 2396 1005 2430 habuerit
1026 2395 1148 2429 Prima-

254 2467 348 2492 tum.
377 2454 420 2488 Et
431 2452 510 2496 quid
533 2461 617 2494 opus
638 2448 779 2483 multis?
807 2445 917 2481 Etiam
940 2447 975 2480 in
994 2445 1143 2486 laudata,

253 2519 324 2552 quae
336 2505 434 2541 hosce
456 2500 689 2545 Metropolitas
701 2498 742 2532 ab
754 2498 900 2531 invicem
913 2508 953 2530 ex
967 2506 1058 2529 more
1069 2507 1147 2529 con-

252 2557 373 2591 secrari
394 2553 554 2591 affirmat,
581 2550 622 2584 ad
651 2550 810 2593 Ioannem
832 2546 1011 2580 Patricium
1031 2545 1145 2588 episto-

256 2608 289 2641 la
309 2605 464 2650 Pelagius
492 2601 654 2635 Pontifex
673 2596 789 2632 diserte
801 2596 892 2630 addit
905 2609 915 2629 .-
941 2600 989 2628 Ita
1003 2604 1101 2628 tamen
1112 2603 1145 2628 ut

257 2662 291 2690 in
314 2670 348 2691 ea
369 2659 494 2690 civitate
509 2676 519 2691 ‚
545 2657 578 2684 tn
599 2660 660 2692 qua
684 2657 750 2682 erat
761 2647 943 2680 ordinandus
956 2644 1118 2689 Episcopus
1135 2671 1146 2687 ,

256 2707 381 2741 alterius
406 2706 557 2738 Civitatis
581 2699 725 2741 Pontifex
750 2707 892 2731 occurrere
917 2696 1055 2738 debuisset
1070 2720 1081 2736 ,
1107 2707 1140 2730 ut

259 2759 294 2791 (9·
304 2755 463 2790 ordinandi
474 2752 570 2786 electio
582 2753 602 2782 ἂ
610 2748 751 2792 praesenti
761 2747 937 2780 Ordinatore
957 2757 994 2779 ex
1006 2744 1140 2789 consensu

257 2805 446 2850 Universalis
458 2828 468 2844 ,
493 2807 540 2835 cui
556 2799 799 2843 praeficiebatur,
825 2795 961 2838 Ecclefiae
980 2797 1085 2829 melius
1105 2807 1140 2828 ac

250 2856 376 2898 facilius
399 2853 529 2897 potuisset
550 2849 686 2895 agnosci,
711 2849 745 2881 (θ’
765 2853 800 2880 in
813 2845 869 2890 sua
896 2851 945 2889 qui
968 2847 1012 2878 ad
1022 2844 1139 2889 Episco-

254 2914 363 2948 patum
385 2902 591 2948 provehendus
614 2909 679 2934 erat
693 2924 703 2940 ,
731 2909 781 2931 nec
793 2906 892 2930 tamen
905 2898 1082 2930 Ordinatorae·
1088 2894 1139 2938 suo

253 2953 426 2999 subdendus
445 2953 552 2995 fuerat
579 2975 590 2990 ,
615 2952 803 2983 ordinaretur
831 2945 982 2988 Ecclesia.
1010 2946 1134 2979 Lucida

254 3005 333 3041 :sunt
355 3003 472 3039 verba:
499 3007 564 3035 Nec
582 3010 681 3034 tamen
701 2999 875 3031 Ordinatori
891 2995 947 3040 suo
964 2994 1135 3039 subdendus

248 3055 357 3098 fuerat
366 3079 373 3087 .
400 3050 502 3100 Qod
513 3061 548 3084 ut
561 3050 667 3093 palam
680 3049 881 3093 profiteretur
888 3047 1040 3090 antiquus
1052 3057 1138 3085 mos,

254 3107 341 3152 juffit
370 3115 438 3138 non
463 3099 694 3136 ordinandum
722 3099 762 3132 ad
789 3097 1022 3132 ordinatorem
1047 3120 1060 3136 ,
1085 3096 1137 3130 sed

254 3158 343 3192 hunc
354 3155 394 3189 ad
409 3151 506 3186 istum
517 3149 669 3184 accedere
683 3174 689 3180 .
717 3147 884 3182 Accedere
907 3148 947 3180 ad
960 3146 1050 3180 istius
1060 3146 1136 3180 civi-

251 3216 372 3242 tatem.
438 3213 482 3235 uae
503 3200 618 3234 omnia
641 3197 800 3232 Primatui
824 3195 1013 3231 lucidissime
1029 3195 1135 3231 adver·

252 3259 363 3292 santur
373 3279 380 3287 .
408 3250 514 3286 Porro
525 3250 616 3285 istius
626 3248 725 3283 moris
734 3249 898 3292 originem
912 3247 1021 3281 denuo
1033 3248 1135 3283 fateor

251 3307 271 3341 ἢ
280 3318 331 3342 me
341 3302 483 3350 ignorari
496 3327 503 3333 .

302 3356 443 3392 Obstare
464 3351 591 3386 videtur
611 3348 752 3393 ejusdem
774 3347 900 3392 Pelagii
922 3347 960 3381 ad
989 3347 1134 3383 Valeria-

255 3417 336 3441 num
355 3403 534 3438 Patricium
556 3400 723 3443 Epistola:
750 3398 833 3439 Istud
854 3398 891 3440 cst
913 3399 993 3442 quod
1009 3401 1030 3433 ὰ
1049 3399 1132 3433 vobis

300 3466 302 3469 ’
351 3454 661 3495 Chrisl.Lttpi0pera
671 3452 759 3482 T.VI.

1211 2161 1277 2184 non
1305 2148 1432 2183 tantum
1454 2147 1705 2191 Metropolitam
1725 2149 1743 2182 a
1767 2151 1981 2194 Metropolim
2004 2176 2015 2192 ,
2041 2155 2095 2188 sed.

1211 2201 1337 2243 insuper
1349 2208 1522 2241 utrumque
1532 2198 1664 2243 jubebat
1673 2201 1853 2233 consecrari
1866 2201 1899 2235 in
1914 2206 2040 2246 propria
2052 2205 2096 2238 ci-

1210 2250 1329 2283 vitate:
1359 2250 1402 2282 Et
1427 2249 1517 2282 istius
1539 2260 1641 2292 nuper
1662 2249 1702 2283 ad
1725 2249 1927 2292 Apostolicae
1949 2252 2094 2287 Sedis&

1209 2300 1414 2342 Imperatoris
1426 2298 1598 2342 Iustiniani
1611 2300 1789 2333 Decretum
1802 2302 1919 2341 factam
1939 2303 2094 2337 mutatio·

1208 2361 1285 2384 nem
1320 2350 1386 2391 ipse
1420 2348 1580 2382 Patricius
1610 2348 1804 2383 Valerianus
1835 2351 1939 2385 fuerat
1968 2355 2094 2387 exsecu-

1209 2409 1283 2440 tus,
1309 2410 1483 2444 utrumque
1494 2399 1743 2441 Metropolitam
1754 2410 1878 2443 cogens
1897 2402 2091 2438 Ravennam

1208 2449 1360 2484 accedere
1380 2450 1414 2483 in
1435 2449 1575 2484 alienam
1596 2449 1804 2484 Provinciam
1818 2474 1830 2490 ,
1856 2462 1894 2485 ac
1916 2452 1962 2485 ibi
1982 2454 2091 2487 conse-

1207 2512 1294 2534 crare
1320 2500 1354 2533 δε
1390 2500 1570 2534 consecrari
1599 2523 1606 2530 .
1643 2499 1869 2542 Apostolicam
1898 2503 2089 2544 potestatem

1205 2551 1305 2584 etiarn
1319 2548 1377 2582 fibi
1393 2548 1496 2583 adesse
1509 2548 1636 2583 asseruit
1648 2549 1805 2584 Pontifex
1817 2575 1829 2591 ,
1853 2561 1952 2594 atque
1963 2552 2006 2587 ita
2019 2565 2088 2587 mo-

1205 2611 1272 2633 rem
1297 2623 1307 2639 ,
1337 2599 1392 2642 qui
1420 2600 1495 2633 illos
1522 2598 1562 2632 ab
1588 2599 1727 2634 invicem
1754 2601 1935 2636 consecrari
1958 2603 2086 2644 voluit,

1205 2650 1282 2684 item
1293 2650 1311 2684 a
1327 2651 1356 2683 se
1370 2648 1456 2692 posse
1468 2649 1584 2683 mutari
1598 2674 1604 2682 .
1634 2649 1677 2683 Et
1698 2651 1732 2683 in
1748 2651 1864 2685 litteris
1873 2652 1912 2686 ad
1924 2652 2085 2695 Joaunem

1205 2700 1384 2734 Patricium
1419 2699 1520 2733 edicit
1558 2699 1708 2734 intimam
1734 2698 1829 2744 hujus
1854 2702 1917 2736 suae
1942 2701 2087 2739 Potesta-

1205 2751 1246 2784 tis
1266 2750 1428 2784 radicem:
1454 2751 1615 2783 Videamus
1637 2759 1737 2783 utrum
1761 2751 1813 2784 vel
1832 2750 1962 2795 ipsarum
1971 2751 2085 2797 consue-

1203 2802 1337 2834 tudinem
1344 2804 1479 2842 partium
1503 2805 1534 2832 in
1540 2799 1599 2843 sua
1616 2802 1810 2835 Ordinatione
1820 2801 2065 2845 conservaverint
2076 2828 2084 2835 .

1204 2852 1322 2892 Nempe*
1341 2856 1368 2883 is
1391 2862 1453 2882 mos
1470 2856 1612 2892 antiquus
1625 2850 1712 2892 fuit,
1739 2860 1774 2885 ut
1795 2857 1867 2898 quiav
1886 2860 1945 2894 pro
1969 2855 2081 2897 longin-

1201 2907 1317 2943 quitate
1338 2902 1391 2933 vel
1408 2901 1578 2942 difficultate
1589 2905 1702 2934 itineris
1725 2901 1763 2935 ab
1775 2901 1925 2943 Apostolico
1934 2902 2080 2945 onerosum

1200 2953 1261 2983 illis
1280 2950 1380 2992 fuerit
1399 2952 1558 2991 ordinari,
1584 2950 1638 2994 ipſs
1642 2950 1675 2994 se
1686 2957 1812 2987 invicem
1823 2954 1959 2985 ordinare
1969 2951 2080 2995 debuis-

1195 2999 1281 3044 sent.
1309 3000 1460 3034 Affirmat
1482 3000 1566 3034 duo.
1596 3000 1730 3043 Primo,
1757 3000 1845 3043 quod
1856 3012 1990 3045 uterque
2009 3003 2079 3037 Me-

1199 3050 1354 3094 tropolita
1377 3050 1466 3093 juxta
1490 3051 1770 3086 Canonesdebeat
1780 3051 1924 3085 ordinari
1936 3051 1977 3086 ab
1989 3051 2079 3096 Apo-

1199 3102 1332 3135 stolico.
1361 3100 1513 3142 Deinde,
1540 3099 1627 3144 quod
1646 3100 1690 3135 ob
1711 3101 1833 3134 itineris
1861 3102 2023 3137 molestias
2034 3104 2078 3137 fa-

1198 3152 1285 3185 &um
1308 3150 1374 3184 illis
1399 3152 1623 3196 sitgratiosum
1635 3162 1753 3185 mutuae
1765 3152 2079 3194 consecrationisvln-

1198 3201 1326 3236 dultum
1338 3226 1345 3233 .
1373 3201 1417 3234 Et
1441 3199 1519 3235 hinc
1539 3202 1638 3236 infert
1651 3200 1824 3234 Paulinum
1840 3201 1903 3235 effe
1914 3204 2077 3238 consecra-

1199 3262 1270 3286 tum
1291 3261 1404 3286 contra
1425 3262 1557 3284 omnem
1580 3251 1786 3285 Canonicam
1806 3252 2076 3288 consuetudinem

1199 3303 1231 3336 &
1251 3302 1422 3345 antiquum
1443 3312 1569 3334 morem
1582 3326 1592 3342 ‚
1622 3300 1762 3344 ideoque
1780 3301 1841 3335 effe
1859 3300 2076 3346 Pseudo-Epi-

1200 3354 1353 3396 scopum.
1382 3351 1471 3397 Qpia
1494 3349 1608 3394 nempe
1630 3351 1699 3394 post
1721 3351 1813 3398 istius
1834 3352 1954 3387 indulti
1971 3353 2077 3398 legiti-

1200 3413 1289 3437 mam
1311 3403 1344 3436 &
1366 3402 1528 3436 efficacem
1540 3402 1786 3436 revocationem
1797 3404 1999 3437 consecratus
2011 3402 2077 3436 fuit

1598 3452 1630 3485 K
1655 3450 1679 3485 k
1730 3461 1749 3497 3
1950 3462 2028 3486 con·
