2372 3756
114 2143 179 2178 Lib.
203 2155 226 2176 ι,
248 2151 271 2177 ς.

194 452 217 470 2.
275 436 461 480 Ecclefiastict
481 438 634 479 ministerii
659 436 790 478 utensilia
813 434 954 476 distrahit
977 459 988 474 ‚
1026 447 1063 468 ne
1084 437 1156 469 dum

216 502 223 510 ·
274 485 478 531 quafisecurus
492 489 630 523 ambulat
644 511 654 528 ‚
680 488 806 519 latentis
816 496 881 519 eum
895 487 1007 527 judicit
1030 486 1155 527 laqueus

252 616 260 625 ,
277 587 366 635 quod
390 588 431 621 de
456 587 599 631 quodam
628 584 994 628 Constantinopolitani
1021 586 1159 628 Impera-

214 1054 221 1061 ·
277 1051 316 1074 ex
330 1038 474 1082 ejusdem
486 1037 600 1076 litteris
610 1037 650 1076 ad
666 1038 868 1081 Rayneriurn
882 1037 1080 1082 Episcopum
1092 1036 1160 1071 Au-

197 1091 223 1107 ὁ·
279 1089 490 1127 relianensem
505 1101 512 1121 ε
535 1093 619 1123 Inter
630 1098 738 1123 caetera
748 1113 758 1129 ,
770 1100 836 1129 quae
849 1089 919 1121 olim
924 1086 1072 1130 perversa
1083 1099 1159 1120 men-

267 248 412 280 ereptum
437 238 575 271 calicem
600 234 657 271 sub
678 237 755 273 fissae
774 238 967 275 neceffitatis
986 238 1062 272 fuco
1079 248 1153 271 ven-

269 287 396 323 didisset
411 312 421 327 ‚
447 288 540 321 fuisse
553 289 570 321 a
585 288 660 323 Deo
675 288 854 332 percussum
878 285 988 320 scribit
1008 287 1042 321 in
1068 287 1153 321 litte-

271 339 312 373 ris
326 336 364 372 ad
382 337 586 374 Desiderium
601 337 820 376 Caffinensem
834 335 996 369 Abbatem
1018 336 1152 370 Sanctus

273 387 386 420 Petrus
397 386 579 428 narniam,
607 389 642 423 &
664 387 832 432 adjungit:
859 389 997 425 Timent,
1022 385 1154 429 quisquis

275 538 503 580 comprehendat
532 562 539 569 .
577 538 658 571 Hoc
681 537 760 571 item
787 546 934 580 tempore
962 537 1084 570 factum
1112 534 1156 568 est

277 637 357 673 toris
375 637 552 674 Michaelis
577 636 779 679 Parapinacii
801 636 906 670 milite
929 634 1037 673 scribit
1063 636 1158 680 Joan-

277 699 334 722 nes
357 687 546 734 Schylitza:
576 690 714 734 ,Quidam
738 698 775 720 ex
798 686 950 719 militibus
963 687 1159 720 Macedontcae

273 739 439 783 phalangis
452 763 462 779 ,
487 749 553 773 cum
574 737 613 770 ab
635 749 665 771 eo
686 745 864 780 repeteretur
870 734 959 779 sacra
968 748 1019 769 >res
1034 758 1045 774 ‚
1068 746 1160 778 neque

278 790 387 822 adduci
394 789 485 832 poffet
497 797 531 823 ut
542 788 577 821 id
577 787 719 830 faceret,
744 786 874 821 humeris
885 786 924 819 ab
946 785 1089 820 anthrace
1112 787 1161 822 de-

273 839 373 882 pastis
396 838 467 872 obiit
488 863 499 879 ‚
516 838 637 880 justitia
657 838 742 873 baud
763 836 940 882 differente,
965 846 1000 870 ut
1019 848 1082 869 mos
1101 836 1160 877 est,

274 888 473 934 supplicium,
496 887 555 931 sed
566 889 609 921 ad
618 888 784 929 exemplum
803 885 982 926 Posterorum
995 885 1092 930 ipsum
1108 895 1161 928 pe-

276 935 403 976 rimente
420 964 427 971 .
470 938 656 977 Adversum
682 935 868 980 hujusmodi
890 939 1034 973 excessus
1057 935 1159 971 emisit

278 989 387 1027 noster
407 989 590 1033 Gregorius
614 988 799 1031 praesentem
825 986 999 1025 Canonem
1022 1011 1028 1019 .
1054 986 1159 1021 Lucet

279 1149 308 1175 ce
327 1139 427 1182 egisti,
450 1140 527 1181 pene?
548 1137 652 1177 cunc‘la
675 1137 807 1182 Ecclefiae
828 1139 884 1175 tiht‘
903 1138 1054 1181 commissa»
1076 1149 1160 1169 orna·

279 1200 381 1226 menta
393 1215 403 1230 ,
427 1191 523 1231 pallia
534 1190 668 1224 videlicet
680 1213 690 1228 ‚
716 1188 818 1222 calices
831 1212 842 1226 ,
867 1187 1021 1225 thuribula
1034 1212 1045 1227 ,
1068 1196 1126 1229 pat
1133 1199 1158 1220 e-

280 1251 360 1279 nas,
387 1241 538 1273 &caetera
549 1243 612 1273 Deo
618 1238 760 1283 sacrata,
787 1249 843 1271 non
857 1240 902 1271 ad
920 1240 1081 1272 utilitatem
1106 1241 1160 1272 Dei

281 1289 465 1331 &praefatae
480 1288 634 1330 Ecclefiae,
662 1300 722 1322 non
734 1295 767 1321 tn
790 1290 976 1329 adjutorium
991 1295 1161 1329 pauperum

280 1343 315 1374 ζ’]
326 1346 514 1382 captivorum
526 1363 538 1379 ,
557 1337 617 1382 sed
625 1340 668 1372 ad
677 1338 795 1373 lihitum
804 1346 887 1370 tuum
897 1363 907 1377 ,
927 1339 962 1371 <rs
973 1345 1093 1369 inanem
1100 1336 1162 1379 glo-

281 1396 361 1423 riam
372 1399 464 1432 atque
470 1388 642 1433 superbiam
666 1387 844 1433 distraxisti.
874 1389 938 1427 Ei,
966 1387 1023 1420 nifi
1045 1387 1078 1420 se
1093 1397 1159 1429 pur-

281 1450 336 1484 get
347 1464 357 1480 ‚
385 1440 526 1476 minatur
538 1439 808 1482 degradationem
822 1462 828 1468 .

310 1511 316 1516 -
333 1488 753 1532 Antiquamexceptionem
767 1487 941 1522 continent
963 1485 1030 1522 haec
1052 1485 1161 1521 Cano-

282 1539 333 1572 nis
347 1538 462 1572 verba:
490 1541 560 1571 sine
582 1548 662 1576 certa
688 1538 840 1576 utilitate,
867 1545 922 1568 aut
941 1542 1036 1580 gravi
1055 1535 1163 1574 neceffi2

282 1597 347 1621 tate
357 1613 364 1621 .
378 1589 556 1626 Praesertim
568 1588 752 1624 necessitate
763 1584 955 1622 alendorum
967 1596 1142 1633 pauperum
1153 1609 1163 1624 ‚

281 1649 338 1677 aut
360 1638 626 1673 redimendorum
647 1638 853 1679 captivorum
878 1660 885 1668 .
915 1636 1049 1672 Etenim
1070 1635 1087 1671 ὲ
1110 1637 1159 1670 Se-

282 1688 435 1723 leuciensi
447 1688 586 1733 Synodo
596 1687 640 1726 ob
650 1687 798 1720 distracta
824 1684 971 1724 Ecclesiae
995 1697 1164 1720 ornamen÷

284 1751 315 1772 ta
336 1737 550 1782 degradatum
563 1737 714 1770 Sanctum
737 1734 902 1778 Cyrillum
924 1736 1164 1779 Hierosolymae

285 1788 504 1831 Episcopum,
531 1786 619 1831 quod
634 1785 673 1821 ad
684 1786 856 1821 levandam
868 1794 1045 1828 pauperum
1063 1787 1161 1820 neces

284 1840 412 1872 litatem
430 1838 577 1872 distrasta
592 1838 609 1871 a
633 1838 663 1870 se
681 1836 829 1880 probaret
842 1859 854 1874 ‚
882 1835 1040 1877 reparavit
1061 1836 1164 1879 Syno·

285 1890 345 1923 dus
382 1887 751 1931 Constantinopolitana
771 1911 778 1918 .
819 1886 861 1919 Et
889 1885 1080 1928 Syrmiensis
1115 1896 1167 1928 per

286 1938 426 1982 Schytas
443 1938 572 1977 obsessae
592 1938 736 1975 civitatis
761 1934 980 1979 Episcopum,
1006 1934 1094 1978 quod
1115 1947 1171 1968 ne-

283 1992 355 2024 scio
369 1990 423 2023 cui
438 1988 638 2023 Constantio
652 1987 691 2021 ad
707 1986 781 2020 se&
805 1986 887 2021 alios
912 1985 1061 2029 captivos
1083 1986 1168 2019 cives

287 2038 496 2074 redimendos
508 2038 686 2075 tradidisset
702 2038 788 2070 sacra
810 2035 960 2074 Ecclesiae
984 2036 1077 2076 vasa,
1105 2035 1168 2068 lau·

287 2089 342 2127 dar
355 2089 485 2124 Priscus
498 2088 625 2126 Rhetor
637 2089 670 2123 &
683 2085 851 2129 Sophista.
881 2086 923 2121 Et
936 2085 976 2121 de
1000 2086 1171 2128 semetipso

290 2140 399 2174 scribit
421 2140 455 2172 in
475 2138 659 2171 officiorum
686 2136 776 2169 libris
799 2135 933 2168 Sanetus
956 2132 1171 2168 Ambrofius:

290 2190 460 2231 Aliquanda
481 2193 513 2220 in
536 2188 689 2223 invidiam
714 2185 872 2218 incidimus
887 2208 898 2224 ,
925 2189 975 2226 qut·
997 2184 1173 2228 confregeri-

289 2253 356 2273 mus
380 2237 457 2281 vasa
467 2236 599 2277 mystica,
630 2245 665 2269 ut
676 2240 811 2277 captivos
823 2235 1032 2268 redimeremus
1047 2259 1054 2267 .
1082 2235 1176 2277 ‚Quod

292 2294 415 2323 Arianis
438 2286 591 2329 displicere
608 2295 728 2327 poterat
742 2309 752 2324 ,
780 2295 830 2318 nec
852 2293 916 2317 tam
928 2283 1052 2325 sallum
1074 2282 1173 2327 displi-

290 2350 352 2373 cere
367 2363 377 2379 ‚
403 2339 495 2380 quam
514 2346 546 2369 ut
568 2336 632 2379 esset
657 2336 735 2378 quod
760 2339 791 2368 in
812 2334 892 2367 nobis
904 2333 1153 2376 reprehenderent
1167 2357 1174 2365 .

294 2391 353 2423 Per
366 2400 402 2422 ea
415 2386 581 2422 Christum
607 2386 641 2420 in
665 2386 728 2419 suis
749 2383 941 2428 pauperibus
961 2394 1018 2417 aut
1039 2383 1176 2427 captivis

293 2439 447 2475 membris
466 2437 637 2480 adjuvari,
663 2436 761 2477 quam
775 2435 808 2468 in
833 2433 1049 2471 Sacramentis
1071 2432 1177 2470 hono-

293 2490 355 2523 rari
367 2488 512 2523 ostendit
523 2487 584 2523 effe
596 2486 694 2530 longe
706 2483 820 2519 melius
839 2509 850 2527 ,
875 2484 1040 2518 affirmans
1050 2482 1176 2517 etiama

294 2540 412 2574 Sancto
425 2538 605 2575 Laurentio
625 2548 693 2572 non
716 2535 820 2572 solum
848 2534 1009 2578 signatum
1033 2533 1178 2569 Ecclefiae

641 152 679 197 S.
720 151 1045 200 Guzoonu
1083 167 1321 198 seprimt
1358 153 1720 199 P0N111=1c13

1215 236 1365 271 Historia
1379 238 1543 273 Socrates:
1573 243 1691 273 Aeacius
1703 238 1780 274 banc
1799 244 1930 277 militum
1946 245 2096 290 mesenam

1216 289 1338 321 minime*
1348 290 1498 332 neglexit,
1521 286 1826 334 J‘edconvocatissuis
1846 294 1969 327 clericis
1986 294 2024 336 fic
2046 309 2094 331 eos
2118 282 2168 314 Lib
2199 293 2227 318 7·
2246 292 2273 315 c·

1216 338 1396 381 alloquitur3
1426 342 1507 371 Deus
1520 339 1610 380 noster
1624 351 1727 384 neque
1741 342 1880 376 lancibus
1903 355 1993 386 neque
2009 353 2096 387 pocu-

1218 388 1256 421 lis
1268 389 1403 431 indiget.
1434 393 1522 422 Nam
1544 402 1595 425 nec
1616 392 1741 424 comedit
1765 403 1816 426 nec
1837 393 1913 426 bibit
1933 420 1940 427 .
1972 396 2097 438 ,Quippe

1219 437 1328 480 quibis
1340 438 1428 472 rebus
1441 442 1566 474 minime
1583 449 1654 483 opus
1677 440 1768 476 babet
1783 466 1790 474 .
1819 445 1927 487 ,Quare
1947 456 2012 478 cum
2036 448 2096 479 Ec·

1219 487 1299 529 clefia
1310 489 1404 521 multa
1425 496 1605 525 monimenta
1624 503 1737 532 aurea,
1764 502 1958 536 argenteaque
1971 506 2011 528 ex
2028 504 2098 537 pto·

1215 536 1311 582 pensa
1332 537 1465 580 fidelium
1485 539 1666 585 benignitate
1682 543 1824 584 poffideat
1836 567 1846 583 ‚
1872 543 2098 587 consentaneum

1220 588 1258 629 est
1269 586 1345 631 hifi‘e
1355 588 1441 622 rebus
1452 590 1561 624 milites
1571 598 1708 634 captivos
1727 594 1762 626 (θ’
1771 594 1790 626 ἱ
1801 592 1925 633 custodia
1947 595 2074 629 liberare
2086 621 2096 636 ,

1220 640 1254 676 θ
1258 637 1347 679 fame
1355 641 1449 682 prope³
1460 640 1573 674 eneHot
1586 642 1699 686 reficere
1709 641 1911 685 &fisstentare
1923 668 1933 677 .
1943 644 1997 677 Ubi
2006 645 2070 679 haec
2086 670 2098 686 ,

1220 690 1337 731 aliaque
1357 691 1394 723 td
1407 691 1500 733 ge‘mls
1524 698 1655 727 oratione
1672 701 1862 734 percurrerat
1882 717 1892 732 ‚
1917 700 2097 728 monimenta

1221 738 1354 781 Ecclefiae
1375 741 1533 781 conflanda
1552 748 1673 777 curavit
1696 767 1706 783 ,
1741 744 1885 776 vendidit
1909 768 1919 785 ,
1940 750 2098 787 prettaque

1215 796 1334 834 partim
1345 790 1491 825 militibus
1498 798 1555 833 pro
1564 798 1697 834 captivis
1706 794 1890 828 redimendis
1901 795 1985 829 dedit
1995 820 2007 836 ,
2024 804 2103 838 par-

1220 846 1276 876 tim
1298 842 1342 874 ad
1358 852 1456 876 eorum
1474 841 1591 885 famem
1601 841 1827 886 sublevandam
1848 846 1995 886 impendit
2007 869 2014 878 .
2044 848 2100 879 Po-

1213 889 1321 934 stremi}
1342 916 1353 933 ,
1379 896 1490 925 viatico
1510 893 1570 925 illis
1590 891 1784 938 suppeditato
1805 894 1850 927 ad
1862 892 1948 937 suum
1969 893 2099 938 ipsorum

1220 944 1328 985 Regem
1350 940 1473 982 remifi‘t.
1503 942 1588 992 Qpae
1609 944 1711 986 pietas
1735 943 1906 980 Chosroen
1931 942 2102 979 Persarum

1221 990 1347 1036 Regem
1364 990 1447 1026 adeo
1458 991 1647 1032 aedificavit,
1671 1003 1708 1027 ut
1731 993 1892 1029 Romanis
1912 1005 2026 1040 pacem
2046 995 2102 1029 de-

1219 1042 1327 1081 derit,
1353 1041 1576 1075 &videndum
1593 1042 1753 1079 Acacium
1775 1042 1832 1076 sibi
1855 1044 2032 1080 transmitti
2058 1043 2103 1079 ab

1220 1091 1418 1134 Imperatore
1430 1090 1625 1126 Theodosio
1638 1091 1846 1135 postulaverit
1861 1104 1900 1128 ac
1910 1094 2100 1139 impetrave-

1221 1141 1263 1176 rit
1289 1142 1336 1175 uti
1364 1141 1488 1186 grande
1509 1139 1705 1178 beneficium
1727 1168 1734 1178 .
1771 1142 1881 1178 Etiam
1909 1144 2103 1180 Candidum

1220 1191 1521 1236 Sergiopolitanum
1532 1190 1730 1236 Episcopum
1743 1216 1755 1233 ,
1780 1192 1870 1237 quod
1890 1193 1932 1229 ad
1952 1194 2100 1239 captivos

1220 1241 1260 1275 ab
1271 1242 1337 1275 alio
1351 1240 1499 1275 Chosroe
1509 1242 1678 1276 Persarum
1689 1243 1781 1288 Rege
1791 1267 1802 1283 ‚
1830 1244 1887 1286 qui
1909 1254 1986 1279 cum
2007 1243 2102 1291 Justi-

1224 1292 1326 1324 niano
1339 1290 1494 1334 Augusto
1515 1290 1608 1334 gessit
1625 1291 1746 1326 bellum
1763 1316 1774 1332 ,
1799 1293 2006 1331 redimendos
2026 1306 2103 1335 ven-

1220 1340 1341 1374 diderit
1351 1341 1467 1374 cunsta
1479 1340 1629 1374 Ecclefiae
1642 1341 1704 1374 sure
1723 1351 1919 1377 ornamenta.
1929 1367 1940 1383 ‚
1966 1344 2104 1378 laudant

1223 1390 1254 1423 in
1269 1389 1360 1424 libris
1370 1389 1410 1423 de
1423 1389 1510 1423 bello
1521 1389 1644 1424 Persico
1670 1390 1876 1426 Caesareenfis
1897 1392 2080 1437 Procopius
2091 1417 2105 1434 ,

1221 1441 1255 1479 ἀ
1266 1441 1300 1473 in
1315 1438 1536 1474 Ecclesiastica
1548 1439 1696 1474 Historia
1710 1440 1872 1485 Evagrius
1883 1441 2108 1486 Epiphanien-

1223 1490 1262 1523 sis
1275 1515 1282 1522 .
1310 1490 1389 1536 Qo
1396 1489 1496 1524 modo
1507 1489 1595 1525 idem
1608 1489 1773 1524 Chosroes
1785 1512 1796 1528 ,
1823 1492 1969 1534 pretiosis
1983 1492 2105 1527 Antio·

2119 328 2166 353 28.

2124 1465 2186 1498 Lib.
2210 1477 2235 1495 n.
2256 1474 2285 1495 c.

2129 1520 2149 1542 5.
2178 1517 2222 1537 20.

1225 1538 1333 1576 chenae
1349 1539 1494 1576 Ecclesiae
1516 1539 1720 1575 ornamentis
1742 1540 1894 1581 satiatus,
1921 1541 2108 1586 expilandaev
2129 1546 2187 1576 Lib.
2202 1557 2228 1581 4.
2251 1554 2278 1576 c.

1223 1589 1347 1624 civitati
1370 1589 1547 1634 pepercerit
1568 1614 1580 1630 ‚
1604 1589 1695 1632 supra
1715 1588 1900 1625 audivimus
1922 1591 1963 1626 ab
1983 1593 2102 1628 eodem
2126 1597 2171 1622 ²⁷·

1225 1638 1411 1684 Procopio:
1437 1639 1543 1673 Fuiffie
1566 1640 1674 1673 Sancti
1694 1638 1887 1675 Patriarchae
1909 1641 2103 1686 Ephremii,

1224 1689 1280 1736 qui
1300 1700 1339 1723 ea
1361 1688 1475 1723 omnia
1495 1689 1620 1732 exponi
1637 1688 1723 1731 juffit
1743 1699 1840 1734 atque
1857 1692 1902 1724 ita
1922 1691 2105 1728 Barbarum

1225 1739 1367 1772 emolliit
1391 1764 1402 1779 ,
1427 1747 1529 1772 artem
1553 1738 1664 1774 laudat
1684 1739 1830 1782 praefatus
1851 1740 2030 1786 Evagrius.
2058 1741 2103 1776 Et

1227 1789 1409 1823 Fortunato
1436 1788 1572 1823 Fanensi
1602 1789 1768 1832 Episcopo
1786 1814 1800 1830 ‚
1837 1790 1894 1837 qui
1918 1791 1960 1827 ad
1983 1790 2104 1827 exstin.
2124 1775 2186 1846 {jb-
2207 1787 2235 1813 4·
2255 1783 2284 1807 c·

1225 1836 1356 1882 guenda
1386 1838 1534 1875 Ecclefiae
1554 1839 1613 1874 suae
1623 1850 1664 1875 ex
1674 1839 1849 1883 redemptis
1860 1841 1998 1884 captivis
2017 1840 2107 1875 debi-

1228 1900 1260 1922 ta
1274 1887 1449 1931 postularat
1461 1888 1652 1925 facultatem
1673 1889 1838 1924 vendendi
1858 1891 1943 1924 sacra
1966 1891 2039 1925 vasa
2065 1902 2104 1925 ac

1229 1938 1407 1973 ministeria
1420 1962 1431 1979 ,
1457 1938 1625 1982 respondit
1646 1939 1793 1984 Magnus
1814 1940 1994 1985 Gregorius
2017 1954 2029 1974 .·
2066 1945 2104 1973 ln

1227 1988 1281 2020 bac
1292 2000 1325 2023 re
1339 1989 1583 2032 qamt-:Legum
1606 1990 1642 2024 Θ
1664 1993 1820 2023 Canonum
1841 1994 1968 2025 Decreta
1988 1989 2106 2034 confhn-
2128 2007 2188 2038 Lib·
2209 2010 2237 2037 5·

1230 2043 1310 2071 tiunt
1323 2063 1334 2079 ,
1362 2037 1488 2077 nostrum
1507 2037 1672 2082 consen-{ism
1685 2040 1823 2081 praebere
1847 2046 2019 2075 curavimus
2033 2064 2044 2080 ,
2070 2042 2106 2074 Θ
2128 2049 2177 2086 Ep.
2210 2055 2256 2083 ¹3·

1228 2086 1432 2127 distrahendis
1449 2086 1581 2130 sacratis
1601 2087 1680 2129 vasis
1701 2090 1850 2123 licentiam
1869 2090 1956 2123 vobis
1976 2090 2109 2133 indulge-

1230 2149 1313 2170 mus.
1343 2136 1449 2184 Qod
1470 2138 1577 2182 ipsum
1599 2148 1656 2181 pro
1677 2137 1834 2174 Faustino
1855 2139 2023 2175 Merienfis
2049 2140 2111 2174 Ec-

1230 2187 1327 2221 clesia:
1337 2185 1492 2227 Clerico,
1519 2187 1576 2232 qui
1601 2198 1772 2232 acceptum
1792 2188 1833 2224 ad
1845 2188 2045 2225 seducendas
2062 2201 2114 2223 ca-v

1232 2238 1339 2282 ptivas
1351 2237 1370 2270 a
1385 2236 1534 2272 Barbarie
1547 2235 1629 2271 filias
1639 2247 1790 2271 mutuum
1811 2238 1936 2272 solvere
1960 2249 2028 2272 non
2054 2249 2112 2281 po-

1233 2295 1333 2327 terat,
1361 2285 1471 2320 scribit
1493 2284 1533 2323 ad
1557 2285 1689 2321 Bonum
1712 2287 1910 2330 Episcopum
1933 2287 2112 2324 Meffinen-

1232 2337 1319 2369 sem.
1347 2335 1437 2369 Solvi
1452 2333 1486 2368 id
1499 2334 1632 2375 mandat
1657 2347 1699 2370 ex
1729 2337 1870 2371 venditis
1893 2337 1983 2372 istius
2000 2337 2112 2371 Eccle-

1235 2485 1356 2522 tramni
1380 2485 1583 2521 Francorum
1607 2486 1710 2530 Regis
1729 2487 1916 2531 captivitate
1937 2486 2117 2522 liberandis

1235 2545 1368 2571 aureum
1380 2534 1516 2569 calicem
1538 2535 1727 2570 conflaverit
1746 2536 1780 2570 in
1807 2538 2023 2578 numismata,
2048 2538 2115 2571 lau-

295 2600 406 2623 aurum
423 2590 661 2632 &argentum‚
688 2586 881 2627 sedinsuper
898 2585 982 2618 sacra
1005 2584 1080 2617 vasa
1101 2582 1176 2617 fuis-
1235 2585 1293 2620 dat
1319 2583 1355 2619 in
1381 2586 1584 2621 Francorum
1611 2585 1760 2620 Historia
1781 2588 1913 2621 Sanstus
1936 2586 2114 2629 Gregorius,

297 2642 328 2675 se
340 2638 557 2677 distributain
574 2647 726 2682 pauperes
739 2660 746 2667 .
778 2635 857 2668 Hoc
870 2635 974 2677 ipsum
986 2634 1082 2667 licere
1105 2633 1173 2666 vult
1235 2634 1459 2671 Turonensis.
1489 2634 1532 2668 Et
1550 2636 1717 2679 grandiad
1729 2636 2045 2671 communicandum
2056 2647 2113 2679 po-
2131 2653 2218 2690 Lib.7.
2235 2664 2264 2687 c·

298 2689 339 2722 ad
361 2689 518 2724 curandas
541 2697 719 2732 pauperum
741 2686 942 2729 sepulturas,
968 2684 1002 2718 &
1024 2682 1104 2717 reae
1123 2683 1175 2716 ad-

299 2739 426 2783 jungit:
455 2744 538 2779 Opus
550 2737 607 2778 est,
633 2748 666 2771 ut
678 2739 715 2770 de
740 2734 866 2775 Ecclesia
894 2733 997 2774 mystici
1011 2732 1175 2776 pocultfor·

301 2800 351 2824 ma
363 2799 419 2820 non
430 2796 519 2822 excat
531 2811 541 2827 ,
571 2799 607 2820 ne
622 2789 665 2820 ad
673 2785 738 2830 usus
750 2784 880 2827 nefarios
889 2783 970 2827 sacri
991 2784 1102 2817 Calicis
1124 2788 1177 2815 mi-

1219 2680 1223 2721 Ι
1237 2685 1351 2730 pulum
1363 2686 1513 2719 consesto

1237 2734 1348 2769 scribit
1370 2734 1404 2767 in
1425 2735 1591 2769 Remenfis
1613 2735 1757 2770 Ecclesiae
1774 2735 1922 2770 Historia
1942 2735 2114 2780 Presbyter

1239 2783 1444 2819 Flodoardus
1457 2797 1464 2816 ε
1494 2787 1587 2831 ,Quod
1595 2797 1653 2819 vas
1663 2784 1753 2828 usque
1767 2787 1811 2819 ad
1821 2788 1960 2820 moderna
1980 2794 2113 2828 tempora

303 2838 448 2879 nisterium
460 2837 683 2878 transferatur.
711 2837 780 2869 Idea
792 2842 877 2870 intra
902 2833 1060 2876 Ecclefiam
1081 2831 1178 2876 quaeli-
1237 2836 1423 2878 perduravit
1435 2859 1445 2875 ,
1471 2835 1561 2870 donec
1566 2833 1672 2879 susum
1684 2840 1887 2869 Nortmanms
1895 2837 2008 2869 dudum
2028 2840 2060 2867 in
2069 2846 2113 2868 re-

1241 2887 1438 2926 demptionem
1451 2886 1558 2919 datum
1576 2886 1614 2926 est
1634 2884 1880 2925 Christianorum.
1907 2884 2112 2920 Richardum
2129 2885 2218 2918 Liba·
2240 2895 2267 2916 c·

1242 2935 1382 2979 primum
1398 2936 1526 2979 Angliae
1545 2936 1672 2980 Regem
1684 2959 1695 2974 ‚
1721 2935 1828 2970 dume
1846 2937 1936 2969 sacro
1957 2935 2045 2971 bello
2069 2947 2116 2969 re·
2135 2938 2176 2958 ¹⁰·

303 2899 336 2923 ta
344 2886 550 2930 suntprimt'cm
560 2885 636 2928 vasa
650 2910 660 2925 ,
687 2897 753 2928 quae
764 2891 885 2921 initiata
897 2896 953 2919 non
963 2886 1050 2927 effent
1063 2908 1074 2924 ,
1100 2884 1169 2916 dein

304 2941 341 2972 de
355 2943 534 2971 comminuta
547 2962 557 2977 ,
581 2936 720 2979 postrema
736 2935 862 2976 conflata
875 2958 885 2975 2
906 2943 964 2976 per
977 2940 1111 2967 minutas
1121 2944 1180 2966 ero-

298 2995 437 3036 gationes
460 2985 633 3030 dispensata
656 2985 807 3028 egentibus
820 3009 830 3024 ,
856 2991 1099 3027 captivorumque
1113 2991 1179 3025 pre-

305 3045 357 3075 uis
375 3037 582 3082 projecerunt.
609 3035 674 3071 His
696 3034 942 3076 deficientibus,
970 3034 1062 3069 addit
1081 3034 1180 3068 etiam

306 3089 435 3123 initiata
451 3087 568 3123 eodem
582 3086 684 3120 modo
697 3086 785 3130 posse
796 3085 919 3119 trastari
933 3109 940 3116 .
969 3086 1050 3131 Qtae
1069 3082 1181 3119 omnia

307 3151 347 3171 ex
365 3140 469 3173 Sanc‘ki
486 3135 650 3175 Ambrosii
663 3135 851 3171 imitatione
869 3133 961 3170 fuisse
971 3135 1095 3169 etiama
1109 3134 1184 3167 San·

307 3189 359 3224 &o
374 3187 560 3231 Augustino
573 3186 708 3231 probata
718 3185 752 3220 δε
766 3185 891 3220 astirata
905 3184 1014 3219 scribit
1038 3185 1069 3217 in
1090 3183 1182 3225 ipsius

309 3238 375 3271 vita
388 3238 517 3271 Sanetus
529 3236 689 3273 Poindius
705 3261 712 3269 .
741 3235 784 3269 Et
807 3234 847 3268 de
869 3233 995 3268 Acacio
1018 3231 1183 3268 Amideno

309 3287 344 3323 in
359 3287 596 3329 Mesopotamia
610 3286 772 3330 Episcopo
784 3309 795 3325 ‚
817 3296 884 3319 non
897 3286 1023 3321 amicos
1032 3285 1065 3318 &
1077 3282 1185 3317 fideles

311 3337 504 3374 Romanos,
530 3337 582 3371 sed
595 3336 703 3370 hostes
724 3337 757 3370 ὅ(
778 3334 928 3379 Paganos
947 3334 1076 3374 Persas,
1103 3343 1185 3377 quos

310 3387 363 3425 isti
377 3385 418 3423 ad
430 3387 548 3432 septem
563 3386 664 3419 millia
675 3386 822 3428 captivos
831 3385 1025 3427 ceperant&
1037 3384 1122 3416 fame
1137 3394 1187 3416 ve-

310 3436 434 3475 xabant
456 3460 469 3478 a
504 3434 750 3473 commiserante
774 3434 886 3472 scribit
908 3434 943 3469 in
967 3432 1187 3468 Ecclefiastica

1243 2985 1304 3019 diit
1327 3007 1337 3023 ,
1371 2984 1486 3020 dolose
1521 2986 1606 3027 cepit
1632 2985 1822 3028 Leopoldus
1848 2984 1988 3020 Austriae
2013 2986 2093 3020 Dux
2105 2997 2118 3020 z.

1246 3034 1348 3080 Quod
1370 3035 1411 3070 ad
1433 3036 1538 3079 ipsum
1561 3034 1765 3069 liberandum
1786 3046 1854 3069 non
1875 3046 1941 3069 una
1960 3046 2016 3070 aut
2037 3036 2118 3071 alte-

1244 3095 1277 3118 ra
1299 3108 1310 3124 ‚
1337 3085 1389 3119 sed
1411 3084 1553 3119 omnino
1575 3086 1686 3119 cuncta
1708 3083 1929 3130 depauperatae
1952 3097 2007 3130 per
2030 3083 2116 3121 istud

1247 3134 1367 3170 bellum
1391 3135 1522 3179 Angliae
1546 3134 1689 3169 Ecclesia
1713 3136 1828 3170 omnia
1854 3136 1909 3170 sua
1934 3137 2018 3171 sacra
2045 3136 2118 3170 vasa

1245 3184 1414 3226 conflarit,
1441 3185 1584 3221 scribunt
1606 3183 1795 3230 Anglorum
1818 3186 1988 3221 Annales.
2016 3182 2118 3231 Qod

1249 3235 1349 3277 ipsum
1372 3236 1412 3270 ad
1436 3234 1571 3269 alendos
1588 3237 1747 3279 grassante
1769 3246 1849 3271 tunc
1872 3238 1957 3271 fame
1967 3245 2120 3280 pauperes

1248 3285 1355 3318 fecisse
1386 3296 1520 3320 omnem
1547 3284 1753 3320 Gallicanam
1775 3286 1949 3321 Ecclesiam
1975 3284 2123 3328 praedicat

1251 3334 1371 3368 Glaber
1396 3333 1593 3378 Rudolphus
1615 3360 1621 3368 .
1659 3335 1806 3371 Plurima
1833 3338 1906 3370 sunt
1930 3334 2121 3378 hujusmodi

1250 3385 1397 3428 exempla
1410 3410 1417 3417 .

1301 3434 1435 3478 Optime
1448 3434 1624 3470 Mauritius
1635 3435 1742 3469 Duxa
1767 3434 1894 3480 Bigane
1914 3434 2007 3470 Persa
2025 3432 2126 3469 Chlo·

1970 3495 2075 3521 roma·

1216 2386 1282 2448 'fix
1294 2385 1499 2419 ministeriis.
1527 2385 1571 2423 Et
1597 2386 1793 2421 Meroveum
1815 2386 2049 2423 pictaviensem
2069 2386 2113 2420 E-
2130 2387 2178 2425 Ep.
2202 2393 2253 2423 35·

1215 2436 1400 2488 1piscopum
1413 2459 1424 2474 ,
1450 2434 1540 2478 quod
1562 2446 1619 2478 pro
1640 2436 1670 2469 se
1691 2436 1726 2472 &
1749 2437 1813 2471 suis
1832 2437 1959 2472 civibus
1977 2436 1996 2470 ὲ
2019 2437 2117 2472 Gou«r

1541 2695 1595 2727 per
1618 2685 1772 2720 San-stum
1793 2686 1987 2731 Remigium
2010 2685 2113 2720 calice
2132 2706 2177 2731 ²4·

2140 3384 2171 3413 L·
2193 3391 2295 3418 404.
2335 3413 2339 3417 .
