2352 3756
629 78 843 116 Nouum
878 68 1187 114 Romnum
1224 64 1607 111 Concumm.

207 155 314 189 timore
323 156 478 189 convenire
489 178 497 187 .
523 152 716 197 Disponimus
727 157 806 187 enim
816 152 946 185 traciare
959 177 969 192 ,
995 151 1029 184 ὁ·
1042 150 1087 182 di·

207 205 314 249 ligenti
322 204 474 244 excuffione
484 204 630 238 deteBum
640 204 790 246 infaciem
811 203 888 236 orbis
909 213 947 236 ex
970 201 1086 234 occultis

207 252 484 298 tergiversationum
489 253 614 298 suarum
633 259 731 288 antris
751 253 909 288 extrahere
921 275 931 292 ,
958 256 1085 294 quicum·

208 304 325 347 quesite
334 304 393 345 est,
419 310 471 348 qui
493 314 647 338 tantorum
663 305 829 345 malorum,
854 314 922 345 quae
938 304 1008 344 jam
1024 307 1089 343 pri·

211 355 283 387 dem
301 360 334 387 in
357 353 558 396 Christianam
581 355 761 398 Religionem
781 354 953 398 graffantur
979 354 1013 386 (9
1030 349 1087 394 sae·

212 409 305 437 viunt
317 428 328 445 ,
353 402 601 447 causac-rautbor
611 404 711 445 existit
727 429 734 437 .
761 405 857 445 quus
873 408 966 436 etiam
986 402 1088 444 impie-

211 462 264 486 tas
279 477 289 494 ‚
314 456 658 489 &inauditatemeritas
670 454 814 488 bac‘lenus
839 452 948 493 obstitit
975 454 1008 486 o·
1024 460 1091 494 pro-

212 504 373 545 turbavit,
400 510 526 542 neinter
541 505 792 547 Pontificatum&
815 506 949 546 Regnum
971 506 1091 536 Divina

210 552 413 595 pasce-:recia
422 557 570 588 concordia
590 555 678 597 fieret
690 579 697 586 .
725 555 831 599 ‚Quam
849 561 974 595 pacem,
999 558 1091 594 opitu—

213 604 298 637 lante
315 606 394 643 Deo,
412 602 482 645 ficut
494 604 662 645 Christiana
678 603 922 645 devotiocupte&
938 602 1067 644 postulat
1081 624 1092 642 ,

215 659 246 686 in
256 653 354 686 eodem
367 656 491 687 Concilio
502 654 661 694 instaurare
672 678 683 694 ,
709 656 743 691 (τ
755 654 924 696 confirmare
935 661 1072 694 optamus
1082 675 1089 683 .

216 706 252 734 In
263 714 323 745 qua
333 705 439 742 synodo
446 713 596 747 praeterea
609 728 619 745 ,
645 708 708 737 Deo
719 703 842 737 authore
853 728 865 743 ,
889 703 933 735 ad
957 701 1092 735 bonorem

217 753 310 785 Beati
322 755 406 786 Petri
422 777 432 794 ,
459 751 796 798 secundumsanblorum
819 756 948 786 Patrum
972 756 1093 784 Decreta

212 807 320 844 parati
329 808 438 836 erimus
460 805 541 845 quod
541 804 657 845 justum
677 803 714 841 est
729 802 851 844 facere,
876 804 911 837 &⁸
932 807 1093 844 iniquorum

214 856 377 893 nequitiam
397 854 585 891 revelantes,
614 854 653 885 de
679 852 726 884 his
746 863 817 894 quae
836 853 905 884 sedi
929 852 1092 894 Apostolicae

213 902 390 942 objiciuntur
411 925 422 942 ,
458 904 492 936 (5
515 903 593 936 unde*
613 903 738 944 quidam
752 901 894 943 fratrum
908 900 1093 945 submurmu-

210 959 284 984 rant
296 975 307 992 ‚
332 950 420 994 ipsius
431 958 621 985 innocentiam
631 953 785 989 evidenter
797 951 940 992 ostendere
953 964 960 984 ε
987 957 1038 985 Ita
1049 962 1094 985 ta·

213 1013 283 1036 men
293 1024 305 1041 ,
330 1010 364 1035 ut
372 1011 444 1035 ante
455 1008 554 1034 omnia
567 1014 611 1035 res
624 1002 741 1035 sanblae
765 1005 909 1035 Romanae
936 1002 1073 1046 Ecclefiae
1082 1028 1091 1043 ,

212 1050 324 1093 quibus
343 1053 493 1093 expoliata
513 1050 687 1096 cognoscitur
707 1074 719 1090 ,
736 1051 767 1094 si
786 1053 910 1095 dignum
927 1052 964 1092 est
980 1078 990 1093 ,
1016 1053 1093 1088 retii-

213 1108 341 1134 ettanrur
352 1125 359 1132 .
383 1102 488 1135 Verum
498 1102 577 1134 illud
584 1103 746 1135 admodum
759 1102 864 1143 vestrae
879 1103 1036 1136 Diletiiont
1047 1115 1094 1136 no·

212 1149 327 1193 tificare
347 1162 405 1184 non
427 1153 647 1194 dedignamur,
673 1156 736 1185 Deo
760 1151 829 1191 teste
846 1176 856 1192 ,
883 1152 1093 1194 Rudolpbum,

216 1206 270 1242 qui
292 1204 359 1233 Rex
372 1201 410 1233 ab
423 1203 659 1235 Ultramontanis
670 1204 830 1235 ordinatus
839 1201 877 1241 est
889 1227 900 1243 ,
923 1213 981 1235 non
1005 1201 1096 1242 nostro

218 1250 442 1292 Praeceptofive
453 1251 561 1293 confilio
577 1256 713 1296 Regnum
725 1261 800 1285 tum·¹
814 1251 964 1296 fitscepiffi:
978 1265 985 1285 ε
1011 1251 1095 1295 Insu-

211 1306 271 1342 per
281 1305 373 1333 etiam
383 1312 434 1333 nos
447 1306 479 1333 in
502 1302 610 1341 synodo
632 1304 817 1337 decernentes
835 1302 996 1346 firmavisft¹
1009 1327 1020 1343 ,
1045 1301 1101 1346 nist
1119 1302 1121 1305 ’

217 1348 432 1393 Arcbiepiscopi
453 1354 486 1386 Cb·
499 1350 644 1395 Episcopi
656 1376 667 1392 ‚
693 1358 745 1395 qui
756 1354 840 1386 illum
850 1354 1070 1387 ordinaverant
1086 1376 1097 1394 ‚
1119 1389 1123 1398 ι

217 1398 271 1433 hoc
286 1399 408 1441 fabium
427 1400 517 1445 suum
537 1402 614 1436 redo
635 1402 794 1444 defendere
812 1402 967 1446 potuiffent
990 1428 1002 1445 ,
1034 1413 1098 1437 ram
1119 1399 1123 1418 ’-

215 1447 329 1492 ipsosci
350 1451 553 1495 dignitatibus
567 1453 659 1499 suis,
685 1455 778 1495 quam
800 1448 834 1487 Θ
852 1453 1021 1495 praefatum
1040 1457 1098 1487 Ru·
1120 1450 1126 1489 ,ἶ

216 1498 389 1541 dolphuma‘
401 1500 503 1543 Regno
513 1503 654 1543 deponere
666 1527 673 1534 .
699 1505 794 1535 Enim
806 1506 877 1536 verb
887 1509 1008 1537 interim
1031 1510 1098 1548 quis
1123 1526 1126 1531 -

217 1548 297 1582 banc
304 1549 429 1591 nostram
440 1548 654 1594 dispofitIonem
674 1552 922 1587 interturbaverit
935 1578 947 1594 ,
972 1556 1007 1590 Θ
1028 1555 1100 1588 mut-
1123 1552 1125 1555 ’

216 1602 243 1633 ti
253 1597 382 1638 vejffrum
399 1598 519 1642 sciunt,
546 1603 583 1635 (⁴7
605 1602 731 1643 nostram
745 1600 901 1644 scientiam
918 1603 1030 1647 fugere
1052 1616 1101 1639 ne-

218 1657 370 1693 quaquam
375 1650 467 1691 potest
479 1675 486 1682 .
512 1653 545 1682 si
555 1656 634 1684 enim
647 1658 791 1686 Hem-icus
803 1677 813 1693 ‚
834 1652 905 1686 Rex
916 1654 1015 1687 dic‘lus
1030 1678 1041 1694 ,
1064 1656 1101 1689 Θ
1124 1652 1127 1682 ἶ

217 1706 294 1740 pars
313 1699 380 1738 ejus
401 1698 595 1733 obedientiam
615 1725 626 1742 ,
662 1712 754 1742 quam
771 1701 949 1744 promiserat
961 1727 972 1742 ‚
997 1702 1100 1743 nobis,
1124 1723 1128 1738 -,

222 1753 311 1780 immo
325 1750 422 1782 Beato
435 1752 523 1783 Petro
533 1773 544 1789 ,
564 1752 706 1793 servasset
717 1775 727 1791 ,
754 1751 932 1792 confidenter
942 1753 1006 1785 dico
1018 1777 1029 1793 ‚
1041 1757 1102 1787 Deo

216 1798 375 1842 juvante,
401 1809 459 1830 non
480 1807 523 1832 tot
547 1801 629 1832 mala
643 1822 653 1838 ‚
677 1802 814 1833 videlicet
836 1800 1013 1842 homicidia,
1034 1810 1103 1844 per·

218 1849 323 1892 juria,
347 1845 502 1891 sacrilegia
514 1873 524 1888 ,
544 1847 708 1889 fimoniacae
720 1849 833 1891 haerefis
855 1849 1018 1892 pestilentia
1031 1875 1043 1891 ‚
1067 1861 1102 1884 ae

218 1897 403 1939 proditiones
413 1898 569 1940 evenissent
582 1923 589 1930 .
616 1902 673 1932 Vos
682 1905 802 1940 itaque,
832 1910 904 1940 quos
929 1908 984 1932 aut
1006 1908 1102 1933 tanta

222 1946 410 1982 calamitates
419 1955 538 1982 movent
554 1971 566 1986 ,
591 1957 645 1980 aut
656 1951 765 1981 Divint
776 1953 890 1981 timoris
903 1947 1050 1992 respedlus
1062 1950 1105 1982 ad

222 1998 284 2031 Deo
296 1997 415 2038 dignam
424 2005 528 2037 pacem
546 1998 580 2029 (5
600 1999 783 2030 concordiam
804 2004 924 2031 animat
935 2022 946 2037 ‚
972 2004 1103 2031 nitimini

224 2044 449 2088 &summopere
467 2046 620 2086 laborate,
645 2055 678 2079 ut
698 2048 848 2087 synodus,
874 2047 992 2087 qualem
1008 2046 1102 2090 supra

224 2101 454 2131 memoravimus
468 2117 479 2134 ,
499 2095 675 2137 fiertpoffit:
701 2098 858 2138 ,Quatenus
872 2094 990 2139 sant‘lae
1006 2098 1103 2130 Eccle-

221 2144 272 2187 fiae
283 2152 373 2186 caput
382 2167 393 2183 ,
418 2152 566 2187 totumque
576 2155 680 2188 corpus
690 2170 701 2186 ,
727 2147 807 2187 quod
815 2151 972 2187 impiorum
991 2147 1104 2188 procet-

225 2194 288 2236 lofis
291 2194 455 2236 fraudibus
466 2196 499 2228 Θ
510 2194 775 2244 machinationibus
786 2196 910 2234 fficcffuat
933 2197 1058 2229 nimium
1070 2198 1104 2231 (τ
1129 2217 1135 2224 ι

224 2244 340 2278 titubat
358 2268 369 2284 ,
395 2250 542 2276 communi
548 2256 611 2278 cum
629 2246 770 2279 omnem
792 2244 930 2288 consensu
954 2247 988 2281 Θ
1006 2246 1112 2290 robore

226 2292 356 2343 quiescat
367 2294 404 2327 de
422 2302 524 2327 caetero
535 2318 545 2334 ,
570 2296 604 2328 (9⁶
619 2293 765 2335 stabiliter
784 2294 990 2339 confilidetur.
1021 2297 1105 2331 Haec

225 2342 535 2386 Epistolaaltiffime
547 2345 665 2379 clamat
691 2344 805 2379 omnia
828 2345 981 2391 Gregorii
1002 2357 1079 2381 vota
1095 2370 1106 2387 ,

224 2403 344 2431 nervos
356 2416 368 2433 ,
393 2394 428 2431 ὃς
441 2393 545 2429 studia
560 2395 643 2430 serio
664 2396 834 2437 cucurrisse
858 2397 900 2431 ad
921 2397 1113 2441 Henricum,

226 2443 369 2477 omnino
379 2443 593 2487 reparandum
607 2470 615 2478 .
763 2480 766 2481 γ
823 2478 826 2480 ,

276 2492 387 2527 Etille
399 2494 531 2538 quidem
543 2495 688 2531 Romam
709 2495 826 2537 venit,
851 2495 899 2530 2st
922 2497 1106 2532 Germaniae

224 2542 381 2580 Proceres
402 2545 437 2577 ὅ(
454 2545 612 2579 variarum
634 2547 784 2591 gentium
808 2546 1012 2591 Episcopos,
1039 2547 1107 2587 Ab·
1139 2554 1141 2558 “

226 2593 342 2634 bates,
369 2593 540 2634 Clericos,
564 2594 797 2631 &Monachos
808 2594 980 2640 prohibuit
989 2597 1032 2631 ab
1055 2605 1105 2633 ie·

229 2644 316 2678 ceffu
337 2644 465 2687 Synodi
489 2668 499 2684 ,
526 2645 667 2687 ipsorum
688 2645 812 2680 multos
833 2647 921 2690 cepit
939 2648 1107 2691 captivos,

229 2695 265 2729 ἃ
276 2693 417 2735 conjecit
429 2694 463 2727 in
477 2695 606 2729 vincula
618 2720 625 2726 .
652 2695 830 2730 Praesertim
843 2694 1012 2739 prohibuit
1035 2697 1108 2733 Hu-

229 2752 354 2791 gonem
367 2743 622 2788 Lugdunensem
633 2771 644 2786 ,
671 2746 824 2781 Saendhim
839 2746 1031 2781 Anselmum
1043 2747 1107 2782 Lu·

230 2794 380 2834 censem,
393 2794 427 2831 ὅ(
441 2794 664 2839 Reginaldum
673 2796 871 2839 Episcopum
885 2796 1081 2832 Comensem
1094 2811 1106 2832 ι

230 2843 579 2889 Gregoriocsnaxime
601 2846 806 2881 neceffarios.
833 2846 928 2893 Qin
949 2847 982 2881 δε
1001 2846 1107 2882 Otho·

234 2904 312 2927 nem
324 2893 536 2930 Hostiensem
549 2894 746 2939 Episcopum
759 2920 769 2936 ,
796 2895 959 2940 Legatum
981 2897 1106 2943 Grego-

231 2943 275 2977 rii
287 2942 328 2976 ad
340 2944 368 2975 se
379 2945 564 2983 Henricum
577 2969 588 2986 ,
613 2946 670 2989 qui
685 2945 793 2989 poste&
805 2946 868 2980 fuit
882 2946 1043 2981 Urbanus
1064 2949 1106 2982 se-

231 2991 362 3028 candus
383 2991 560 3035 Pontifex,
591 2996 733 3041 conjecit
757 2996 792 3029 in
813 3005 988 3032 carcerem.
1014 2997 1106 3032 Hinc

233 3043 340 3086 ipsum
354 3053 414 3076 nec
435 3043 476 3077 ad
497 3044 692 3087 Synodum‚
718 3057 779 3080 nec
802 3046 842 3080 ad
862 3047 954 3083 suum
976 3048 1105 3091 conspe-

234 3095 324 3127 &um
351 3092 520 3127 admittere
545 3094 724 3140 Gregorius
750 3096 857 3130 voluit
878 3120 890 3136 ‚
927 3107 1003 3131 cum
1029 3098 1106 3132 solis

235 3142 447 3185 Campaniae,
473 3142 619 3186 Apuliae,
646 3146 681 3184 ὃς
694 3146 853 3180 Calabriae
873 3145 1042 3190 Episcopis
1063 3149 1106 3182 fe-

235 3193 283 3227 cit
293 3192 488 3234 synodum,
516 3193 608 3236 cujus
622 3196 778 3238 praecipua
803 3196 885 3230 Aeta
909 3198 1003 3230 refert
1033 3197 1106 3232 Ber-

235 3240 369 3279 tholdus
381 3241 635 3277 Constantienfis
650 3257 661 3277 .-
688 3248 832 3278 Dominus
848 3248 957 3288 Papa,
981 3257 1019 3279 ne
1028 3250 1107 3281 Hen-

236 3299 330 3326 ricum
356 3293 462 3325 iterum
480 3290 647 3335 specialiter
667 3294 938 3331 anathematizaret
960 3320 971 3336 ,
1008 3302 1065 3330 vix
1087 3300 1106 3330 ἃ

238 3344 345 3385 Synodo
354 3351 491 3377 exoratus
501 3366 512 3384 ,
531 3353 629 3377 omnes
639 3352 740 3380 tamen
749 3351 1011 3381 excommunicavit
1020 3370 1031 3390 ,
1047 3351 1106 3391 qui-

1860 84 1950 128 333

1146 155 1264 189 cumque
1274 144 1400 187 aliquem
1411 148 1456 178 ad
1475 147 1614 182 santium
1637 152 1761 186 Petrum
1779 151 1815 186 <Et
1835 153 1954 194 Papam
1975 165 2026 189 ve-

1147 203 1278 231 trientem
1294 195 1471 237 impedirent
1481 207 1593 238 quoquo
1604 202 1688 233 modo
1699 226 1706 234 .
1734 201 1782 237 At
1794 200 1926 246 qualem
1948 202 2027 237 obe.

1149 247 1307 282 dientiam
1318 244 1397 279 huic
1411 244 1558 278 Decreto
1570 245 1753 285 exhibuerit
1772 251 1974 288 Hem-iciam
1992 254 2027 288 ὅ(

1150 296 1343 332 Guibertina
1356 295 1451 329 factio
1465 318 1475 335 ,
1501 294 1601 329 docet
1610 294 1698 331 idem
1720 300 1915 337 Bettholdus
1925 316 1938 337 ,-
1964 306 2028 337 M,-

1149 348 1272 381 rabatur
1284 351 1428 380 Henricus
1439 351 1472 378 in
1485 345 1683 387 Lateranenfi
1689 349 1807 381 Palatio
1817 362 1882 385 cum
1901 353 2028 388 Raven-

1151 395 1305 441 natesuo2
1325 397 1409 430 neca
1417 395 1558 440 fidelibus
1571 398 1666 437 Papae
1678 397 1724 429 ad
1743 399 1883 432 santium
1903 405 2028 436 Petrum

1154 446 1277 489 tranfire
1283 446 1534 489 permittebatur,
1557 444 1654 488 sedin
1672 444 1741 490 ipsa
1762 445 1900 489 Pascbali
1924 450 2031 486 hebd„-

1150 497 1352 540 madafia'eles
1363 498 1557 542 aggreditur.
1587 495 1671 540 Agit
1681 496 1723 530 de
1744 497 1892 541 sequenti
1918 509 2032 541 anno,

1151 549 1230 582 dum
1244 548 1425 592 Gregorius
1436 547 1500 581 sese
1511 544 1678 581 abdiderat
1690 545 1725 581 in
1749 547 1901 584 Castrum
1926 549 2034 584 Sancti

1155 597 1277 643 Angeli
1295 623 1303 630 .
1333 596 1376 631 Et
1398 595 1434 630 in
1459 596 1556 630 variis
1576 595 1696 631 litteris
1718 597 1894 633 Goffredus
1919 597 2035 634 Abbas

1153 645 1408 682 Vindocinenfis
1431 646 1569 680 affirmat
1591 646 1770 682 Urbanum
1783 645 1968 683 ,secundum
1991 648 2034 684 la·

1153 699 1247 732 tuiffe
1274 707 1447 742 pauperem
1470 697 1506 731 in
1526 696 1631 731 domo
1652 698 1790 741 Ioannis
1810 698 2007 744 Frangipani
2021 723 2034 740 ,

1155 750 1186 783 se
1207 758 1366 792 tanquam
1389 746 1616 782 Nicodemum
1638 746 1795 782 acceffifle
1815 748 1856 783 ad
1879 749 1975 783 illum
1991 749 2035 784 de

1155 800 1248 833 noste
1265 823 1276 838 ,
1301 807 1349 832 ter
1371 797 1465 832 fuisse
1487 807 1644 841 captum,
1668 798 1703 833 δε
1724 808 1861 833 omnem
1884 798 2038 834 Catholi-

1153 859 1230 883 cum
1244 848 1458 892 Romipetam
1468 847 1561 882 fuisse
1571 847 1792 892 periclitatum
1808 858 1878 882 non
1889 848 1930 883 de
1948 849 2038 884 tuni·

1154 910 1191 933 ca
1204 922 1215 938 ,
1241 898 1294 932 sed
1306 897 1348 933 de
1361 900 1428 933 vita
1439 923 1447 931 .

1203 947 1248 982 Et
1275 947 1355 982 hinc
1380 949 1580 983 calumniam
1602 947 1778 983 continent
1800 946 1867 983 haec
1893 945 2039 984 Abbatie

1157 999 1333 1043 Uspergen
1339 999 1377 1031 fis
1389 998 1484 1033 verba
1498 1011 1505 1030 :
1532 1003 1675 1032 Henricus
1686 1000 1769 1033 diem
1772 998 1909 1040 statuens
1922 1000 2041 1034 Kalen·

1155 1050 1212 1083 das
1227 1048 1430 1090 Novembris,
1455 1046 1517 1091 ipse
1525 1050 1573 1082 ad
1579 1057 1721 1082 montana
1731 1047 1897 1092 conscendit
1920 1054 2040 1084 intran-

1155 1108 1184 1132 te
1198 1101 1229 1142 J
1230 1100 1308 1138 ulio,
1332 1099 1428 1142 ibique
1442 1107 1635 1134 commoratus
1656 1097 1745 1142 usque
1763 1100 1809 1132 ad
1812 1099 1955 1140 statutum
1967 1108 2042 1133 tem-

1153 1157 1211 1191 pus
1223 1174 1233 1190 ‚
1260 1150 1390 1183 Romam
1399 1150 1512 1188 rediit,
1532 1147 1592 1192 sed
1602 1151 1691 1190 Papa
1703 1154 1735 1181 in
1751 1147 1951 1193 praefientiam
1974 1151 2040 1191 ejus

1157 1209 1212 1232 non
1224 1205 1311 1232 venit
1325 1223 1333 1231 .
1355 1198 1464 1233 Etiam
1478 1197 1659 1239 haecxverba
1672 1197 1831 1234 Venetici
1853 1198 2043 1234 vercellen·

1157 1250 1195 1282 fis
1208 1248 1359 1292 Episcopi
1372 1263 1383 1282 .-
1415 1254 1561 1284 Henricus
1573 1248 1646 1282 Rex
1654 1260 1712 1282 non
1722 1257 1755 1282 ut
1766 1249 1947 1294 dispergeret
1968 1260 2042 1283 ove:

1158 1298 1289 1340 Christi,
1310 1298 1409 1342 sedat
1422 1307 1606 1343 congregaret
1628 1310 1678 1333 eas
1696 1305 1730 1332 in
1750 1311 1842 1333 unum
1853 1322 1865 1338 ,
1928 1299 2040 1341 οἶσθας

1158 1349 1195 1390 est
1209 1349 1359 1391 Romam,
1380 1348 1663 1392 praecipue'studens
1674 1359 1729 1383 aut
1741 1361 1807 1383 cum
1830 1353 1871 1382 Hi
1905 1349 2039 1383 ebrando

1158 1400 1254 1433 redire
1264 1405 1462 1444 ingratiam,
1486 1397 1617 1440 autfiid
1631 1399 1700 1443 fieri
1723 1411 1782 1434 non
1800 1399 1908 1442 posset,
1928 1397 2042 1442 substi-

1158 1459 1239 1484 tuere
1258 1452 1349 1484 atium
1370 1453 1491 1492 Papam
1503 1473 1515 1490 ,
1541 1455 1594 1492 qui
1615 1459 1733 1484 amaret
1755 1452 1790 1484 Θ·
1811 1451 2041 1493 evangelizaret

1156 1508 1261 1543 pacem
1273 1525 1285 1542 ,
1309 1501 1450 1542 cumjam
1470 1502 1527 1542 per
1546 1501 1650 1541 plures
1669 1511 1766 1534 annos
1783 1499 1891 1533 bellum
1911 1500 2043 1540 undique

1160 1549 1326 1591 vastaverit
1348 1549 1519 1585 Romanum
1528 1550 1642 1584 orbem.
1669 1551 1789 1584 Sedille
1809 1550 1904 1583 noluit
1927 1548 2044 1593 Regem

1159 1607 1305 1643 recipere,
1332 1604 1423 1635 imm&
1431 1599 1543 1644 respuit
1553 1611 1620 1633 eum
1639 1602 1747 1644 alloqui
1766 1601 1818 1634 vel
1840 1601 1964 1641 vidore,
1991 1597 2049 1641 niss

1159 1651 1276 1691 offerret
1283 1650 1338 1692 fibi
1350 1652 1465 1695 Regale
1472 1649 1625 1694 fieptrum
1634 1675 1646 1692 ‚
1672 1652 1707 1686 (Ψ
1726 1655 1758 1683 in
1772 1649 1847 1694 suas
1857 1660 1965 1683 manus
1976 1649 2046 1683 red·

1155 1699 1246 1733 'deret
1266 1699 1399 1743 Regiam
1408 1701 1586 1741 ‘potestatem
1600 1724 1611 1741 ‚
1637 1702 1672 1735 <9
1689 1699 1825 1735 bonorem
1837 1702 1871 1735 ὁ·
1884 1701 2024 1744 Regnum
2033 1721 2043 1731 .

1164 1750 1207 1784 Et
1228 1749 1300 1793 post
1325 1749 1492 1792 quedam:
1517 1751 1602 1793 Ergo
1624 1749 1782 1784 Rex-cum
1792 1750 1969 1790 obstinatum
1983 1747 2049 1783 Pa·

1159 1806 1210 1839 pae
1235 1803 1371 1831 animum
1392 1810 1450 1832 non
1467 1800 1558 1842 poffitt
1577 1801 1719 1833 inclinare
1743 1801 1789 1832 ad
1799 1798 1931 1839 studium
1957 1802 2047 1841 pacit

1163 1849 1225 1880 alla
1237 1848 1388 1889 pastionis
1410 1851 1573 1882 conditione
1583 1872 1595 1888 ,
1621 1849 1679 1891 nifi
1683 1851 1797 1883 cederet
1810 1850 1915 1893 Regno
1925 1871 1936 1887 ‚
1961 1849 2048 1891 quod

1165 1902 1225 1930 Deo
1242 1899 1402 1933 ordinante
1424 1897 1588 1932 obvenerat
1597 1897 1655 1939 fibi
1678 1903 1769 1932 avita
1791 1904 1909 1940 pariter
1932 1899 1966 1932 o·
1985 1906 2048 1939 pa-

1164 1954 1252 1980 terna
1266 1946 1429 1990 succefflone
1450 1972 1461 1988 ,
1486 1957 1557 1982 tune
1576 1949 1695 1982 demum
1716 1948 1786 1991 usus
1805 1948 1844 1989 est
1864 1947 1931 1982 belli
1950 1945 2047 1991 neces-

1159 1995 1246 2036 fitate
1268 2023 1276 2029 .
1320 1997 1399 2033 Ciam
1423 2002 1515 2030 etiam
1539 1999 1618 2031 idem
1637 1998 1863 2032 Hildebrandus
1888 2003 2046 2032 introitum

1168 2046 1316 2079 Romanae
1334 2051 1474 2080 civitatis
1492 2046 1690 2091 obstruxtffet‚
1715 2049 1751 2081 <5
1772 2048 1924 2083 Romanos
1949 2050 1994 2081 ad
2002 2059 2050 2082 re·⁴

1162 2097 1356 2139 pugnandum
1375 2097 1547 2138 animaffet,
1574 2102 1627 2138 qui
1647 2098 1755 2130 deinde
1775 2097 1906 2137 conversi
1927 2098 1970 2130 ad
1984 2097 2047 2137 stu-

1165 2145 1249 2177 dium
1267 2149 1374 2186 pacis,
1403 2146 1456 2177 vel
1463 2146 1546 2187 quad
1553 2144 1625 2179 bello
1633 2147 1763 2187 undique
1779 2157 1969 2189 urgerentur,
1997 2148 2048 2180 vel

1165 2196 1247 2236 quod
1261 2203 1364 2227 contra
1384 2196 1552 2228 Patricium
1567 2193 1660 2237 suum
1681 2203 1845 2239 repugnare
1866 2195 2049 2229 arbitraren-

1165 2248 1215 2277 tur
1228 2244 1296 2286 sor'e
1310 2249 1459 2286 impium,
1482 2244 1809 2290 lqationemffliserunt
1820 2270 1831 2286 ,
1859 2253 1997 2289 rogantes
2009 2257 2047 2279 ea

1165 2305 1232 2339 quae
1244 2299 1332 2337 pacis
1345 2293 1420 2338 fiant
1429 2319 1441 2336 ,
1463 2290 1627 2337 persste'nte
1639 2296 1845 2329 eildebrando
1859 2298 1948 2338 Papa
1957 2301 1989 2328 in
2002 2295 2050 2328 ob-

1159 2344 1284 2384 stinatae
1302 2350 1414 2379 mentis
1427 2349 1611 2386 intencione,
1634 2356 1695 2388 qua
1709 2346 1821 2390 Regem
1834 2347 2048 2387 Henricumju·

1143 2411 1144 2414 ¹
1165 2396 1321 2430 dicaverat
1345 2395 1542 2440 dignumpeffe
1565 2396 1630 2429 odio
1648 2401 1800 2436 omnium,
1824 2406 1915 2438 atque
1938 2407 2048 2429 excom·

1166 2451 1346 2479 manicatum
1364 2446 1385 2478 ἃ
1399 2443 1454 2489 se,
1479 2446 1603 2489 ideoque
1622 2446 1676 2488 effe
1696 2447 1853 2489 indignum
1860 2448 2024 2490 altquorum
2036 2472 2049 2487 ,

1165 2501 1215 2539 qut
1233 2496 1311 2530 ree‘le
1319 2496 1446 2531 colerent
1459 2498 1577 2537 Deum,
1602 2494 1897 2538 visu&allocutione
1910 2522 1917 2530 .
1945 2495 2048 2530 Uter-

1166 2556 1230 2587 que
1254 2545 1399 2589 Scriptor
1425 2546 1588 2590 praesentis
1613 2546 1741 2588 Synodi
1767 2546 2047 2581 convocationem

1168 2595 1256 2640 Regi
1277 2595 1453 2634 Henrico,
1478 2596 1512 2629 &
1536 2595 1678 2638 ejusdem
1701 2595 1917 2631 frustraneum
1930 2596 2049 2630 succes·

1167 2646 1236 2680 sum
1250 2643 1400 2679 adscribit
1419 2644 1514 2688 Papae
1536 2644 1698 2689 Gregorio
1726 2669 1738 2686 ,
1765 2657 1820 2690 per
1841 2645 2047 2689 manifestam

1167 2695 1386 2734 calumniam.
1413 2694 1551 2728 Etenim
1576 2694 1644 2738 ejus
1661 2697 1860 2731 convocatio
1884 2708 1939 2740 per
1966 2696 2047 2730 Gre-

1167 2747 1319 2792 gorium‚
1348 2744 1515 2784 frustratio
1543 2745 1651 2788 palum
1671 2745 1752 2781 fasta
1777 2746 1823 2780 est
1846 2756 1901 2789 per
1924 2746 2047 2780 Henri·

1167 2808 1241 2830 cum
1264 2820 1277 2837 ,
1301 2795 1360 2838 qui
1381 2804 1451 2830 non
1474 2794 1560 2828 solos
1583 2794 1747 2830 venientes
1768 2795 1810 2830 ad
1831 2794 1917 2830 hanc
1942 2796 2050 2839 Syno-

1166 2846 1245 2881 dum
1267 2845 1468 2888 Episcopus,
1493 2844 1548 2879 sed
1569 2845 1669 2883 etiam
1689 2843 1862 2882 Othonem
1892 2845 2047 2889 Papalem

1167 2895 1206 2931 ad
1228 2897 1259 2930 se
1280 2895 1444 2940 Legatum
1461 2893 1603 2937 conjecit
1617 2895 1653 2930 in
1663 2896 1795 2931 vincuia
1807 2920 1819 2937 ,
1843 2905 1941 2940 atque
1953 2895 1998 2929 ita
2010 2894 2049 2928 &t

1168 2948 1220 2980 sua
1230 2944 1409 2989 juramenta
1421 2944 1454 2978 &
1466 2942 1644 2981 comm‘une
1654 2946 1807 2981 omnium
1827 2946 1976 2990 gentium
1993 2943 2046 2987 jus

1167 2997 1228 3038 fuit
1251 2995 1492 3039 praevaricatus.
1520 2995 1678 3033 Hincilli
1698 2996 1716 3030 ὲ
1737 2997 1769 3031 se
1789 2996 1945 3029 inflictam
1967 3004 2045 3028 cum

1167 3045 1374 3080 anathemate
1391 3043 1661 3090 degradationem
1673 3046 1779 3082 valere
1790 3045 1969 3089 Gregorius
1978 3053 2044 3078 me-

1167 3097 1232 3131 rito
1254 3096 1359 3130 voluit
1372 3120 1380 3128 .

1216 3146 1292 3179 Hac
1313 3146 1349 3180 in
1370 3146 1509 3188 Synodo
1534 3145 1715 3191 Gregorius
1736 3144 1816 3179 item
1841 3142 1969 3178 videtur
1992 3142 2046 3178 fir·

1169 3196 1262 3230 masse
1283 3194 1348 3230 hoc
1359 3195 1452 3230 suurn
1463 3196 1669 3241 Rescriptum
1679 3193 1719 3229 ad
1731 3193 1952 3229 Altmannum
1967 3192 2045 3227 Pas·

1169 3245 1342 3280 saviensem
1366 3245 1584 3290 Episcopum:
1611 3246 1703 3287 ,Quod
1721 3245 1759 3278 de
1780 3243 1985 3278 sacerdotibus
1998 3249 2044 3277 in-

1169 3294 1354 3340 arrogastis,
1377 3297 1477 3336 placet
1499 3296 1583 3329 nobis
1601 3303 1635 3328 ut
1653 3299 1687 3327 in
1692 3292 1923 3337 praesentiarum
1939 3317 1951 3335 ,
1975 3302 2042 3327 tum

1166 3354 1282 3391 propter
1310 3345 1481 3390 populorum
1513 3345 1695 3382 turbationes
1717 3368 1730 3387 ,
1771 3352 1836 3379 tum
1859 3348 1952 3380 ettam
1972 3350 2042 3384 pr·-

1922 3400 1994 3436 pst?
