2372 3756
47 1551 111 1583 Lib1
141 1562 166 1583 1-

47 1594 98 1630 Ep·
123 1594 168 1622 18.

595 106 867 152 QuJNrtJM
903 90 1213 140 ROMANUM
1250 90 1638 136 Coucnmn.

214 231 265 265 fiae
281 228 564 265 communionem.
592 229 686 264 Hinc
707 230 793 273 ipsos
818 228 1010 273 Apostolica
1036 227 1089 261 Se-

213 279 270 315 des
291 292 360 315 non
378 278 547 320 mittebat,
573 280 632 313 nili
657 279 697 314 ad
721 277 945 313 orthodoxum
965 277 1087 311 Princi-
1106 297 1109 331 ἰ

214 341 305 374 pem.
332 330 426 364 Hinc
438 330 552 369 eadem
564 329 659 363 Sedes
675 327 868 363 Patriarchae
890 329 1012 361 offensa
1037 338 1089 361 ve·
1108 370 1110 372 v

213 379 323 422 tabat,
348 392 391 415 ne
401 379 650 423 Apocrisarius,
677 378 792 423 utpote
804 379 1084 417 Diaconus‚cum
1108 400 1110 405 -

213 429 283 473 ipso
295 430 478 475 procederet
489 455 496 462 .
525 430 643 464 Hocce
653 428 864 475 proceffionis
875 428 1083 462 interditium
1107 429 1109 434 ’

214 491 253 514 ac
264 480 427 524 suspensio
447 489 515 514 erat
542 480 593 515 via
617 480 658 515 ad
679 478 924 514 revocationem
951 477 1088 521 Apocri-

214 530 311 570 sarii,
337 529 402 564 hoc
412 529 481 570 est,
507 529 548 564 ad
568 539 700 565 omnem
721 528 966 563 communionis
989 529 1086 561 inter-

213 580 385 614 cilionem.
413 580 506 614 Hinc
518 589 648 625 quartus
658 578 1007 621 Constantinusipsum
1021 588 1089 610 non

213 629 273 663 nifi
294 630 364 673 post
377 630 513 664 feliciter
538 630 697 673 peractam
710 653 721 669 ‚
749 628 782 662 &
793 628 810 661 a
820 628 964 662 secundo
977 629 1091 668 Leone

217 678 379 715 firmatam
393 677 563 723 Sy'nodurn
578 678 771 721 postulavit.
799 678 894 712 Hinc
916 676 1090 721 postulavit

218 729 328 763 statim
342 730 430 764 mitti
445 753 454 762 .
479 727 608 771 Nempe
624 738 717 763 norat
737 729 790 768 se,
816 729 987 771 quousque
1010 726 1086 759 esset

215 779 285 813 fine
294 777 502 822 Apocrisario
514 803 524 818 ,
549 779 611 812 effe
629 779 694 812 fine
705 777 863 814 Romana
880 776 1086 811 communio-

213 829 268 863 ·nis
277 827 470 861 charactere.
499 827 594 862 Hinc
616 827 761 862 Romani
782 827 987 866 Pontifices,
1013 837 1091 869 quo-

215 880 277 911 ties
289 877 394 911 Graeci
406 876 558 912 caderent
570 878 601 911 in
617 877 811 916 schismata,
836 878 931 910 suum
953 876 1093 920 Apocri-

214 928 335 961 sarium
346 927 453 962 statim
475 937 686 961 revocarunt.
715 928 803 961 Nam
826 926 860 960 &
887 924 986 960 hodie
1008 927 1093 960 inter

215 978 326 1022 Reges
336 987 373 1011 ac
385 978 468 1011 alios
476 978 593 1011 Laicos
605 977 773 1021 Principes
785 978 950 1011 revocatio
976 978 1093 1010 Orato-

215 1027 258 1062 ris
267 1027 312 1061 est
324 1026 430 1060 lucida
442 1026 592 1069 profeffio
618 1027 823 1061 inimicitia.
839 1026 962 1075 ‘Qare
982 1028 1092 1060 secun-

217 1077 278 1111 dus
289 1076 496 1117 Alexander,
526 1075 897 1114 dumMichaeliDucae
921 1077 1094 1119 Apocrisa-

217 1127 301 1162 rium
314 1126 434 1170 legavit
448 1151 459 1166 ‚
483 1127 608 1161 censuit
620 1127 724 1170 ipsum
737 1125 830 1170 plene
843 1124 1071 1160 orthodoxum
1087 1150 1094 1156 .

217 1177 263 1212 Et
273 1175 365 1221 quod
379 1175 526 1212 Michael
548 1176 680 1211 Petrum
703 1175 887 1211 honorifice
909 1175 1094 1214 admiserit,

217 1227 252 1260 &
279 1227 407 1271 magnis
433 1226 472 1260 ad
501 1226 756 1270 prosequendam
777 1236 870 1260 novae
893 1226 980 1269 apud
1006 1226 1094 1260 Ana-

218 1276 331 1321 gniarn
344 1275 550 1310 Cathedralis
564 1277 707 1310 Basilicae
717 1276 874 1310 fabricam
889 1276 985 1310 donis
999 1287 1095 1310 auxe-

218 1327 284 1366 rit,
310 1326 487 1361 testaturin
500 1324 594 1369 hujus
614 1327 680 1360 vita
705 1327 818 1360 Bruno
844 1326 1024 1369 Episcopus
1048 1325 1096 1359 Si·

217 1376 381 1421 gnienfis.

270 1425 328 1462 Ad
340 1426 482 1460 eundem
493 1425 695 1462 Michaelem
717 1425 823 1469 primo
846 1426 892 1459 sui
919 1424 1096 1459 Pontifica-

220 1484 275 1510 tus
286 1486 375 1510 anno
388 1476 506 1519 scripsit
518 1476 625 1509 noster
635 1476 792 1519 septimus
803 1475 998 1520 Gregorius:
1024 1477 1097 1519 ,Qui-

221 1524 441 1564 domavest‘ris
447 1525 590 1567 partibus
610 1524 748 1558 Monac-bi
771 1531 927 1559 venientes
939 1550 952 1565 ,
976 1536 1098 1567 quorum

221 1586 301 1609 unus
322 1574 451 1607 Thomas
474 1599 485 1615 ,
522 1575 598 1608 alter
622 1576 764 1609 Nicolaus
786 1575 962 1616 dicebatur,
987 1576 1097 1608 Excel-

221 1627 324 1659 lentiae
334 1624 438 1665 vestra·
450 1627 494 1658 ad
504 1636 554 1658 nos
565 1626 684 1659 litteras
696 1626 825 1659 detulere
834 1650 845 1665 ,
868 1626 978 1667 plenas
992 1624 1099 1665 vestm

222 1675 388 1708 dilec‘lionis
398 1675 572 1715 dulcedine,
598 1677 632 1709 (ν
654 1686 710 1715 ea,
736 1685 825 1718 quam
853 1674 970 1707 sanc‘i‘ae
993 1678 1097 1707 Roma-

223 1736 272 1758 nae
284 1721 416 1766 Ecclefiae
428 1724 575 1758 exhibetis
586 1749 598 1766 ‚
623 1736 680 1758 non
688 1733 790 1766 parva
815 1726 968 1758 devotione
983 1750 988 1756 .
1018 1726 1099 1768 ‚Quae

223 1775 365 1808 nimirum
376 1780 453 1808 inter
464 1785 570 1809 caetera
586 1776 766 1809 Nobilitatis
778 1775 883 1816 veflrae
903 1773 999 1808 verba
1011 1799 1021 1815 ,
1045 1773 1098 1818 eis-

222 1825 290 1857 dem
298 1824 451 1857 Manat-his
463 1827 500 1859 de
510 1825 558 1858 bis
570 1851 580 1866 ‚
606 1838 675 1868 quae
697 1824 753 1866 ipfi
766 1830 845 1859 viva
865 1836 931 1858 voce
955 1830 987 1857 in
1012 1836 1098 1857 aures

222 1873 306 1907 nobis
317 1882 451 1915 exparte
463 1874 559 1916 vestra
578 1878 703 1909 relaturi
717 1877 801 1918 essent
812 1899 821 1915 ‚
847 1876 922 1918 poffe
932 1886 984 1906 nos
1004 1877 1099 1908 erede-

223 1935 256 1956 re
267 1922 461 1967 adserebant.
490 1926 598 1958 Verum
610 1933 682 1967 quia
693 1924 828 1968 perfimae
838 1936 895 1957 non
916 1925 1099 1958 videbantur

223 1975 318 2013 tales,
350 1973 560 2019 qus'bussecure³
578 1975 671 2018 fidem
689 1977 831 2018 possemus
855 1976 1101 2013 adcommodare,

224 2025 258 2058 Θ
265 2031 322 2066 per
331 2034 378 2057 eos
401 2026 438 2058 de
457 2031 553 2058 tantis
574 2027 677 2059 rebus·
692 2026 899 2068 Magnitudini
919 2024 1023 2065 vestrae
1046 2023 1102 2067 res-

222 2075 353 2115 pondere
374 2097 385 2112 ‚
420 2075 599 2116 confratrem
633 2073 756 2114 nostrum
782 2078 964 2107 Dominicum
989 2099 999 2114 ‚
1039 2077 1102 2106 Pa-

226 2122 389 2161 triarcbam
405 2127 537 2157 Venetiae
550 2148 561 2165 ,
588 2128 731 2157 Romana
765 2123 898 2165 Ecclefiae
919 2135 953 2156 ac
977 2128 1103 2165 Imperio

214 191 267 217 tur
290 175 506 216 &Divinam
526 178 560 214 δε
580 177 758 214 humanam
783 178 950 223 utriusque
973 176 1111 251 Beck-³

1106 261 1110 293 l

225 2172 320 2213 vestro
326 2173 519 2215 fidelifflmum
529 2199 539 2214 ,
565 2176 608 2207 ad
623 2187 677 2209 vos
684 2173 851 2214 studuimus
865 2179 982 2207 mittere
993 2199 1004 2214 ,
1032 2184 1103 2216 qua-

224 2231 312 2254 tenus
336 2222 398 2265 ipse
419 2224 576 2267 diligenter
601 2226 621 2256 ἃ
643 2224 729 2256 vobts
750 2224 915 2266 intelligat,
936 2222 965 2264 fi
986 2229 1019 2256 in
1044 2236 1079 2257 ea
1093 2249 1102 2264 ,

225 2282 315 2313 quam
325 2272 436 2305 litterii-
458 2272 585 2312 vestris,
612 2275 646 2307 ὦ*
668 2279 746 2307 viva
768 2274 930 2306 eorumdem
954 2273 1103 2306 Monachu-

225 2333 292 2353 rum
305 2332 372 2354 voce
377 2320 515 2365 J‘ecretii'u
521 2321 706 2366 significastis
718 2347 728 2363 ‚
755 2323 851 2356 adhuc
863 2324 1019 2357 voluntate
1034 2331 1103 2365 per-

224 2370 389 2413 severetis,
415 2374 448 2406 Θ
461 2376 632 2415 Legationte
654 2372 771 2413 vestrae'
784 2373 880 2406 verba
905 2374 948 2405 ad
970 2372 1100 2413 effec‘lum

223 2422 381 2462 perducere
394 2422 517 2455 velitis.
544 2427 611 2456 Nos
622 2432 720 2457 autem
742 2434 802 2456 non
821 2422 914 2466 solum
941 2428 1018 2456 inter
1049 2427 1104 2455 Ro-

227 2480 351 2504 manam
373 2474 407 2506 (15
424 2471 523 2514 filiam
544 2475 606 2514 ejus
626 2474 983 2516 constantinopolitanam
1008 2475 1102 2506 Eccle-

221 2521 298 2563 fiam
309 2546 320 2561 ,
346 2528 506 2565 antiquam
518 2525 697 2556 concordiam
710 2529 844 2565 cupimus
858 2530 1002 2556 innovare
1016 2547 1026 2563 ,
1049 2521 1107 2565 sed

227 2582 291 2604 cum
303 2572 436 2605 omnibus
450 2573 615 2606 hominibus
621 2582 725 2616 pacem
745 2573 871 2607 habere.
900 2575 988 2606 Scitis
1010 2579 1104 2614 enim,

227 2623 455 2664 quiaquantum
480 2624 685 2665 autecessorum
707 2622 863 2663 nostrorum
890 2624 924 2656 o·
947 2621 1122 2664 vestrorum.

229 2672 348 2705 santia
371 2672 535 2715 Apostolicae
557 2674 626 2707 Sedi
646 2675 681 2707 θ
702 2677 827 2714 Imperio
854 2673 898 2705 ad
909 2666 1123 2714 patrociniuml

228 2820 460 2865 Apostolicam
472 2822 671 2857 cathedram
684 2823 848 2867 Gregorio
862 2821 1008 2856 Michael
1018 2845 1029 2862 ‚
1057 2823 1104 2858 uti

229 2870 435 2907 orthodoxus
455 2872 610 2917 Princeps
635 2899 645 2913 ,
684 2874 791 2906 statim
817 2873 998 2917 gratulatus
1019 2872 1105 2914 fuit,

230 2918 309 2954 fecit
329 2922 551 2959 obedientiam
575 2948 586 2964 ,
622 2924 656 2959 ὅ(
688 2923 864 2966 postulavit
891 2921 1104 2957 Ecclefiarum

229 2969 390 3005 unionem
410 2998 418 3004 .
458 2974 511 3006 Eo
528 2983 674 3016 tempore
695 2972 893 3017 grassabatur
914 2971 1020 3007 adhuc
1041 2973 1107 3006 Mi-

231 3019 353 3054 chaelis
375 3022 533 3056 Cerularii
558 3025 655 3066 impia
679 3023 777 3057 factio
798 3049 808 3064 ‚
846 3024 942 3066 eique
965 3022 1105 3057 omnino

231 3070 363 3104 favebat
386 3071 526 3113 Joannes
547 3073 740 3116 Xiphilinus
764 3071 951 3107 patriarcha
976 3098 983 3104 .
1011 3073 1104 3108 Hinc

232 3131 303 3154 non
324 3131 379 3163 per
399 3121 578 3165 Episcopos
600 3135 636 3156 ac
661 3124 841 3156 solemnem
867 3122 1104 3167 Legationem,

231 3171 286 3204 sed
309 3181 363 3213 per
385 3169 469 3204 fidos
488 3171 697 3212 Monachos,
724 3173 855 3207 adflietae
869 3173 1017 3207 Ecclefiae
1029 3184 1106 3209 con-

232 3221 361 3255 suetum
383 3221 504 3263 semper
525 3221 649 3263 asylum
663 3246 673 3261 ‚
701 3234 737 3256 ac
762 3234 816 3265 per
838 3223 1105 3257 secretaslitteras

233 3271 306 3311 pius
326 3269 479 3314 Princeps
497 3271 619 3305 censuit
644 3273 821 3315 negotium
841 3272 1083 3307 conficiendum
1096 3299 1103 3306 .

233 3318 281 3352 At
300 3321 479 3364 Gregorius
490 3321 577 3355 aliud
593 3323 718 3356 censuit
732 3336 742 3355 .·
770 3322 905 3357 Censuit
918 3322 1002 3356 hanc
1019 3324 1104 3357 viam

232 3370 331 3405 tantis
349 3370 443 3405 rebus
467 3381 533 3404 non
556 3372 757 3405 conducere.
786 3372 960 3416 Hincipfis
985 3373 1104 3417 impen-

327 3419 433 3461 christ.
445 3424 524 3464 Lupi
534 3426 633 3464 Opera
643 3425 730 3454 T.VI.

229 2722 379 2754 concordia
394 2723 508 2764 profuit
529 2748 539 2763 ‚
568 2725 688 2756 tantum
713 2724 849 2764 deinceps
873 2728 968 2755 nocuit
993 2747 1003 2762 ‚
1030 2724 1109 2765 quod
1119 2705 1123 2733 ι

228 2777 378 2815 utrimque
401 2773 567 2806 eorumdem
588 2773 723 2806 charitas
743 2772 856 2816 friguit
881 2796 888 2803 .
916 2771 1037 2806 Evesto
1064 2773 1105 2807 ad

1871 107 1960 155 145

1155 175 1204 209 dit
1225 174 1446 209 Dominicum
1469 172 1619 208 Venetia
1640 175 1865 212 patriarcham
1884 203 1891 211 .
1918 178 2029 222 Ipsum

1155 225 1303 260 adfirmat
1326 225 1359 259 &
1382 224 1541 258 Romanae
1562 223 1708 259 Ecclefiae
1731 228 1765 260 ὃς
1791 229 2029 262 Constantino-

1156 274 1303 319 politano
1324 274 1467 318 Imperio
1490 273 1707 307 fideiiffimum
1732 288 1742 307 :
1779 278 1881 324 Qiod
1903 279 2026 313 Veneti

1155 337 1230 360 cum
1243 324 1362 359 Graecis
1384 323 1594 359 mercimonia
1608 325 1728 366 semper
1738 325 1878 362 foverint
1891 351 1901 368 ,
1929 339 2028 372 atque

1155 375 1334 410 amicitiam
1351 400 1358 407 .

1207 426 1249 460 Et
1278 424 1450 459 Dominici
1477 425 1618 469 Legatio
1656 435 1722 458 non
1763 426 1867 459 caruit
1905 428 2004 461 frutiu
2018 452 2026 460 .

1159 476 1290 511 Etenim
1311 477 1408 519 ipsam
1433 476 1540 509 secuta
1562 476 1625 509 fuit
1639 474 1801 516 secunda,
1830 487 1896 508 non
1911 478 2028 510 secreta

1157 537 1212 569 per
1233 526 1390 569 simplices
1413 523 1626 566 Monachos,
1653 525 1706 559 sed
1731 525 1884 559 solemnis
1905 527 2030 559 Graeco-

1158 587 1227 609 rum
1249 574 1288 610 ad
1312 577 1496 610 Romanam
1522 575 1697 609 Ecclesiam
1722 576 1886 620 Legatio,
1913 576 1954 609 de
1967 585 2030 616 qua

1159 626 1265 660 noster
1295 625 1475 671 Gregorius
1511 625 1552 658 ad
1578 625 1808 667 Imperatorem
1844 626 2030 660 Henricum
2050 632 2106 663 Lib.
2137 644 2163 662 2.

1158 686 1305 718 quartum
1327 676 1435 710 scribit
1458 688 1466 707 ι
1493 675 1591 707 Indico
1616 677 1820 718 Magnitudim'
1843 686 1904 709 tuae
1927 699 1937 715 ,
1962 681 2031 718 quia
2050 675 2098 712 Ep.
2121 683 2166 710 3¹·

1161 725 1322 766 Christiani
1335 738 1372 758 ex
1379 725 1520 767 partibus
1533 726 1748 758 ultramarinis
1760 750 1769 765 ‚
1799 737 1919 767 quorum
1937 731 2035 759 maxi-

1160 788 1209 807 ma
1228 784 1306 817 pars
1330 779 1350 808 ᾶ
1374 778 1508 819 Paganis
1529 777 1666 808 inaudita
1687 776 1770 808 clade
1792 775 1948 815 destruitur
1962 801 1971 814 ‚
1999 777 2033 809 <⁸2⁸

1161 837 1236 858 more
1244 827 1391 867 pecudum
1404 827 1533 868 quotidie
1543 827 1681 859 occiditur
1689 850 1702 866 ‚
1721 824 1850 869 gensque
1862 825 2034 864 Christiana

1160 877 1203 907 ad
1224 874 1349 907 nihilum
1371 878 1538 919 redigitur,
1564 877 1608 907 ad
1625 887 1671 909 me
1695 874 1846 908 humiliter
1868 874 2011 917 miserunt
2024 899 2034 915 ‚

1160 929 1254 957 nimia
1263 925 1399 966 compulsi
1406 923 1525 967 mifiria
1539 927 1731 966 implorantes
1746 950 1756 965 ‚
1783 935 1816 958 ut
1829 928 1922 959 modis
1934 950 1943 965 ‚
1974 931 2036 967 qui-

1159 974 1213 1007 bus
1218 975 1343 1018 poffem,
1370 973 1477 1015 eisdem
1480 974 1635 1015 fratribus
1649 975 1750 1016 nistris
1758 974 1952 1017 succurrerem
1964 999 1974 1015 ,
1999 986 2036 1008 ne

1158 1023 1330 1064 Christiana
1353 1025 1453 1068 religio
1477 1024 1581 1064 nostris
1601 1026 1782 1067 temporibus
1800 1051 1810 1066 ,
1836 1028 1915 1069 quod
1935 1023 2010 1065 abfit
2025 1048 2037 1064 ,

1159 1077 1275 1107 omnine)
1295 1075 1459 1116 deperiret.
1489 1074 1530 1106 Et
1557 1075 1712 1109 inferitis:
1743 1076 2038 1117 Constantinopolita-

1159 1136 1199 1156 nct
1211 1123 1336 1165 Ecclefia
1348 1148 1359 1164 ,
1388 1124 1423 1156 de
1435 1125 1548 1164 Spiritu
1559 1125 1665 1157 santio
1675 1127 1695 1157 ἃ
1709 1125 1790 1158 nobis
1804 1123 1938 1166 diffidens
1951 1150 1960 1165 ,
1976 1136 2039 1157 con·

1158 1176 1287 1207 cordiam
1303 1174 1465 1215 Apostolicae
1486 1174 1570 1206 Sedis
1593 1173 1759 1215 exspectat.
1794 1181 1923 1209 Armenii
1946 1180 2039 1208 etiam

1155 1223 1221 1266 fere
1230 1235 1329 1257 omnes
1338 1226 1358 1256 ἃ
1369 1222 1524 1255 Catholica
1532 1224 1594 1265 fide
1607 1224 1750 1258 aberrant
1763 1250 1768 1256 .
1791 1226 1911 1266 Etfere
1922 1230 2041 1258 univer*-

1155 1273 1182 1316 fi
1191 1277 1355 1307 orientales
1365 1274 1592 1317 praestolantur,
1619 1276 1697 1316 quid
1702 1275 1780 1315 fides
1808 1275 1930 1316 Apostoli
1954 1278 2039 1307 Petri

1164 1332 1242 1357 inter
1253 1323 1386 1365 diversos
1410 1336 1508 1357 eorum
1528 1335 1639 1357 errores
1662 1326 1820 1358 decernat.
1847 1324 1940 1364 Instat
1961 1330 2043 1357 enim

1163 1374 1263 1413 nostris
1278 1374 1455 1416 temporibus
1468 1397 1478 1411 ,
1501 1381 1537 1407 ut
1547 1375 1703 1417 impleatur
1716 1400 1726 1415 ,
1752 1376 1833 1417 quod
1834 1379 1906 1416 pius
1919 1375 2041 1407 Redem-

1160 1432 1228 1466 ptor
1239 1422 1361 1466 speciali
1367 1429 1470 1468 gratia
1481 1425 1624 1467 dignatus
1641 1425 1680 1464 est
1692 1424 1884 1467 Apostolorum
1905 1427 2040 1466 Principt

1165 1476 1297 1508 indicare
1308 1485 1342 1507 ac
1348 1480 1510 1516 praecipere
1524 1500 1534 1514 ,
1557 1476 1659 1507 dicens
1676 1487 1682 1506 :
1710 1478 1775 1517 Ego
1784 1480 1891 1518 rogavi
1909 1483 1968 1516 pro
1987 1483 2016 1507 te
2028 1498 2040 1514 ,

1166 1527 1272 1564 Petre,
1299 1535 1331 1559 ut
1343 1536 1400 1557 non
1422 1523 1541 1565 deficiat
1565 1524 1643 1566 fides
1665 1532 1734 1557 tua.
1765 1524 1862 1558 Adeo
1886 1524 2043 1558 solemnis

1163 1575 1223 1607 fuit
1236 1572 1327 1614 haec,
1354 1586 1422 1608 non
1447 1573 1545 1608 solius
1568 1574 1960 1617 Constantinopolitanae,
1987 1572 2043 1608 sed

1163 1625 1273 1657 omnis
1283 1624 1484 1664 orientalis,
1512 1624 1672 1667 ipfiusque
1682 1625 1782 1658 etiam
1795 1625 1958 1658 Armeniae
1980 1624 2042 1657 Ec-

1164 1673 1262 1708 clefiae
1274 1672 1314 1708 ad
1328 1673 1528 1718 Gr'egoriurn
1544 1673 1699 1717 Legatio.
1726 1674 1808 1720 Qae
1831 1673 1970 1707 omnino
1996 1673 2041 1706 vi-

1163 1723 1258 1758 detur
1284 1723 1466 1768 procurasse
1490 1722 1692 1757 Dominicus
1720 1722 1908 1758 Patriatcha
1933 1722 2046 1757 Vene-

1164 1774 1282 1809 tiarum
1295 1799 1302 1806 .
1330 1773 1439 1808 Etiam
1460 1772 1549 1807 dona
1573 1775 1692 1808 Sancto
1706 1771 1884 1807 Benedieto
1898 1774 1930 1807 in
1944 1773 2044 1806 Mon-

1165 1834 1230 1858 tem
1253 1823 1422 1858 Caffinum
1440 1823 1525 1857 milit
1550 1823 1732 1867 Imperator
1753 1822 1902 1858 Michael
1923 1849 1928 1854 .
1959 1823 2044 1856 Rem

1165 1874 1253 1917 supra
1281 1874 1469 1908 audivimus
1497 1874 1514 1906 a
1543 1873 1656 1907 Leone
1682 1871 1823 1907 Ostiensi
1864 1872 2045 1917 Episcopo.

1165 1925 1267 1958 Tunc
1290 1924 1368 1958 item
1394 1924 1512 1957 factum
1538 1926 1583 1956 est
1611 1923 1700 1968 quod
1733 1924 1767 1957 in
1799 1922 2044 1967 compendiaria

1166 1974 1396 2019 Chronologia
1419 1971 1526 2007 scribit
1541 1974 1631 2016 Jocl:
1662 1972 1976 2019 PatriarcbaJoanne
1990 1976 2048 2006 Xi-

1163 2023 1277 2066 pbilino
1295 2031 1363 2058 vita
1377 2022 1484 2066 funt‘lo
1503 2047 1513 2062 ,
1539 2026 1704 2066 Imperator
1725 2024 1863 2068 Cosmum
1885 2025 2045 2067 quemdam

1168 2073 1365 2114 Monachum,
1389 2079 1440 2115 qui
1463 2076 1478 2106 ὲ
1499 2082 1581 2106 terra
1596 2072 1705 2116 sanc‘la
1723 2076 1893 2108 advenerat
1914 2100 1924 2115 ,
1949 2080 2046 2107 maxi-

1169 2135 1269 2166 moque
1281 2123 1319 2155 ab
1327 2121 1360 2165 se
1373 2123 1407 2155 ob
1422 2127 1548 2156 eximias
1561 2127 1691 2157 virtutes
1713 2129 1745 2156 in
1763 2130 1861 2165 pretio
1883 2124 2020 2157 habitum
2033 2148 2043 2163 ‚

1168 2175 1272 2217 elegit.
1301 2172 1345 2206 Et
1359 2173 1497 2215 Ioannes
1510 2171 1695 2215 Schylitza:
1722 2174 1840 2214 Sepulto
1864 2172 2045 2206 Patriarchae

1161 2227 1288 2268 Joanne
1307 2221 1464 2264 Xipbilino
1487 2247 1498 2263 ,
1524 2227 1689 2264 Imperator
1713 2225 1808 2268 alium
1831 2224 1959 2267 delegit,
1986 2235 2043 2256 non

1167 2285 1204 2306 cx
1219 2276 1370 2306 Senatorio
1381 2274 1506 2312 ordine,
1533 2283 1624 2315 neque
1648 2284 1686 2306 ex
1709 2271 1836 2314 Ecclesia
1851 2297 1861 2312 ‚
1888 2285 1980 2317 neque
2001 2273 2045 2305 ul-

1168 2326 1229 2357 lum
1250 2326 1340 2356 alium
1366 2324 1584 2362 Byzantinum,
1604 2322 1669 2364 five
1691 2324 1857 2364 eloquentia
1869 2321 1932 2364 five
1955 2324 2044 2356 rebus

1163 2372 1251 2417 gestis
1274 2374 1385 2406 clarum
1410 2373 1443 2406 (π
1462 2373 1600 2406 celebrem
1613 2397 1623 2413 ‚
1646 2371 1707 2416 sed
1726 2372 1864 2416 cosmam
1883 2375 2044 2416 quemdam

1170 2422 1343 2456 Monachum
1357 2447 1367 2462 ,
1395 2429 1446 2465 qui
1465 2423 1484 2454 ἃ
1503 2420 1612 2466 sane‘la
1634 2429 1761 2456 civitate
1784 2433 1927 2464 venerat,
1954 2425 1988 2457 (9⁸
2011 2430 2045 2456 in

1167 2478 1298 2506 maximo
1324 2471 1429 2506 honore
1451 2474 1535 2515 apud
1553 2475 1766 2514 Imperatorem
1787 2473 1954 2507 habebatur
1977 2482 2046 2515 pro-

1165 2532 1234 2565 pter
1258 2528 1403 2557 virtutem
1417 2547 1427 2563 ‚
1452 2534 1513 2565 qua
1530 2524 1684 2564 pra-ditus
1708 2533 1793 2558 erar.
1821 2528 1908 2556 Nam
1929 2522 2046 2565 tametsi

1169 2583 1303 2606 externae
1313 2572 1474 2615 sapientiae
1482 2582 1587 2615 expers
1601 2575 1665 2615 esset
1679 2597 1689 2613 ,
1715 2574 1748 2606 (τ
1761 2573 1841 2606 illius
1853 2573 1980 2613 mysteria
1991 2579 2045 2605 mi-

1169 2622 1403 2666 nimegustaffet‚
1429 2632 1562 2655 attamen
1574 2628 1672 2656 varus
1697 2623 1861 2657 virtutibus
1890 2623 2041 2664 effloresce-

1170 2674 1233 2706 bat.
1261 2675 1452 2715 ‚Quapropter
1465 2672 1599 2704 omnibus
1611 2673 1678 2705 aliis
1693 2673 1830 2719 neglcdlis
1844 2697 1853 2712 ‚
1882 2672 1979 2716 ipsum
2001 2674 2046 2705 ad

1170 2720 1300 2763 Ecclefiae
1314 2721 1517 2765 gubernacula
1538 2722 1654 2754 collocat
1668 2747 1675 2754 .
1704 2723 1860 2756 Cosmam
1881 2722 2043 2758 Monasti-

1169 2785 1211 2807 cae
1232 2772 1427 2816 paupertatis
1448 2772 1538 2804 fuisse
1565 2773 1662 2806 etiam
1687 2772 1720 2805 in
1747 2771 1973 2808 patriarchatu
1984 2772 2043 2808 ob-

1169 2823 1438 2857 servantissimum
1458 2844 1468 2860 ‚
1507 2821 1689 2865 Prophetiae
1709 2822 1801 2856 dono
1824 2823 1948 2857 clarum
1969 2848 1979 2863 ,
2006 2824 2041 2859 &

1170 2884 1262 2907 tanto
1284 2871 1406 2906 throno
1430 2882 1483 2914 per
1504 2873 1617 2906 omnia
1639 2872 1881 2917 digniffimum,
1908 2874 2041 2907 testatur

1171 2925 1202 2958 in
1217 2923 1321 2967 primo
1334 2920 1608 2956 Alexiadoslibro
1631 2922 1730 2956 Anna
1753 2923 1943 2957 comnena.
1971 2923 2041 2956 Ad2

1169 2974 1319 3007 ditsuiffe
1330 2980 1475 3006 creatum
1495 2983 1583 3006 anno
1607 2983 1723 3016 quarto
1745 2972 1951 3017 Imperatoris
1974 2973 2041 3006 Mi-

1169 3023 1309 3063 chaelis,
1334 3022 1388 3056 die
1401 3022 1536 3056 secunda
1562 3022 1726 3067 Auguffi,
1754 3023 1932 3056 indictione
1955 3022 2040 3056 deci-

1169 3086 1222 3107 ma
1246 3073 1340 3107 tertia
1363 3096 1373 3112 ,
1399 3083 1489 3106 anno
1510 3073 1649 3107 Domini
1675 3072 1746 3116 post
1767 3072 1974 3106 millesimum
1997 3074 2040 3105 se-

1170 3123 1365 3167 ptuagesimo
1385 3123 1526 3166 quinto,
1551 3123 1715 3165 pendente
1736 3122 1872 3166 negotio
1885 3122 2036 3156 unionis.

1168 3174 1232 3207 Sub
1244 3172 1406 3207 Saracenis
1416 3183 1549 3219 gemens
1562 3173 1869 3215 Hierosolymitaua
1897 3171 2039 3206 Ecclesia

1170 3235 1248 3257 tunc
1270 3221 1409 3257 necdum
1432 3220 1603 3257 admiserat
1625 3221 1763 3256 schisma
1787 3222 1820 3256 &
1842 3233 1945 3267 nugas
1971 3221 2040 3255 Mi-

1169 3272 1286 3307 chaelis
1299 3273 1457 3306 Cerularii
1469 3297 1480 3313 ‚
1510 3272 1560 3306 sed
1575 3272 1726 3307 constans
1739 3272 1890 3306 manebat
1902 3274 1934 3305 in
1950 3283 2041 3306 com-

1171 3324 1327 3357 munione
1341 3323 1512 3356 Romana.
1542 3323 1584 3355 Et
1610 3322 1753 3356 manfiffe
1767 3320 1915 3366 usquead
1930 3321 2039 3355 libera·

1170 3384 1235 3409 tam
1246 3383 1298 3417 per
1323 3371 1464 3408 Francos
1485 3372 1751 3415 Hierosolymam
1773 3372 1867 3417 poffit
1891 3371 2038 3405 ostendi.

1603 3421 1638 3457 N
1899 3421 1990 3456 Hinc
