2372 3756
68 472 137 509 Cn»
154 478 181 507 3·

70 777 141 814 Cap.
165 784 208 805 n.

70 857 142 893 Cap·
168 866 208 885 10.

74 1346 135 1379 Lib.
147 1356 173 1375 2.

74 1390 125 1425 Ep.
146 1395 187 1422 ις.

75 1582 127 1620 ΕΡ.
152 1583 196 1616 58.

81 2338 142 2370 Lib.
154 2348 180 2373 7.
189 2347 215 2369 c.

89 2797 175 2839 Epist.
207 2807 232 2830 r.

96 2954 169 2992 Cap·
183 2962 209 2983 2.

97 3219 169 3256 cap·
182 3230 197 3256 4
204 3223 228 3250 6.

622 163 891 209 Qun-rum
926 149 1236 194 Romnum
1273 140 1656 194 CONcuruM.

433 279 926 326 SCHOLroN.

308 385 412 432 Opuli
432 386 476 421 ad
496 385 600 420 Miss‘ae
626 383 820 420 sacrificium
832 382 1038 418 oblationem
1051 382 1113 415 effe

248 450 250 453 ’
333 436 431 483 longe
443 436 716 481 antiquissimam,
742 434 831 467 lucet
846 445 889 467 ex
907 430 1111 466 Tertulliani

238 488 325 522 libro
344 487 386 522 de
410 486 546 521 Corona
567 486 701 520 militis:
727 483 900 517 Oblationes
924 490 981 524 pro
1008 480 1113 522 defun-

238 538 315 578 etas,
335 544 393 579 pro
414 537 562 571 natalitiis
584 544 685 568 annua
707 534 757 567 dle
766 533 917 575 facimus.
946 532 1020 565 Effe
1032 530 1113 565 affir-

239 596 308 622 mat
328 593 550 626 inveteratam,
575 595 664 627 quam
688 581 860 627 consuetudo
891 582 1112 622 corroboravit,

239 635 473 680 observationem
486 660 492 669 .
516 635 590 668 Nec
601 633 703 668 solam
714 634 897 668 Sacerdotis
908 658 919 674 ‚
946 632 998 666 sed
1011 633 1112 666 etiam

240 687 357 731 populi
377 687 580 723 oblationem
597 683 737 718 omnino
751 684 861 718 laudat
875 707 886 723 ‚
911 682 952 716 de
967 693 1030 726 qua
1041 681 1115 715 scri-

241 737 291 772 bit
312 739 348 772 in
369 735 593 772 exhortatorio
612 733 653 767 ad
664 733 845 772 castitatem
857 733 962 767 libro:
992 734 1050 764 Pro
1063 730 1115 765 de-

242 789 352 822 funsta
364 795 465 818 uxore
475 784 632 817 oblationes
645 795 764 829 annuas
775 785 878 817 reddis
893 808 901 814 .
927 780 1040 822 offeres
1050 791 1115 824 ergo

238 846 295 880 pro
315 833 450 868 duabus?
477 834 521 868 Et
543 834 578 867 in
601 833 684 867 libro
697 834 740 867 do
750 833 990 877 Monogamia:
1016 830 1114 872 offert

242 885 361 920 viduus
386 889 496 917 annuit
514 883 617 916 diebus
646 884 830 916 dormitionis
860 884 924 923 ejus
947 905 954 912 .
983 881 1116 924 Utique

240 934 330 970 dona
343 946 403 979 pro
411 934 569 968 defunstae
582 933 694 967 uxoris
705 933 871 976 refrigerio
896 943 949 975 per
963 931 1117 965 Sacerdo-

241 996 310 1020 tem
331 983 580 1019 sanctificanda.
607 983 651 1016 Et
678 983 711 1016 in
736 982 819 1016 libro
840 982 881 1016 de
906 982 1116 1023 eleemosyna

243 1037 379 1071 Sanctus
403 1033 610 1076 Cyprianus:
639 1034 779 1075 Locuples
802 1034 836 1066 Θ
857 1034 945 1066 dives
964 1043 996 1064 es
1014 1033 1048 1066 (7
1061 1034 1117 1062 Do·

243 1090 383 1119 mtnlcum
390 1083 535 1117 celebrare
544 1091 573 1117 te
584 1083 681 1116 credis
693 1107 704 1124 ,
729 1093 798 1126 quae
825 1082 991 1115 corbonam
1000 1082 1117 1113 omnino

243 1146 303 1169 non
320 1132 442 1179 respicis
453 1157 465 1173 ,
491 1145 560 1176 quae
580 1138 613 1166 in
636 1136 827 1166 Dominlcum‘
839 1131 902 1174 fine
909 1130 1050 1174 sacrificio
1067 1141 1117 1163 ve-

244 1191 294 1218 nis
309 1207 321 1224 ‚
346 1195 413 1227 quae
416 1191 536 1225 partem
545 1184 583 1216 de
589 1180 730 1225 sacrificio
739 1206 750 1222 ‚
776 1183 857 1225 quod
861 1189 977 1224 pauper
989 1180 1093 1214 obtulit
1106 1204 1117 1219 ,

240 1234 356 1279 sumis?
385 1234 428 1267 Et
440 1234 476 1267 in
486 1232 601 1268 litteris
610 1231 651 1267 ad
661 1232 872 1267 criminosum
886 1231 1118 1273 Imperatorem

243 1283 437 1328 *Eugenium
458 1284 594 1320 Sanstus
620 1281 828 1317 Ambrosius:
856 1279 1117 1325 ‚Quomodoofferes

246 1335 327 1368 dona
346 1342 399 1366 tua
418 1331 558 1373 Christo?
583 1333 722 1374 quomodo
745 1332 912 1366 sacerdotes
938 1329 1050 1369 Christi
1067 1338 1119 1362 tua

248 1394 374 1417 munera
389 1381 627 1425 dispensabunt?
654 1381 699 1415 Et
719 1381 753 1414 in
772 1381 889 1415 litteris
915 1380 956 1414 ad
983 1380 1119 1423 Impera·
1135 1355 1140 1410 l

247 1442 355 1469 torem
377 1431 628 1472 Theodofium,
655 1431 712 1474 qui
722 1430 767 1464 ob
779 1431 938 1464 sublatam
948 1429 1043 1463 occifi
1058 1428 1121 1463 Eu-

249 1483 341 1528 genii
351 1480 582 1525 Tyrannidem
604 1480 682 1513 Deo
692 1478 878 1513 oblationes
904 1481 938 1514 ὃ(
959 1480 1120 1523 gatiarum

248 1532 393 1567 :stiones
413 1529 485 1563 fieri
512 1539 568 1573 pet
578 1528 768 1564 Sacerdotes
779 1529 924 1572 jusserat:
958 1528 1122 1571 Epistolam

248 1584 382 1616 Pietatis
409 1587 469 1614 tuae
486 1590 597 1613 mecum
608 1580 653 1612 ad
669 1581 770 1613 Altare
787 1581 900 1619 detuli,
926 1578 1023 1622 ipsam
1039 1579 1124 1610 Alta·

248 1637 278 1665 ri
298 1628 423 1674 imposui
436 1655 448 1671 ,
474 1628 570 1673 ipsam
583 1628 698 1672 gestavi
716 1640 880 1663 manucum
891 1629 1022 1670 offerrem
1031 1627 1122 1671 sacri·

246 1680 347 1724 fictum
355 1705 367 1721 ,
393 1688 425 1712 ut
434 1680 512 1723 fides
536 1688 590 1713 tua
603 1685 635 1712 in
646 1690 712 1713 mea
723 1690 792 1712 voce
803 1681 967 1722 loqueretur
977 1703 987 1719 ,
1014 1679 1049 1712 Θ
1060 1683 1124 1719 api-

249 1742 298 1765 ces
319 1729 438 1774 Augusti
458 1729 650 1763 sacerdotalis
670 1729 825 1763 oblationis
843 1728 1125 1771 munerefungeren.

251 1790 302 1815 tur
319 1805 327 1813 .
352 1779 440 1814 Fieri
461 1779 569 1814 voluit
590 1779 631 1813 ab
642 1778 812 1822 Epistola,
839 1778 927 1822 quod
942 1779 1126 1812 faciendum

252 1831 357 1865 fuerat
389 1830 409 1863 ὲ
434 1828 597 1873 Principis
634 1831 770 1872 persona
796 1855 804 1862 .
839 1830 983 1874 Magnus
1008 1827 1127 1871 quippe

251 1877 460 1927 Theodosius
481 1877 622 1913 omniuo
641 1879 778 1914 servavit
799 1877 885 1913 hanc
907 1880 925 1912 ὲ
940 1880 1068 1928 nepotis
1080 1878 1127 1911 sui

250 1928 530 1973 Theodofii'lege
556 1929 720 1963 laudatam
746 1928 1020 1963 consuetudinem
1043 1942 1051 1961 ι
1083 1928 1131 1960 Ad

247 1977 337 2024 sacra
358 1979 475 2012 Altaria
496 1989 651 2013 munerum
678 1981 796 2013 tantum
821 1978 1028 2019 offerendorum
1063 1989 1129 2011 cau-

247 2027 287 2074 sa
315 2031 481 2064 accedimus
513 2054 526 2070 ‚
567 2032 601 2064 (ν
627 2041 693 2063 cum
725 2028 947 2072 circumseptum
980 2030 1131 2062 sactorum

259 2080 381 2118 adytum
392 2078 610 2122 ingreffisumus
623 2104 633 2119 ,
652 2079 758 2120 statim
770 2082 934 2123 egredtmur
947 2104 958 2119 ,
985 2090 1036 2111 nec
1045 2080 1131 2121 qaid·

255 2141 347 2172 quam
366 2139 404 2161 ex
426 2135 597 2171 propinqua
620 2132 792 2161 Divinitate
826 2130 908 2162 nobis
943 2136 1130 2171 arrogamus*

256 2177 362 2226 Qod
380 2178 480 2212 solius
500 2178 679 2212 oblationis
704 2179 800 2214 causa
825 2179 864 2214 ad
879 2177 1135 2212 Mediolanenfis

257 2228 407 2263 Ecclefiae
442 2228 565 2261 sacrum
603 2226 740 2270 adytum
778 2230 831 2261 seu
858 2226 996 2261 chorum
1021 2224 1135 2261 admis-

257 2278 310 2320 sus
324 2300 336 2317 ‚
361 2274 523 2317 &fstatim
545 2276 634 2310 exire
653 2277 749 2319 jussus
768 2276 866 2310 fuerit
887 2278 904 2309 ὲ
925 2277 1042 2311 Sansto
1056 2276 1136 2310 Am-

260 2327 390 2367 brosio,
415 2326 588 2361 testatur&
610 2326 721 2360 laudat
741 2326 893 2360 Hermias
904 2322 1135 2361 Zozomenu's.

260 2376 412 2411 Laudata'
422 2375 517 2419 porro
527 2376 578 2410 lex
589 2377 690 2410 exstat
701 2374 741 2410 ad
748 2378 871 2411 calcem
884 2376 1035 2420 Ephesini
1048 2375 1137 2410 Con-

262 2426 350 2460 cilii.
379 2426 424 2459 Et
442 2425 483 2459 de
507 2425 649 2460 Valente
677 2426 950 2471 Augustoscribit
978 2428 1012 2460 in
1027 2427 1138 2460 Eccle-

264 2475 388 2510 siastica
400 2475 549 2510 Historia
559 2475 794 2512 Theodoretus
809 2489 816 2509 ι
844 2478 893 2510 Aa
905 2480 1053 2510 Divinum
1065 2486 1138 2510 tem-

261 2528 346 2568 plum
368 2531 453 2559 venit
473 2550 485 2566 ‚
522 2527 555 2559 (5
578 2528 674 2560 Altart
697 2526 832 2570 consueta
867 2538 990 2561 munera
1014 2526 1137 2560 obtulit.

265 2577 311 2610 Et
321 2575 360 2609 ad
373 2574 596 2610 Heliodorum
624 2575 731 2611 scribit
742 2577 876 2610 Sanstus
889 2577 1136 2619 Hieronymus:

265 2626 373 2659 Clerici
394 2626 431 2658 de
454 2627 552 2659 Δίωνι·
576 2631 688 2659 vivunt
707 2648 718 2665 ‚
743 2625 816 2659 mibi
841 2624 925 2668 quafi
951 2625 1138 2669 infrudluosae

266 2675 366 2709 arbori
382 2674 492 2718 securis
510 2680 630 2717 ponitur
662 2672 704 2708 ad
721 2676 850 2709 radicem
870 2701 880 2716 ,
909 2675 938 2718 fi
960 2687 1065 2710 munus
1097 2677 1141 2709 ad

268 2727 370 2759 Altare
393 2737 450 2759 non
471 2725 586 2766 defero.
617 2730 680 2759 Nec
698 2726 797 2768 poffim
817 2725 969 2759 obtendere
977 2735 1139 2769 pauperta-

268 2785 345 2809 tem.
374 2775 418 2809 Et
429 2777 462 2809 in
476 2774 560 2810 libro
571 2774 739 2810 adversum
765 2776 1013 2810 Luciferianos:
1040 2779 1142 2810 Sacer·

267 2827 322 2859 dos
338 2834 395 2868 pro
415 2828 506 2858 Laico
529 2825 635 2867 offert,
661 2827 721 2859 five
743 2827 908 2860 consecrat
925 2851 936 2867 ‚
964 2826 1140 2860 oblationem

263 2874 351 2918 suam
360 2899 367 2906 .
380 2874 480 2909 Recte
490 2876 580 2909 enim
594 2876 628 2909 in
640 2876 767 2918 antiqui
780 2876 983 2910 Testamenti
997 2877 1141 2919 quaestio.

267 2925 366 2960 nibus
386 2925 496 2959 scribit
517 2926 658 2960 Hilarus
676 2927 869 2960 Diaconus:
895 2926 1007 2959 obtulit
1023 2931 1083 2960 Deo
1089 2925 1140 2970 su-

266 2974 406 3017 trifidum
415 2975 553 3016 samuel,
575 2974 633 3019 sed
642 2987 701 3009 non
711 2977 780 3009 inde
791 2982 885 3009 vicem
897 2978 916 3008 5
918 2978 1058 3010 acerdom
1069 2975 1138 3021 egis

263 3023 300 3068 se
308 3022 481 3067 cognoscitur
492 3049 500 3058 .
513 3024 592 3070 -tpse
603 3032 681 3060 enim
688 3025 805 3069 semper
823 3027 936 3059 dicitur
945 3025 1046 3067 offem
1057 3051 1068 3067 ,
1094 3038 1140 3060 cu-

263 3076 318 3115 J'us
337 3073 495 3107 oblationes
517 3074 589 3117 sunt
601 3101 612 3116 ‚
637 3088 714 3119 quas
733 3075 823 3119 super
840 3077 943 3109 Altare
953 3081 1075 3118 imponit
1087 3079 1141 3111 Sa·

269 3124 371 3158 cerdo:
381 3148 389 3155 .
415 3127 462 3156 Et
473 3123 542 3157 saul
561 3126 664 3160 obtulit
674 3151 681 3157 .
709 3132 769 3161 Hoc
783 3131 882 3168 utique
896 3137 1002 3169 genere
1013 3128 1068 3166 ‚id
1078 3128 1117 3168 est
1127 3152 1138 3168 ,

265 3183 322 3216 per
342 3175 546 3213 sacredotem,
564 3174 635 3217 ficut
659 3178 693 3210 Θ
715 3187 789 3210 nunc
815 3175 932 3216 offertur
945 3200 952 3207 .
982 3178 1025 3207 Et
1036 3179 1142 3211 David

268 3224 374 3257 obtulit
390 3248 400 3264 ,
425 3225 460 3256 ό·
483 3224 614 3257 salomon
633 3225 758 3267 obtulit,
782 3227 815 3259 ὡ·
836 3231 933 3260 caeteri
948 3224 1082 3266 similiter
1095 3228 1140 3261 ob-

269 3275 401 3307 tulerunt
424 3298 430 3304 .
459 3276 620 3316 Numquid
651 3286 748 3308 omnes
780 3282 874 3309 vicem
894 3277 1055 3311 sacerdotis
1080 3289 1138 3322 ege-

269 3325 363 3357 runt?
389 3325 544 3367 ,Quamvis
555 3330 632 3358 enlm
639 3331 758 3366 proprio
777 3327 916 3359 sacerdos
921 3326 1070 3370 fungatur
1081 3329 1137 3369 offi-

268 3380 310 3409 εἰσ
321 3397 332 3414 ,
354 3373 403 3407 ille
413 3382 515 3407 tamen
528 3372 630 3414 offerre
640 3375 748 3408 dicitur
760 3399 771 3415 ,
797 3378 881 3417 cujus
892 3381 1004 3409 nomine
1015 3381 1077 3421 agit
1088 3379 1127 3410 Sa

270 3425 364 3457 cerdos
375 3437 387 3457 .·
400 3423 459 3465 Ipfi
466 3430 545 3457 enlm
556 3430 729 3465 imputatur,
741 3426 824 3465 quus
835 3436 956 3460 munera
967 3425 1136 3466 offbruntur.

367 3472 474 3514 christ.
488 3477 568 3517 Lupi
579 3479 676 3516 Opera
686 3477 821 3507 TomVI.

1897 165 1983 196 101

1178 229 1233 263 Ex
1251 239 1320 272 quo
1338 226 1428 262 vides
1447 227 1547 262 ritum
1569 227 1659 263 hunc
1678 232 1740 266 effe
1752 229 1984 276 Apostolicum
1998 256 2009 272 ‚
2034 229 2055 265 ὲ

1178 279 1353 324 Synagoga
1377 285 1563 313 mutuatum
1584 289 1640 320 per
1659 277 1862 324 Apostolos,
1887 282 1923 317 &
1943 280 2057 315 Eccle-

1178 330 1228 363 fiis
1250 329 1456 372 impositum.
1483 327 1588 375 Qod
1612 328 1716 371 ipsum
1738 331 1772 362 in
1791 333 1935 374 praesenti
1946 331 2056 366 Cano·

1178 389 1220 413 ne
1245 378 1384 413 advertit
1410 377 1519 413 noster
1545 377 1724 423 Gregorius
1750 389 1790 411 ex
1815 381 1913 415 verbo
1951 381 2056 427 legis:

1149 432 1154 436 ”
1179 433 1252 462 Non
1266 429 1428 471 apparebis
1447 434 1480 462 ln
1490 426 1640 470 conspeelu
1659 440 1722 461 meo
1733 439 1846 462 vacuus
1857 454 1864 461 .
1894 430 2005 466 Etiam
2014 431 2055 464 de

1180 479 1315 523 piiffima
1340 489 1443 514 matre
1463 480 1520 513 sua
1541 478 1652 512 scribit
1662 477 1699 512 in
1711 478 1969 513 confessionibus
1979 480 2057 514 San·
2074 504 2095 535 L
2205 503 2211 509 -

1178 531 1245 564 ctus
1257 530 1463 574 Augustinus
1479 542 1490 562 .·
1516 530 1610 562 Nullo
1627 529 1676 562 die
1682 525 1873 571 praetermifit
1881 527 2057 562 oblationem
2096 511 2207 540 ᾤεθ’

1178 582 1223 613 ad
1244 580 1344 613 Altare
1365 589 1464 614 tuum.
1498 579 1542 613 Et
1562 588 1709 614 extrema
1737 577 1873 613 laudatae
1895 578 2006 613 matris
2016 580 2057 613 ad
2100 618 2105 623 ¹

1179 630 1266 664 filios
1287 629 1382 663 verba
1398 630 1530 664 fuerunt
1541 627 1626 662 haec:
1654 630 1705 662 Ad
1715 632 1819 664 Altare
1832 632 1973 669 Domini,
1999 640 2060 662 me-
2078 616 2136 649 mb·
2153 628 2179 657 9·
2188 627 2212 649 C·

1179 686 1325 714 mineritts
1337 684 1395 713 mel
1404 704 1415 720 ,
1430 680 1479 712 ubi
1485 677 1612 720 fueritis
1623 705 1630 712 .
1662 679 1795 723 Utique
1805 679 1958 714 faciendo
1968 678 2060 713 obla·
2080 669 2090 688 ¹
2101 668 2124 687 ¹⁶

1179 732 1307 765 tionem
1321 755 1328 762 .
1357 730 1399 763 Et
1411 731 1445 763 in
1459 729 1610 763 Laufiaca
1623 728 1762 763 Palladii
1782 729 2059 773 Helenopolitani

1181 780 1333 824 Episcopi
1356 780 1489 813 historia
1512 778 1746 823 transfigurans
1771 780 1803 813 se
1826 779 1862 812 in
1886 779 1967 813 lucis
1989 777 2061 813 An-

1181 830 1290 874 gelum
1313 830 1465 873 peffimus
1486 828 1628 863 Daemon
1652 829 1733 864 dicit
1746 828 1786 862 ad
1814 828 1980 863 Abbatem
1994 829 2063 862 Na-

1181 879 1363 915 thanaelem
1377 894 1389 913 :
1414 883 1482 924 Ego
1497 878 1566 923 sum
1581 879 1673 920 hujus
1698 878 1837 912 Monathi
1850 878 2002 921 minister,
2027 880 2062 913 &¹
2082 891 2154 928 Cap.
2174 892 2215 918 ιε,

1174 929 1243 971 fero
1259 937 1374 970 panes.
1404 925 1556 972 ‚Quoniam
1578 929 1616 970 est
1642 932 1745 973 Agape
1770 935 1816 963 tul
1842 935 1904 962 nott
1923 927 2064 970 fratris,

1180 981 1213 1013 Θ
1235 990 1302 1011 cras
1325 977 1502 1021 illucescente
1526 978 1677 1012 Sabbatha
1698 978 1736 1019 est
1760 988 1832 1022 opus
1845 979 2042 1012 oblationibus
2055 1002 2064 1011 .

1184 1029 1287 1075 Qod
1312 1029 1427 1071 nempe
1438 1028 1515 1062 solis
1535 1029 1770 1063 Dominicis&
1785 1029 1957 1064 Sabbathis
1971 1031 2065 1073 syna-

1181 1079 1249 1112 xim
1270 1079 1412 1112 facerent
1437 1077 1600 1112 Monachi
1623 1079 1843 1114 &offerrent.
1870 1080 1914 1113 Et
1938 1079 1973 1113 in
1985 1080 2065 1113 anti-

1181 1128 1339 1171 quiffimis
1362 1126 1513 1161 Ecclefiae
1547 1128 1744 1163 Canonibus
1773 1129 1989 1174 distinguitur
2010 1128 2068 1163 due-

1183 1180 1257 1222 plex
1280 1177 1493 1212 Peccatorum
1513 1177 1765 1213 reconciliatio.-
1798 1178 1882 1214 Una
1894 1179 1934 1213 ad
1954 1178 2070 1213 Confi-

1183 1229 1356 1269 stentiam,
1385 1228 1440 1262 seu
1460 1228 1735 1263 communionem
1759 1230 1795 1263 in
1823 1229 1898 1264 solis
1909 1229 2071 1264 orationi-

1184 1279 1260 1318 bus,
1288 1278 1388 1312 altera
1409 1277 1450 1311 ad
1472 1277 1711 1313 perfectionem
1742 1303 1754 1319 ,
1780 1280 1835 1314 seu
1861 1279 2070 1314 communioo

1184 1340 1259 1362 nem
1287 1339 1362 1362 cum
1383 1327 1578 1362 oblatione,
1605 1328 1686 1363 Hoc
1709 1328 1756 1363 est
1781 1341 1857 1363 cum
1875 1330 2070 1372 jurepanem

1184 1379 1219 1412 &
1231 1377 1399 1424 vinumnad
1413 1378 1528 1412 Altare
1541 1378 1721 1413 offerendi.
1749 1377 1856 1413 Addit
1870 1389 1984 1423 quarta
1997 1379 2073 1413 Car·
2090 1385 2159 1423 Cap.
2176 1393 2222 1420 93.

1185 1427 1382 1472 rhaginenfis
1406 1426 1578 1470 Synodus:
1606 1429 1780 1462 oblationes
1800 1429 2072 1471 dffdentiumfra-

1185 1488 1368 1520 trum,neque
1381 1482 1413 1510 in
1423 1479 1660 1521 sacrariumque
1667 1483 1700 1511 in
1710 1478 1921 1520 Gazophylacio
1929 1484 2074 1522 reciplun-

1186 1537 1235 1561 tur
1257 1552 1263 1558 ,
1291 1528 1457 1570 Loquitur
1478 1538 1555 1562 cum
1581 1528 1702 1562 Sansto
1725 1529 1897 1572 Cypriano
1920 1553 1931 1569 ,
1960 1531 1976 1563 ὲ
2004 1541 2072 1572 quo

1185 1578 1250 1620 jam
1261 1578 1449 1611 audivimus
1461 1576 1650 1620 reprehendi
1664 1577 1781 1613 divites
1797 1604 1807 1620 ,
1832 1579 1922 1622 quod
1935 1578 1969 1611 &
1989 1580 2073 1613 Cor-

1188 1629 1310 1662 bonam
1333 1629 1387 1662 seu
1409 1625 1695 1671 Gazophylacium
1712 1639 1780 1661 non
1796 1630 1990 1671 respicerent
2002 1653 2013 1669 ,
2037 1629 2075 1663 δε

1187 1677 1278 1722 quod
1299 1676 1339 1711 ad
1363 1676 1582 1711 Dominicum
1603 1678 1667 1710 fine
1687 1677 1843 1711 sacrificio
1856 1701 1867 1717 ,
1893 1678 1953 1711 sive
1975 1678 2015 1711 ad
2029 1679 2072 1712 sa-

1188 1727 1349 1762 orificium
1363 1727 1430 1761 sme
1444 1727 1593 1761 facienda
1603 1725 1643 1761 ad
1658 1726 1774 1762 Altare
1786 1728 1871 1761 intra
1892 1728 2072 1762 Sacrarium

1189 1777 1360 1812 oblatione
1374 1778 1521 1812 veniret.

1238 1827 1319 1861 Istos
1340 1827 1456 1862 divites
1477 1853 1488 1869 ,
1513 1828 1568 1872 qui
1595 1828 1637 1863 de
1660 1829 1807 1874 pauperis
1830 1827 1991 1864 sacrificio
2017 1829 2074 1862 seu

1191 1876 1362 1912 oblatione
1395 1890 1517 1922 partem
1554 1880 1717 1914 sumerent
1739 1904 1750 1921 ‚
1777 1880 1896 1914 merito
1928 1880 2076 1923 increpat

1193 1928 1279 1962 idem
1302 1929 1507 1978 Cyprianus.
1536 1928 1662 1973 Pauper
1683 1929 1812 1964 deberet
1834 1931 1958 1965 sumere
1980 1927 2022 1964 de
2032 1930 2076 1963 sa-

1193 1979 1317 2012 crificio
1338 1979 1450 2012 divitis
1473 2003 1480 2011 .
1507 1980 1602 2013 Hinc
1625 1980 1716 2014 enim
1744 1982 1777 2013 in
1806 1980 2010 2015 sermonibus
2033 1979 2076 2013 de

1194 2039 1339 2072 tempore
1357 2028 1518 2063 declamat
1539 2029 1600 2064 sub
1612 2030 1720 2064 Sanffl
1735 2030 1916 2076 Augustini
1939 2030 2076 2064 nominc

1196 2079 1327 2112 Sanstus
1351 2078 1481 2123 Eligius
1505 2079 1724 2114 Tornacenfis
1741 2082 1938 2124 Episcopus:
1968 2079 2077 2114 Illebo·
2094 2078 2265 2111 Serm.2163c'

1196 2139 1252 2161 nus
1264 2126 1447 2166 christianus
1458 2127 1496 2166 est
1508 2152 1518 2167 ,
1545 2135 1596 2170 qui
1607 2131 1729 2170 quando
1740 2132 1787 2162 ad
1795 2130 1952 2171 Ecclesiam
1966 2136 2052 2164 venit
2065 2154 2077 2170 ,

1197 2180 1231 2211 (³7
1248 2177 1418 2209 oblationem
1439 2187 1506 2218 quae
1527 2182 1559 2210 in
1587 2178 1683 2210 altari
1706 2185 1847 2212 mittatur
1873 2178 2012 2218 exbibet,
2040 2182 2075 2213 &

1192 2226 1375 2269 pauperibus
1387 2251 1397 2267 ‚
1420 2225 1580 2269 secundum
1593 2228 1671 2270 quod
1683 2234 1765 2262 vires
1780 2228 1871 2262 habet
1881 2253 1891 2269 ,
1917 2238 2075 2273 argentum

1196 2281 1320 2320 porrigit
1333 2287 1385 2311 aut
1398 2276 1569 2314 buccellam.
1600 2279 1732 2321 Utique
1745 2280 1762 2312 ὲ
1774 2278 1950 2314 Sacerdote
1963 2281 2077 2314 conse-

1199 2327 1352 2361 crandam
1379 2325 1560 2361 buccellam
1584 2351 1594 2368 ‚
1619 2338 1675 2362 aut
1703 2339 1876 2373 argentum
1903 2328 1944 2362 ad
1974 2330 2074 2372 ipsam

1198 2377 1369 2411 emendam
1381 2400 1388 2408 .
1415 2378 1604 2411 Sermonem
1617 2376 1659 2411 hu
1667 2389 1706 2412 nc
1720 2390 1787 2412 non
1801 2380 1863 2413 esse
1884 2379 1992 2419 Sansti
2006 2380 2076 2414 Au·

1199 2426 1321 2472 gustini
1347 2451 1358 2467 ,
1383 2428 1542 2461 evincunt
1567 2428 1674 2470 plura:
1705 2428 1778 2462 Effe
1800 2428 1921 2464 laudati
1950 2429 2075 2474 Eligii,

1199 2476 1400 2511 demonstrat
1411 2478 1444 2511 in
1456 2477 1524 2520 ejus
1536 2478 1601 2512 vita
1613 2479 1746 2513 Sanetus
1759 2479 1943 2514 Audoenus
1959 2478 2078 2514 Archi-

1199 2528 1365 2571 episcopus
1388 2525 1687 2572 Rothomagenfis.
1716 2529 1850 2564 Interim
1872 2531 2005 2574 antiqua
2029 2528 2077 2564 est

1202 2577 1258 2610 issa
1273 2578 1411 2610 divitum
1433 2578 1467 2610 in
1489 2588 1642 2621 pauperes
1656 2578 1776 2621 pietas,
1805 2580 1907 2622 ipsam
1920 2580 1954 2613 in
1968 2580 2076 2613 Sancti

1202 2627 1307 2660 Marci
1333 2626 1485 2669 Apostoli
1506 2627 1657 2672 Liturgia
1672 2629 1800 2671 respicit
1811 2628 1877 2662 haec
1890 2629 2077 2663 Sacerdotis

1199 2677 1326 2710 oratio:
1349 2676 1568 2717 Eucharisteria
1574 2676 1698 2720 suscipit
1713 2682 1793 2712 Deus
1805 2690 1903 2712 eorum
1914 2704 1925 2719 ‚
1940 2685 1991 2722 qui
2002 2681 2077 2712 mul-

1201 2736 1263 2759 tum
1285 2729 1319 2760 <tt
1336 2734 1468 2767 parum,
1495 2729 1569 2759 clam
1593 2730 1627 2761 (τ
1648 2729 1774 2769 palam,
1799 2729 1891 2763 libere
1908 2729 2014 2769 offerre
2025 2741 2076 2762 vo-

1200 2779 1266 2810 lunt
1275 2801 1286 2817 ,
1296 2777 1329 2809 (5
1341 2787 1398 2808 non
1410 2774 1520 2809 babent
1529 2789 1544 2818 ;
1567 2778 1601 2810 o·
1611 2789 1709 2812 eorum
1721 2784 1772 2820 qui
1783 2777 1922 2812 hodierno
1934 2780 1983 2812 dee
1995 2779 2073 2812 obla-

1199 2832 1290 2860 tiones
1310 2825 1496 2859 obtulerunt.
1525 2828 1569 2860 Et
1592 2828 1698 2862 saneti
1722 2829 1834 2871 Jacobi
1856 2829 2008 2874 Liturgia
2022 2828 2077 2863 ha-

1202 2877 1253 2910 bet
1282 2889 1289 2909 :
1317 2876 1475 2917 Meminlffe
1486 2878 1620 2920 digneris
1634 2902 1645 2918 ,
1671 2881 1818 2918 Domine,
1846 2890 1942 2913 eorum
1954 2885 2003 2921 qui
2016 2879 2075 2911 has

1199 2928 1354 2960 oblationes
1376 2926 1541 2959 obtulerunt
1560 2926 1697 2961 hodierno
1717 2930 1766 2962 dle
1791 2930 1836 2962 ad
1859 2930 1999 2963 sanetum
2026 2929 2076 2960 Al-

1199 2985 1264 3010 tare
1287 2984 1393 3015 tuum,
1418 2976 1451 3009 (9⁸
1466 2984 1522 3018 pro
1544 2977 1648 3019 quibus
1658 2977 1854 3022 unusquisque
1867 2979 1971 3011 obtulit
1986 3002 1997 3018 ‚
2021 2988 2073 3012 aut

1201 3033 1232 3059 in
1244 3034 1337 3059 mente
1349 3025 1437 3060 babet
1449 3051 1456 3058 .
1485 3026 1528 3060 Et
1550 3029 1631 3062 infra
1647 3041 1654 3061 ε
1683 3031 1742 3062 P-ro
1762 3029 1867 3071 quibus
1879 3026 2074 3071 unusquisque

1200 3077 1325 3116 obtulit,
1351 3077 1401 3109 vel
1423 3082 1529 3120 cogitat
1548 3077 1665 3119 offbrre.
1695 3078 1740 3112 Et
1763 3079 1870 3112 Sansti
1896 3077 2078 3112 BasiliiLi·

1201 3128 1307 3171 turgia
1322 3151 1329 3157 .
1357 3129 1501 3160 Memento
1525 3138 1622 3161 eorum
1642 3133 1694 3172 qul
1705 3128 1866 3161 obtulerunt
1882 3151 1893 3168 ‚
1912 3129 1946 3161 Θ
1952 3135 2073 3169 propter

1199 3189 1268 3219 quos
1291 3176 1469 3210 obtulerunt.
1499 3177 1543 3211 Et
1569 3179 1652 3212 infra
1673 3189 1681 3209 ε
1707 3180 1854 3212 Memento
1882 3181 2006 3211 Domine
2031 3190 2074 3212 eo-

1199 3239 1266 3260 rum
1287 3233 1337 3269 qui
1358 3225 1422 3260 bac
1442 3228 1520 3260 dona
1539 3227 1594 3262 nbi
1617 3228 1782 3262 obtulerunt
1795 3253 1805 3269 ,
1831 3229 1931 3270 &pro
1941 3228 2045 3271 qulbus
2061 3252 2072 3268 ‚

1200 3279 1234 3311 <it
1244 3285 1297 3318 per
1307 3287 1377 3319 quos
1389 3275 1451 3310 baec
1464 3277 1630 3311 obtulerunt
1640 3302 1647 3310 .
1675 3278 1778 3326 Quod
1790 3278 1892 3321 ipsum
1906 3277 2002 3312 habet
2017 3279 2073 3312 Li-

1202 3327 1307 3371 turgia
1329 3327 1584 3370 SanniJoannis
1607 3326 1857 3371 Chrysostomi.
1885 3328 1929 3363 Et
1954 3329 2074 3362 Roma·

1205 3379 1239 3411 ni
1251 3376 1351 3411 hodie
1371 3376 1509 3411 Miffalis
1533 3377 1651 3411 Canon
1662 3376 1784 3412 habet:
1811 3382 1957 3412 Memento
1975 3382 2073 3410 Domi-

1205 3439 1240 3462 ne
1258 3426 1437 3472 famu-'orum
1468 3436 1582 3461 tuorum
1607 3436 1664 3470 pro
1687 3428 1792 3470 quibus
1819 3428 1876 3463 tibi
1900 3429 2047 3469 offerimus
2061 3448 2073 3463 ,

1663 3478 1677 3512 1
1731 3489 1748 3525 3
1975 3477 2026 3508 vel
