2352 3756
936 99 1450 147 INDEX.

278 184 450 228 spansa,
474 197 542 229 quo
568 186 662 221 sensu
688 182 839 219 succedat
863 181 1037 215 Romanus
1062 179 1175 214 Ponti-

326 238 405 272 fex?
927 241 1006 277 229.
1019 240 1173 277 2·231.2

275 288 308 322 S.
323 287 464 322 Paulum
474 286 573 321 Petro
585 286 620 320 in
633 285 750 321 litteris
765 282 967 328 Apostolicis
977 281 1095 322 primus
1119 280 1172 313 ad-

325 338 481 382 junxitS.
496 335 651 381 Agatho.
681 345 760 383 230.
775 346 805 371 2.
829 331 996 367 Nonnulli
1019 329 1171 372 posterio-

326 399 376 423 res
389 387 569 422 Pontifices
592 397 661 421 non
687 385 926 429 adjunxerunt.
954 378 1035 416 lbid.
1063 380 1171 414 Etiam

328 438 445 472 saeculo
457 436 614 482 Gregorii
629 435 704 470 V11.
1059 441 1135 477 231·
1153 439 1167 464 1

277 489 311 524 S.
332 488 453 522 Paulus
473 487 492 520 ὲ,
516 485 650 522 Christo
674 497 743 520 non
756 484 879 527 accepit
892 482 1030 521 Claves,
1057 481 1109 514 seu
1123 482 1172 513 su·

329 548 474 583 premam
487 537 636 582 ligandi,
661 547 760 580 atque
782 533 930 569 solvendi
956 529 1169 575 potestatem.

328 600 351 624 2
375 597 408 623 0.
439 599 467 624 1.

277 598 442 673 8,Ρξι11ιιε
454 649 623 682 nunquam
635 635 699 671 fuit
720 635 837 669 Romae
861 632 1062 686 Episcopus3
1091 638 1169 674 230.

331 700 361 727 1·
374 687 493 729 Absit,
519 699 556 723 ut
579 686 819 732 Apostolorum
842 683 1010 726 Principes
1032 680 1175 734 vxolave·

326 738 394 773 rint
404 739 551 785 regulam
563 735 816 772 Ecclesiasticam
830 760 841 775 ,
866 745 930 777 qua
952 730 1081 766 Divino
1102 740 1170 772 jure

324 788 456 830 jubetur
466 813 477 830 ,
504 799 540 823 ut
552 788 672 833 quavis
684 785 825 820 Ecclesia
837 784 973 819 unicum
994 778 1169 836 dumtaaat

326 836 443 872 habeat
456 838 657 881 Episcopum
673 862 681 870 .
1090 827 1167 864 ibid.

377 887 469 922 Vide
480 889 510 921 5.
524 890 632 921 Petrus
644 910 656 926 ,
682 888 769 916 Rom:
784 882 943 925 Pontifex.

276 937 400 978 Paulus
412 938 571 973 secundus
582 933 707 979 Jubilaei
719 933 860 977 gratiam
872 933 995 976 primus
1017 930 1168 965 extendit

324 989 367 1023 ad
380 998 496 1023 omnes
506 986 664 1021 Civitates
677 1007 688 1023 ‚
716 983 848 1026 Oppida
862 1006 872 1022 ‚
899 982 933 1015 ὅ(
947 981 1053 1026 Pagos
1063 1005 1070 1013 .
1090 991 1168 1028 307.

323 1050 357 1076 2·
371 1036 584 1077 Faeillimus,
611 1032 898 1079 aclargissitnusin
917 1031 1033 1066 dandis
1057 1031 1168 1065 Indul-

322 1088 444 1132 gentiis
454 1110 462 1118 .
1091 1080 1167 1116 ibid.

273 1143 414 1177 Peccata
441 1146 495 1182 per
522 1134 726 1180 Baptismum
760 1133 888 1168 dimissa
927 1144 969 1167 an
1006 1132 1169 1166 redeant?

272 1198 453 1276 PescseliIum
465 1235 544 1282 quid
559 1234 702 1271 Turcis?
728 1242 758 1280 ς.
784 1244 815 1270 2.
842 1232 921 1276 Ejus
943 1233 1039 1277 origo
1060 1232 1169 1317 &gu-

321 1290 386 1323 ἂίο
399 1313 407 1322 .
1012 1294 1041 1329 5.
1057 1295 1088 1319 2-
1126 1307 1133 1314 .
1150 1293 1165 1318 1

270 1341 385 1377 Petrus
398 1338 416 1372 a
430 1337 544 1372 Marca
556 1336 681 1371 fallitur
701 1335 785 1369 circa
809 1331 985 1378 quamdam
1008 1333 1167 1376 Prospero

319 1388 513 1432 adscriptam
526 1387 720 1422 sententiam
733 1411 739 1418 .
769 1383 844 1421 168.
860 1395 887 1419 1.
900 1383 984 1418 Item
996 1382 1037 1418 de
1049 1393 1167 1427 cogen-

318 1442 360 1476 da
372 1436 510 1482 synodo
521 1449 563 1472 ex
577 1437 748 1481 Episcopis
761 1434 911 1469 advenis.
938 1443 1019 1481 273.
1039 1444 1066 1471 1.
1081 1432 1169 1476 Ejus-

317 1492 395 1527 dem
407 1499 528 1523 errores
540 1486 640 1526 varii,
649 1487 683 1522 δε
696 1486 808 1530 magni
822 1485 907 1518 circa
920 1483 1167 1518 ordinationem

318 1539 475 1584 Episcopi
487 1537 747 1572 Mediolanensis
759 1560 769 1574 ,
790 1536 823 1570 δε
838 1533 1071 1578 Aquilejensis.
1111 1531 1166 1570 80.

319 1604 349 1628 2.
361 1591 396 1625 ἃ.
407 1590 474 1633 seq.
486 1587 556 1623 Sibi
570 1588 627 1631 ipsi
635 1584 831 1620 contradicit
844 1609 850 1617 .
1057 1595 1074 1631 3
1100 1591 1132 1630 3.
1147 1594 1163 1619 1

269 1642 298 1676 S.
333 1640 450 1673 Petrus
483 1636 664 1680 Apostolus
698 1636 732 1670 δε
754 1634 876 1668 Paulus
903 1645 958 1678 per
985 1634 1167 1669 Pontifices

321 1691 494 1724 Romanos
521 1686 718 1720 invocantur
744 1695 784 1717 ex
803 1695 896 1718 more
922 1684 1145 1726 antiquiffimo
1159 1707 1166 1714 .

321 1748 402 1783 229.
432 1747 460 1772 1-
500 1734 600 1768 Petro
627 1735 660 1768 δε
685 1732 791 1767 Paulo
814 1731 992 1766 succedunt
1019 1732 1167 1765 Romani

319 1786 500 1823 Pontifices
521 1809 532 1824 ,
556 1783 670 1826 urique
697 1782 731 1816 in
760 1780 1025 1825 praedicationem
1052 1781 1085 1813 δε
1110 1780 1171 1813 do-

320 1832 476 1873 urinam.
506 1833 612 1868 Unde
638 1844 706 1867 non
737 1831 879 1875 sequitur
905 1840 1081 1872 utrumque
1092 1830 1168 1863 fuis·

319 1890 352 1921 se
390 1885 593 1930 Episcopum
642 1880 870 1917 Cardinalium
914 1880 1147 1914 Romanorum
1160 1904 1167 1911 .

319 1934 399 1972 ibid.
410 1945 440 1973 2.

269 1988 301 2022 S.
313 1987 428 2020 Petrus
439 1984 457 2018 a
469 1981 604 2017 Christo
629 1980 716 2014 solus
737 1979 855 2012 Claves
868 2001 878 2017 ,
907 1978 960 2011 seu
987 1978 1167 2020 supremam

319 2032 449 2081 ligandi
460 2042 557 2075 atque
570 2029 719 2064 solvendi
734 2027 925 2072 potestatem
936 2029 1075 2071 accepit.
1091 2038 1167 2075 230.

323 2097 351 2122 1-
367 2084 461 2120 Olim
474 2079 690 2117 soliusSancti
713 2078 808 2113 Petri
830 2076 1024 2111 auctoritate
1048 2079 1081 2111 ἀ
1109 2090 1166 2112 no-

318 2135 407 2170 mine
420 2131 565 2167 Romani
577 2129 756 2165 Pontifices
782 2129 836 2162 sua
863 2127 993 2161 decreta
1017 2128 1165 2162 munive-

316 2194 395 2219 runt
408 2209 415 2217 .
446 2180 522 2227 184.
538 2193 570 2218 2.
582 2181 717 2215 sanstus
733 2176 869 2224 Agatho
894 2178 1016 2221 primus
1038 2176 1165 2212 videtur

319 2237 511 2270 Sanctorum
524 2231 616 2265 Petri
629 2228 765 2265 &Pauli
780 2239 901 2262 nomen
911 2227 1116 2270 conjunxisse
1129 2229 1163 2262 in

317 2283 515 2330 dogmaticis
528 2281 662 2315 litteris.
689 2289 767 2327 230.
778 2291 809 2315 2.
824 2277 959 2311 Tamen
974 2278 1074 2312 solius
1086 2279 1163 2312 San-

318 2337 359 2369 cti
375 2333 465 2368 Petri
478 2342 600 2365 nomen
615 2330 780 2372 usurpavit
793 2327 900 2372 postea
912 2328 1095 2371 Gregorius
1117 2330 1162 2363 se·

318 2385 463 2419 candus.
491 2381 573 2416 Ibid.
588 2379 719 2414 Exinde
741 2377 888 2412 Romani
909 2376 1089 2412 Pontifices
1112 2380 1160 2413 su-

317 2434 416 2469 binde
427 2443 503 2468 cum
518 2430 697 2475 Agathone
712 2453 722 2469 ,
748 2426 883 2462 subinde
892 2438 970 2463 cum
994 2427 1158 2473 Gregorio

316 2483 459 2519 secundo
473 2482 587 2517 locuti.
616 2479 696 2514 Ibid.
710 2478 818 2512 Etiam
832 2476 985 2522 Gregorii
1003 2477 1079 2513 Vll.
1108 2480 1156 2513 sae·

316 2537 396 2570 culo
407 2559 414 2567 .
443 2544 522 2580 231-
539 2543 568 2568 1.
581 2531 771 2566 Sanctorum
785 2527 872 2562 Petri
885 2529 918 2563 ὅ(
931 2526 1026 2562 Pauli
1051 2529 1155 2563 nomi-

315 2597 359 2619 na
386 2595 454 2618 non
477 2582 623 2626 impressa
647 2577 865 2613 vetustissimis
886 2577 1152 2622 Diplomatibus.

315 2634 397 2669 lbid.
421 2631 585 2668 Videntur
607 2629 746 2674 primum
759 2628 917 2672 insculpta
930 2638 1076 2671 tempore
1087 2629 1150 2664 Ur·

313 2684 390 2719 bani
410 2682 540 2718 secundi
555 2706 566 2723 ,
592 2681 706 2716 &non
729 2678 855 2714 tantum
875 2678 1022 2713 Honorii
1043 2679 1153 2714 secun-

313 2736 369 2768 di.
1075 2729 1151 2764 ibid.

262 2786 292 2819 S·
309 2785 423 2820 Petrus
433 2780 718 2828 Apostolusetiam
738 2779 773 2813 in
795 2776 1021 2814 Orientalibus
1043 2779 1150 2814 Eccle-

312 2836 365 2870 fiis
374 2832 575 2869 consecravit
588 2831 692 2876 plures
701 2830 882 2875 Episcopos
893 2854 901 2862 .
1041 2830 1118 2878 367.
1130 2843 1147 2862 2

363 2884 452 2919 Vide
465 2888 618 2917 Romanus
630 2880 773 2922 Pontifex
785 2905 792 2913 .

261 2934 376 2970 Petrus
389 2934 544 2968 Blesensis
559 2944 627 2967 non
638 2930 748 2965 debite
761 2938 932 2974 promotus
941 2955 948 2962 .
1063 2941 1117 2977 72.
1128 2942 1149 2967 2

260 2985 377 3023 Petrus
394 2983 617 3019 Cancellarius
640 2982 694 3016 Ex
707 2980 911 3015 -Cardinalis
929 2977 1150 3017 Anathemate

309 3034 479 3070 damnatus
492 3058 499 3066 .
1039 3040 1114 3079 391,
1131 3043 1146 3068 1

260 3085 375 3119 Petrus
385 3082 544 3117 Damiani
556 3082 590 3116 in
604 3082 659 3116 sua
671 3080 876 3126 oppositione
886 3079 1057 3125 deceptus.
1073 3092 1148 3119 ιω.

311 3134 377 3169 Vir
385 3132 480 3167 liberi
491 3132 557 3167 oris
566 3157 574 3164 .

257 3185 374 3220 Petrus
384 3183 596 3218 Florentinus
607 3180 788 3225 Episcopus
799 3179 840 3215 de
852 3180 999 3215 Simonia
1021 3184 1146 3217 accusa·

307 3245 378 3269 tus.
410 3244 423 3269 1
434 3245 459 3269 1.
478 3245 504 3269 1.
517 3244 547 3269 2.
571 3231 633 3266 Per
645 3233 776 3276 igneam
788 3231 1019 3275 probationem
1036 3233 1145 3266 convi-

300 3287 376 3323 ,stus
387 3282 582 3327 degradatur
597 3307 604 3314 .
1067 3281 1144 3317 ibid.

256 3335 371 3370 Petrus
383 3333 505 3369 Leonis
514 3329 748 3367 Schismaticus
758 3342 798 3365 ex
811 3341 901 3375 patre
915 3330 1022 3374 yudaeo
1031 3343 1141 3367 natus.

310 3383 385 3433 138.
400 3395 430 3419 2.
446 3382 588 3420 SiciHam
599 3382 632 3417 in
647 3382 802 3427 Regnum
812 3382 935 3418 evexit.
1041 3394 1115 3431 139·
1132 3395 1142 3416 ι

1221 2578 1547 2625 porphyrogenitum
1558 2582 1621 2615 effe
1634 2581 1713 2624 quid
1728 2580 1792 2614 sit?

1215 2629 1444 2665 Praefationem
1459 2631 1621 2675 propriam
1632 2630 1673 2665 de
1687 2632 1784 2666 Beata
1796 2629 1884 2666 dedit
1895 2631 2052 2668 Urbanus
2063 2635 2106 2669 se-

1961 126 2062 173 417

1234 179 1350 214 Petrus
1390 182 1521 225 Martyr
1556 185 1735 230 Augustini
1773 194 1881 221 textus
1923 189 2118 227 falsificator.

1288 241 1362 278 173·
1372 240 1405 266 ²·

1236 281 1350 314 Petrus
1366 281 1539 324 Presbyter
1552 283 1738 319 Monachus
1750 299 1804 329 per
1817 288 1946 332 igneam
1959 290 2120 331 probatio-

1285 343 1359 364 nem
1381 331 1519 366 Petrum
1548 333 1743 376 Episcopum
1768 338 1992 373 Florentinum
2016 340 2119 375 Simo—

1283 381 1343 414 niae
1354 382 1539 416 convincit.
1572 394 1622 430 13.
1636 396 1660 422 2
1684 384 1796 418 Diuus
1811 387 2116 437 posteaigneus.14.

1286 442 1314 465 1.
1338 432 1390 464 Fit
1412 431 1596 466 Cardinalis
1608 458 1618 474 ,
1644 437 1677 467 ὅς
1702 433 1892 470 Albanenlis
1918 437 2112 483 Episcopus,

1280 479 1362 515 Ibid.
1380 480 1536 517 Probatio
1545 483 1614 526 ejus
1628 483 1806 528 perignem
1834 496 1900 519 non
1922 487 1983 522 fuit
2006 490 2116 534 vulga-

1282 531 1340 564 ris.
1906 547 1955 582 14.
1968 549 1997 574 2.
2010 539 2042 572 δε
2054 540 2115 583 seq.

1232 579 1343 614 Petrus
1357 580 1541 618 Portuensis
1554 582 1734 628 Episcopus
1756 582 1975 620 Anathetnate
1998 589 2116 624 merito

1280 631 1472 666 damnatus.
2003 648 2078 684 391.
2095 650 2113 677 1

1231 680 1258 713 S.
1271 679 1441 725 Philippus
1454 682 1572 717 Nerius
1584 694 1639 717 eos
1661 683 1718 727 qui
1739 684 1919 719 castitatem
1939 686 2114 730 colebant,

1278 742 1318 764 ex
1326 732 1447 773 odore,
1476 734 1531 776 qui
1554 733 1630 768 vero
1652 735 1738 768 secus
1761 759 1772 775 ‚
1798 745 1839 767 ex
1858 736 1972 770 foetore
1992 748 2115 781 cogno-

1280 781 1401 816 scebat.
2028 795 2079 835 17-
2092 799 2115 823 2

1230 828 1404 875 Philippus
1417 832 1488 866 Rex
1503 832 1702 868 Francorum
1715 857 1726 874 ,
1748 833 1769 867 fi
1781 832 1823 867 de
1834 833 2048 870 satisfactione
2059 837 2115 870 sua

1277 882 1476 916 securitatem
1488 894 1556 916 non
1571 884 1684 922 fecerit
1694 909 1705 924 ,
1729 884 2044 920 excommunicatur.
2058 897 2114 936 39.

1283 942 1311 970 1.
1328 932 1480 974 Ejusdem
1490 934 1676 968 Simoniaca
1686 934 1818 968 avaritia
1829 959 1836 967 .
2035 945 2089 982 45.
2101 947 2115 971 1

1231 979 1400 1027 Philippus
1410 982 1534 1029 primus
1545 984 1745 1019 Francorum
1758 984 1833 1019 Rex
1851 987 2116 1020 excommunica-

1279 1042 1345 1068 tus.
2027 1034 2081 1072 62·
2095 1046 2114 1072 1

1233 1079 1342 1117 Photii
1356 1081 1521 1118 ordinatio
1535 1085 1615 1118 fasta
1628 1085 1669 1121 ab
1680 1085 1985 1119 excommunicato.
2021 1097 2075 1131 57.
2092 1097 2116 1122 2

1234 1131 1347 1166 Plebes
1367 1132 1452 1167 idem
1471 1134 1515 1167 est
1534 1145 1572 1168 ac
1593 1132 1796 1168 parochiales
1821 1135 1983 1168 Ecclefiae.
2012 1146 2067 1182 79.
2085 1145 2113 1170 1.

1282 1180 1376 1225 89.1-
1401 1183 1493 1218 Hinc
1505 1207 1515 1223 ‚
1540 1185 1575 1218 &
1599 1185 1736 1227 ipsarum
1763 1185 1911 1219 Resiores
1932 1185 2115 1219 etiamnum

1282 1230 1381 1266 hodie
1394 1244 1621 1277 nuncupamur
1632 1234 1786 1268 Plebani.
2025 1233 2079 1282 89.
2097 1246 2114 1271 1

1233 1281 1400 1317 Poenitens
1412 1283 1562 1326 publicus
1573 1295 1639 1317 non
1655 1285 1756 1328 potest
1770 1284 1889 1318 bellare
1903 1295 2008 1326 neque
2020 1295 2118 1329 nego-

1282 1332 1372 1366 tiari.
1400 1333 1454 1379 76.
1469 1343 1498 1369 2.
1511 1333 1645 1369 Publice
1654 1336 1884 1378 poenitentium
1899 1334 2116 1376 quorumdam

1280 1382 1315 1416 in
1325 1383 1485 1427 Hispania
1495 1383 1691 1427 desperatio.
2000 1382 2077 1422 288-
2092 1396 2115 1422 2

1231 1431 1461 1472 Paenitentiam
1471 1445 1591 1469 certam
1605 1446 1673 1469 non
1688 1435 1765 1469 facit
1777 1434 1834 1468 nisi
1848 1434 1962 1469 odium
1976 1435 2115 1479 peccati,

1278 1483 1312 1517 ὃ(
1322 1494 1413 1517 amor
1425 1483 1488 1518 Dei
1502 1509 1508 1517 .
2024 1495 2079 1532 74.
2091 1496 2115 1523 2

1231 1531 1429 1568 Paenitentia
1443 1546 1513 1568 vera
1526 1535 1658 1578 requirit
1670 1534 1789 1570 castam
1812 1534 1877 1569 Dei
1904 1533 2092 1569 charitatem
2102 1558 2115 1574 ,

1278 1583 1312 1616 δε
1330 1582 1371 1617 ad
1388 1584 1497 1618 Deum
1510 1585 1755 1620 conversionem
1768 1610 1775 1617 .
1999 1595 2078 1631 215-
2095 1594 2113 1621 1

1230 1632 1436 1669 Poenitentiae
1446 1634 1530 1669 falsae
1540 1635 1619 1678 quid
1630 1635 1712 1669 sint?
2025 1644 2079 1682 74.
2096 1644 2115 1670 1

1230 1681 1437 1718 Poenitentiae
1446 1684 1565 1718 modus
1577 1685 1620 1719 sic
1632 1683 1859 1728 temperandus
1871 1707 1881 1723 ,
1906 1693 1944 1718 ut
1957 1695 2018 1718 nec
2045 1694 2119 1727 pro·

1278 1741 1356 1764 narn
1366 1733 1508 1767 nostram
1519 1734 1659 1778 improbi
1674 1733 1822 1768 homines
1838 1733 1969 1769 laudent
1979 1733 2121 1768 facilita-

1279 1788 1347 1813 tem
1370 1804 1381 1820 ,
1408 1791 1467 1815 nec
1490 1782 1565 1817 vere
1586 1784 1778 1826 poenitenres
1802 1785 1954 1818 accusent
1976 1783 2120 1818 nostram

1278 1830 1362 1870 quasi
1374 1829 1488 1865 duram
1500 1832 1726 1866 crudelitatem
1740 1857 1747 1864 .
2003 1844 2082 1880 272-
2098 1843 2118 1869 1

1228 1878 1433 1913 Poenitentiae
1446 1881 1590 1924 petendae
1602 1882 1620 1915 ὲ
1633 1881 1777 1925 probatis
1789 1882 1853 1916 vita
1865 1882 1899 1916 ἀ
1909 1882 2053 1916 doctrina
2067 1882 2122 1917 Sa·

1276 1929 1461 1964 cerdotibus
1471 1956 1479 1964 .
2000 1943 2084 1979 215-
2100 1944 2117 1969 ι

1226 1978 1435 2014 Poenitentiae
1447 1981 1588 2024 publicae
1597 1983 1727 2016 effecius
1737 1981 1818 2016 olim
1832 1992 1900 2015 erat
1924 1982 2033 2027 Regni
2057 1982 2121 2025 pri·

1276 2029 1385 2063 vatio.
1415 2039 1494 2077 310.
1507 2041 1539 2066 2.
1551 2030 1752 2064 Poenitentia
1772 2031 1866 2074 plene
1885 2032 2015 2075 expleta
2036 2032 2120 2068 olim

1275 2088 1342 2110 non
1356 2088 1481 2119 poterat
1493 2081 1605 2123 negari
1615 2081 1865 2116 Sacramentalis
1882 2080 2044 2115 absolutio
2066 2093 2120 2124 pe-

1274 2127 1421 2163 tentibus
1432 2154 1440 2163 .
2004 2129 2082 2168 268-
2096 2143 2119 2169 2

1226 2179 1414 2212 Poenitentiae
1424 2190 1486 2213 vox
1500 2177 1712 2214 diversimode
1725 2187 1857 2223 accepta
1867 2205 1875 2211 .
2023 2192 2043 2227 7
2047 2193 2066 2227 5
2077 2208 2078 2211 ,
2091 2190 2115 2214 2

1225 2227 1421 2272 Polygamia
1448 2239 1490 2263 an
1515 2229 1615 2264 fuerit
1641 2229 1785 2275 antiquis
1819 2229 1969 2266 Patribus
2002 2230 2115 2268 licita?

1275 2278 1351 2324 167.
1369 2290 1397 2315 ι,

1224 2326 1384 2362 Pontifex
1395 2328 1497 2373 potest
1506 2330 1524 2363 a
1535 2329 1718 2372 juramento
1732 2329 1901 2365 fidelitatis
1923 2332 2089 2367 absolvere
2098 2357 2112 2374 ,

1271 2389 1339 2413 non
1354 2389 1465 2414 tamen
1480 2380 1548 2415 sine
1562 2382 1764 2424 competenti
1779 2382 1889 2415 causa.
2025 2393 2109 2428 591

1221 2428 1379 2463 Pontifex
1394 2429 1566 2464 Romanus
1576 2432 1767 2465 cunstorum
1793 2429 1912 2474 ubique
1935 2432 2117 2476 Episcopo·

1269 2489 1340 2513 rum
1354 2479 1499 2514 subditos
1511 2480 1613 2523 potest
1626 2479 1791 2514 absolvere
1804 2505 1812 2513 .

1318 2523 1406 2565 Vide
1418 2534 1569 2563 Romanus
1580 2530 1734 2573 Pontifex.
2001 2494 2015 2519 ι
2026 2494 2065 2534 ¹3
2088 2492 2111 2518 ²

1996 2594 2070 2632 134·
2087 2595 2105 2622 1

2030 2682 2105 2722 814

1266 2681 1393 2715 cundus
1404 2705 1412 2713 .

1217 2732 1528 2767 Ptaemonstratenfis
1539 2731 1676 2766 Ordinis
1686 2733 1835 2767 encomia
1848 2758 1855 2765 .
1883 2737 1966 2782 38.1.
1992 2737 2107 2772 Dona·

1267 2782 1373 2816 tiones
1387 2782 1604 2817 Ecclesiarum
1616 2782 1722 2817 eidem
1735 2783 1855 2818 Ordini
1872 2786 1971 2820 faCtae.

2026 2784 2103 2834 380¹

1216 2831 1416 2876 presbyteris
1438 2833 1622 2866 fornicariis
1646 2831 1751 2866 Missa:
1770 2833 1948 2870 celebratio
1971 2836 2103 2871 interdi-

1264 2884 1335 2917 sta.
1363 2883 1408 2919 ιθ.
1423 2894 1443 2916 1.
1468 2882 1590 2917 Nullus
1611 2882 1762 2918 officium
1787 2895 1903 2919 eorum
1923 2886 2101 2921 auscultare

1264 2934 1431 2976 praesumat
1443 2959 1450 2965 .
2020 2946 2075 2981 40.
2087 2949 2100 2970 t

1214 2982 1415 3026 Presbyteris
1429 2983 1526 3018 initio
1539 2983 1777 3027 praedicationis
1788 2984 1991 3030 Evangelicae
2012 2987 2099 3021 vide-

1262 3043 1314 3067 tur
1327 3034 1511 3077 permissum
1522 3035 1615 3069 fuisse
1636 3059 1647 3075 ‚

1262 3095 1338 3118 nem
1352 3084 1472 3118 inirent
1481 3085 1612 3129 nuptias
1622 3109 1631 3119 .

1674 3043 1708 3067 ut
1719 3034 1788 3077 post
1805 3035 1987 3080 susceptum
2010 3036 2097 3071 ordi.

1980 3083 2057 3123 288.
2073 3098 2095 3123 2

1035 3139 1113 3179 237.
1126 3143 1147 3168 2
1211 3132 1476 3177 presbyterorum
1489 3134 1577 3169 filiia
1597 3137 1696 3170 Sacro
1718 3133 1827 3168 altaris
1847 3134 2028 3171 ministerio
2048 3148 2093 3171 re-

1259 3184 1439 3225 movendi,
1467 3185 1526 3219 nisi
1538 3194 1593 3219 aut
1604 3185 1640 3219 in
1653 3184 1832 3225 coenobiis,
1855 3195 1911 3219 aut
1924 3186 1956 3218 in
1982 3186 2098 3221 Cano:

1261 3234 1343 3269 nicis
1355 3234 1557 3279 regularibus
1568 3234 1718 3279 religiose
1729 3233 1855 3278 probati
1873 3235 1992 3270 fuerint
2010 3247 2091 3270 con·

1257 3285 1370 3318 versati
1385 3310 1391 3316 .
1424 3295 1504 3332 394.
1516 3297 1535 3318 ι.
1560 3287 1740 3320 Decretum
1753 3284 1833 3318 illud
1847 3285 1957 3326 paffim
1978 3285 2090 3321 Urba-

1257 3333 1353 3369 noll.
1366 3334 1565 3375 adscribitur,
1580 3345 1655 3368 cum
1666 3334 1704 3368 fit
1715 3334 1869 3379 Gregorii
1881 3334 1956 3370 V11.
1971 3334 2010 3368 ab
2023 3335 2089 3369 Ur·

1258 3385 1346 3421 bano
1356 3384 1397 3419 11.
1408 3385 1652 3420 confirmatum.
1959 3432 1984 3467 Ρ
2007 3383 2086 3468 iibid-

1987 3444 2018 3468 re
2032 3453 2043 3460 ·
