2352 3756
885 109 1392 161 INDEX.

226 194 406 244 Episcopus
425 196 467 232 ab
489 195 655 240 Episcopo
674 205 767 231 more
793 193 934 239 antiquo
955 195 1108 241 sepelien-

247 271 250 274 «
273 247 356 282 dus.
993 255 1074 282 221-
1087 258 1107 283 2

226 298 409 349 Episcopus
421 296 463 331 ab
473 295 586 330 officio
607 295 661 331 vel
682 295 919 330 communione
940 296 1108 339 suspensus

274 347 510 385 Ecclesiasticas
521 347 672 388 censuras
683 346 768 382 nulli
781 346 888 391 potest
900 346 1023 380 auferre
1031 370 1042 387 ,
1056 345 1107 380 vel

274 397 394 438 inferre
409 422 417 429 .
449 432 453 433 ⁷
784 395 786 399 ⁴
991 406 1068 444 351.
1086 405 1110 439 ².-

226 448 408 496 Episcopus
431 444 625 492 degradatus
652 456 816 491 reparatur
834 444 868 480 in
893 445 1033 490 gradum
1055 455 1109 490 per

261 495 462 539 'honorifice
482 497 680 541 assumptum
702 497 721 531 ὲ
755 497 941 533 Successore
966 494 1107 530 defuncti

279 558 419 588 nomen,
994 555 1075 592 237-
1091 556 1106 581 1

225 597 410 643 Episcopus
419 594 614 642 degradatus
629 596 795 632 sententiae
806 606 873 630 non
901 596 1109 637 acquiescens

259 643 263 649 '
276 646 386 683 exulat
396 645 437 688 ad
447 656 579 691 centum
588 645 694 690 millia
705 646 851 691 passuum
862 647 879 680 a
891 647 952 690 suae
964 645 1046 680 olim
1058 645 1109 678 Se·

277 697 329 732 dis
339 697 475 738 civitate
487 720 495 733 .
995 704 1019 730 2
1019 703 1074 743 37-
1086 704 1109 739 2.

226 746 410 792 Episcopus
421 758 462 781 ex
473 745 580 789 aliena
594 745 735 781 Ecclesia
745 745 824 791 eligi
835 757 903 782 non
919 743 1038 789 potest,
1052 744 1108 777 nisi

276 796 314 831 in
325 796 488 840 desedium
499 798 641 844 persona:
651 796 777 836 idoneae
785 819 794 828 .
997 803 1076 840 232-
1089 805 1110 829 2

225 839 411 890 Episcopus
423 846 611 889 peregrinus
636 846 677 879 ad
700 844 846 882 solemne
872 843 1047 884 Sacrificii‚
1076 843 1109 877 ἀ

276 893 383 929 Verbi
395 894 614 933 ministerium
624 892 846 935 admittendus
857 918 865 926 .
1019 903 1040 940 3
1048 905 1074 929 1.
1092 903 1105 929 1

225 940 410 990 Episcopus
419 945 539 988 unicus
549 944 664 987 divino
673 943 743 986 jure
755 942 851 977 debet
860 944 923 981 effe
947 943 982 977 in
1007 942 1109 987 quali-

276 993 333 1029 bet
343 993 487 1029 Ecclesia
499 1018 507 1025 .
533 1002 611 1039 229.
628 1004 655 1028 1.
670 991 766 1026 Absit
778 1016 790 1032 ‚
814 1003 853 1027 ut
874 993 1031 1037 Apostoli
1052 992 1110 1027 Pe-

273 1053 345 1079 trus
357 1043 392 1084 &
406 1043 534 1077 Paulus
544 1042 630 1080 hanc
642 1042 808 1088 Regulam
821 1042 855 1078 in
868 1044 939 1091 ipso
962 1043 1109 1088 Evange-

242 1134 245 1137 ι
276 1093 316 1128 1ἱί
326 1092 464 1127 exordio
474 1092 628 1137 laeserint.
1027 1092 1108 1127 ibid.

222 1140 345 1186 Eriath
371 1143 516 1187 Francus
538 1138 702 1176 Monachi
725 1142 916 1186 Presbyteri
942 1143 1070 1178 occisor
1090 1143 1108 1176 a

276 1192 425 1228 Nicolao
435 1192 459 1226 1.
470 1191 589 1235 accipit
601 1191 841 1237 indulgentiam
853 1203 897 1239 29
905 1204 934 1229 r.
953 1205 981 1229 1.
997 1192 1109 1228 Basili-

275 1252 352 1276 cam
365 1242 605 1287 Apostolorum
615 1252 676 1287 pro
684 1243 874 1290 accipienda
898 1242 1108 1289 indulgentia

275 1291 404 1327 accedit
414 1317 423 1325 .
623 1294 625 1297 '
763 1294 765 1297 ’
993 1304 1040 1341 29
1048 1305 1074 1329 1.
1090 1303 1106 1338 1

224 1340 442 1384 ,zucharistiae
453 1342 739 1378 veritasmiraculo
751 1354 809 1388 per
829 1343 958 1389 Divum
981 1344 1109 1387 Grego-v

276 1391 364 1427 rium
375 1392 581 1428 confirmata.
996 1403 1074 1430 102-
1087 1404 1109 1429 2

223 1440 438 1488 Eucbuistiag
451 1443 648 1488 sacrificium
656 1453 698 1478 ex
709 1454 794 1488 pane
803 1443 839 1489 <Sc
858 1443 940 1480 vino
959 1442 979 1479 a
1007 1442 1109 1479 fideli-

272 1491 335 1536 bus
346 1492 480 1537 oblatox
1028 1491 1108 1528 ibid.

222 1539 442 1582 Eucharistiae
449 1543 584 1585 materia
594 1542 687 1589 panis
697 1555 832 1589 azymus
857 1544 893 1586 in
904 1544 1045 1588 sbrmam
1056 1543 1110 1578 de·

248 1614 253 1619 .
277 1589 364 1624 narii
377 1589 511 1626 oblatus
523 1616 532 1636 a
603 1595 606 1598 “
984 1604 1061 1641 107.
1087 1605 1110 1630 2

225 1636 272 1677 [n
287 1636 494 1674 Eucharistia
508 1663 520 1680 ,
544 1649 657 1676 utrum
666 1642 795 1686 Corpus
802 1642 946 1688 Christi,
974 1656 1016 1681 an
1028 1643 1111 1678 acci-.

232 1715 253 1732 .-
275 1686 388 1722 dentia
403 1688 622 1734 frangantur?
940 1691 945 1695 ’
1001 1702 1078 1739 107.
1089 1703 1111 1734 2

224 1735 269 1775 In
279 1735 486 1771 Eucharistia
508 1738 645 1781 quidam
666 1739 790 1774 docent
813 1752 931 1783 panem
954 1752 1087 1775 manere
1100 1764 1112 1779 ‚

277 1784 413 1831 eoquod
438 1787 620 1823 accidentia
641 1800 713 1824 non
735 1790 857 1834 poffint
877 1791 943 1825 sine
967 1789 1112 1832 subjesso

248 1857 256 1863 -
277 1836 440 1872 subsistere
451 1862 459 1869 .
492 1866 495 1867 ⁷
1001 1849 1078 1886 149·
1090 1850 1113 1876 2

225 1885 446 1923 «Eucharistiae
458 1885 647 1931 mysterium
655 1912 667 1928 ,
692 1900 734 1923 an
746 1890 844 1931 poffit
855 1887 924 1923 dici
935 1888 1114 1923 vicarium

252 1965 255 1968 .
278 1933 430 1969 Christi?
501 1937 503 1939 ’
1004 1947 1080 1982 154.
1095 1946 1112 1981 ζ

225 1983 436 2022 Eucharistia
447 2008 460 2024 ‚
486 1996 529 2018 an
539 1984 557 2017 a
570 1986 688 2018 Sancto
700 1983 894 2029 Nicephoro
905 2009 918 2026 ,
928 1986 1115 2030 Graecisque

278 2033 519 2069 Patribusreae
528 2033 656 2068 dicatur
667 2045 738 2068 non
762 2037 825 2069 esse
848 2034 1025 2079 Dominici
1043 2046 1115 2078 cor-

278 2083 369 2127 poris
378 2083 483 2129 figura
493 2086 507 2118 ?
997 2089 1076 2133 156.
1090 2099 1113 2125 2

226 2132 445 2231 Eussiragsgiae¹1
453 2133 622 2178 veritatem
634 2133 786 2177 Gnostici
800 2134 996 2183 profitentur
1006 2161 1013 2168 .
1036 2135 1116 2182 1621.

225 2233 442 2275 Eucharistiae
452 2233 559 2269 cultus
571 2233 670 2274 latriae
679 2231 885 2271 adhibendus
898 2260 905 2267 .
993 2234 1073 2279 162.
1093 2246 1110 2271 1

226 2282 442 2326 Eucharistiae
463 2284 654 2328 mysterium
676 2283 758 2319 olim
782 2284 1038 2327 Catechumenis
1056 2295 1112 2320 oc-

280 2333 462 2375 cultatum.
504 2332 510 2336 “
865 2334 939 2383 163.
963 2344 1109 2384 1-17z-1

226 2381 436 2423 Eucharistia
448 2382 494 2422 est
505 2383 630 2427 signum
650 2384 826 2426 continens
843 2396 962 2431 corpus
981 2385 1016 2426 a&
1039 2385 1111 2419 san-

279 2433 416 2479 guinem
428 2431 552 2474 Christi
564 2458 571 2465 .
911 2435 913 2437 ’
997 2433 1076 2480 164.
1088 2446 1110 2472 2

224 2483 270 2520 1η
289 2480 492 2525 Eucharistia
506 2495 596 2533 aquae
605 2483 726 2518 mixtio
752 2495 794 2518 ex
815 2483 940 2519 Christi
964 2485 1108 2519 Domini
1130 2514 1131 2520 ,

279 2533 457 2573 mandato.
543 2535 547 2537 ’
587 2536 981 2583 165.1.169.1.177.1.
996 2532 1108 2581 183-2

223 2582 433 2619 Eucharistia
443 2582 543 2622 etiarn
554 2583 711 2627 significat
721 2583 898 2626 mysticum
911 2583 1110 2620 ChristiDoae

277 2634 361 2668 mini
372 2633 683 2677 corpus,universal‹3
693 2632 815 2669 scilicet
826 2633 1108 2675 Ecclesiami68.2

223 2681 440 2719 :Eucharistia
464 2683 567 2726 tribus
587 2683 695 2725 modis
713 2683 758 2725 est
776 2684 907 2730 signum
931 2685 1106 2728 Dominici

278 2734 427 2777 corporis
435 2759 443 2767 .
821 2733 824 2735 ’
994 2740 1074 2783 169·
1085 2748 1108 2774 2

222 2782 433 2818 Eucharistia
445 2782 516 2818 vere
527 2783 664 2825 sumitur
673 2782 715 2822 ab
727 2783 850 2828 iniquis
860 2809 868 2817 .
996 2796 1012 2821 1
1019 2795 1073 2832 70·
1083 2797 1111 2831 2.

223 2833 283 2868 De
295 2832 499 2874 Eucharistia
519 2834 571 2869 SS.
594 2834 709 2869 Patres
727 2845 804 2869 ante
823 2845 953 2871 exortas
973 2833 1108 2876 haereses

277 2883 387 2917 minus
398 2882 543 2923 accurate
561 2884 664 2918 locuti
676 2885 750 2924 sunt
760 2910 767 2917 .
995 2897 1071 2934 172.
1088 2897 1103 2931 r

225 2932 283 2972 De
295 2932 498 2968 Eucharistia
508 2945 565 2970 cur
575 2933 740 2971 ss.Patres
752 2934 855 2970 locuti
868 2936 941 2970 sunt
951 2935 1107 2977 obscure.

279 2991 356 3029 172.
375 2993 403 3018 1.
425 2983 518 3030 Qid
531 2983 590 3026 sibi
615 2985 697 3021 velit
718 2984 801 3020 illud
823 2986 1023 3031 Epiphanii.
1051 2990 1107 3021 Hoc
1130 3019 1131 3022 ,

277 3042 375 3066 meum
387 3031 424 3071 est
435 3031 508 3066 hoc?
998 3046 1072 3084 172.
1085 3047 1109 3080 ²2

226 3080 432 3169 Eucharisgia
443 3082 527 3118 olim
536 3082 572 3117 in
581 3084 734 3123 manibus
745 3085 937 3130 suscipiebat
946 3099 982 3121 ur
994 3110 1002 3118 .
1034 3098 1047 3123 1
1055 3099 1075 3134 7
1077 3098 1106 3133 3·

275 3141 308 3166 2.
336 3140 351 3167 1
406 3157 412 3164 .
425 3144 455 3169 2-

223 3143 483 3217 DeEucl71aristia
494 3181 824 3225 fabuloscGentilium
834 3186 1105 3234 calutnnie.174.2

223 3232 279 3271 De
291 3231 493 3267 Eucharistia
506 3232 692 3275 Graecorum,
704 3234 837 3273 Parrum
849 3237 915 3275 sent
924 3238 1019 3272 entiae
1039 3238 1106 3271 fuse

272 3282 504 3318 examinantur
514 3307 522 3315 .
837 3295 918 3334 175.
935 3299 965 3324 1.
976 3290 1010 3322 ὃς
1023 3289 1108 3331 seqq.

223 3329 432 3370 Eucharistiae
443 3333 534 3368 micae
545 3331 764 3371 custodiendae
790 3347 832 3376 ne
855 3338 891 3379 in
917 3349 1037 3373 terram
1058 3350 1106 3371 ca-

270 3381 351 3417 dant
364 3406 373 3416 .
959 3400 973 3424 1
980 3387 1032 3438 78.
1044 3395 1071 3424 1.
1085 3400 1104 3426 2

1166 191 1383 238 ,Eucharistiae
1394 195 1510 228 veritas
1521 197 1730 241 comprobata
1739 199 1899 236 miraculo
1918 207 2043 247 pueruli

1218 244 1400 288 apparentis
1410 243 1445 277 in
1457 244 1603 279 manibus
1613 248 1720 282 Sansti
1732 248 1843 284 Basilii
1854 275 1863 284 .
1934 251 2011 290 180.
2024 265 2040 294 ι

1172 294 1380 337 Eucharistiae
1414 291 1561 335 mysterii
1588 296 1830 337 poffibilitatem
1853 302 2045 344 posteriores

1226 346 1416 379 Graecorum
1449 342 1562 387 Patres
1598 344 1724 386 ratione
1748 351 1888 386 naturali
1911 350 2047 389 demon-

1219 395 1321 429 strant
1331 421 1338 428 .
1937 401 2011 451 383,
2022 413 2048 443 2

1173 443 1382 489 Eucharistiae
1408 443 1576 479 veritatem
1597 453 1639 477 ex
1664 442 1768 478 verbis
1792 450 2046 493 consecrationis

1221 494 1357 538 probant
1367 505 1482 529 omnes
1493 493 1600 527 Graeci
1611 517 1623 533 ,
1648 492 1857 537 orthodoxi,
1869 499 2024 536 Haefetici
2036 527 2048 542 ‚

1220 543 1434 581 Schismatici.
1450 541 1617 589 185.1.Et
1629 543 1743 585 Latini
1755 545 1929 588 Scriptores
1938 575 1946 583 .
1956 548 2049 597 1850.

1173 592 1421 636 Eucharistia,&
1434 593 1584 638 Eulogiae
1595 594 1679 636 apud
1690 595 1902 640 Cappadoces
1912 597 1946 631 in
1961 600 2050 644 Azy·

1220 655 1279 678 mo
1292 643 1505 688 probabiliter
1514 644 1687 683 confestae.
1743 643 1747 647 ⁴
1940 649 2015 690 386,
2030 660 2045 684 1

1173 691 1371 727 Eucharistia
1383 693 1465 728 reste
1475 701 1610 727 vocatur
1623 693 1689 727 vita
1703 718 1712 726 .
1934 695 2012 739 186.
2027 708 2051 734 2

1170 741 1438 778 DeEucharistiae
1448 742 1754 778 veritateNestorius
1760 743 1841 778 reste
1849 737 2051 795 sensit'.187.2

1173 790 1373 828 Eucharistia
1383 816 1395 833 ,
1406 794 1441 828 &
1453 793 1579 827 Manna
1590 791 1760 834 quomodo
1768 791 1916 830 differant
1930 798 1943 830 ?
1955 795 2052 834 1862.

1174 841 1385 888 Eucharistiss
1409 842 1601 887 mysterium
1627 841 1881 886 Catechumenis
1911 848 2053 882 occulta·

1220 902 1292 928 rum
1305 917 1313 925 .
1804 891 1881 939 189.
1893 905 1923 929 2.
1937 905 2007 941 190
2028 909 2052 933 2

1173 941 1385 986 Eucharistiae
1396 942 1579 988 antiquitus
1588 940 1717 983 modica
1728 943 1856 985 tantum
1866 953 1941 987 pars
1952 955 2054 989 popu-

1221 992 1255 1026 lo
1267 991 1421 1028 dabatur.
1943 1005 2018 1042 192.
2031 1007 2053 1032 2

1173 1041 1375 1086 Eucharistia
1386 1042 1478 1086 juxta
1491 1044 1523 1078 S.
1538 1040 1813 1086 Chrysostomum
1823 1042 2054 1090 verbisChristi

1219 1093 1439 1134 consecratur,
1449 1104 1518 1128 non
1529 1102 1639 1127 autem
1653 1103 1708 1136 per
1721 1093 1831 1127 nescio
1843 1104 1923 1137 quas
1933 1104 2055 1137 preces,

1221 1139 1339 1185 quibus
1359 1152 1497 1186 utuntur
1518 1142 1625 1177 Graeci
1645 1141 1852 1178 Schismatici
1873 1168 1882 1178 .
1931 1153 2006 1192 193.
2024 1154 2054 1187 1.

1227 1202 1303 1239 195.
1317 1201 1348 1227 2.
1360 1202 1439 1228 200.
1459 1204 1490 1229 1.
1710 1220 1713 1225 .

1172 1240 1383 1328 Eellchfflglae
1391 1240 1599 1297 suscipiendae
1610 1241 1775 1286 dispositio
1787 1243 1936 1285 requisita
1949 1268 1956 1275 .
1975 1253 2051 1291 194.

1225 1300 1255 1337 ς.
1271 1302 1285 1327 1
1339 1317 1346 1325 .
1362 1301 1396 1337 23.

1172 1302 1376 1386 Euchar9istia
1389 1353 1432 1376 an
1440 1341 1592 1377 manibus
1603 1351 1755 1388 tangatur
1764 1343 1782 1378 ἕ
1799 1351 1877 1389 194.
1890 1353 1923 1378 2.
1938 1351 1954 1376 1
1962 1352 2015 1389 97.
2034 1351 2051 1376 1

1222 1391 1323 1435 Apud
1335 1392 1464 1427 Graecos
1475 1390 1639 1434 cochleari
1651 1391 1837 1435 distributa,
1849 1391 1998 1426 nondum
2010 1400 2056 1427 ta-

1222 1452 1299 1479 men
1311 1452 1458 1486 tempore
1468 1444 1499 1484 S.
1510 1441 1739 1485 chrysostomi
1751 1467 1759 1483 .
1941 1451 2018 1488 194.
2032 1453 2056 1478 2

1173 1490 1410 1533 Eucharistiam
1420 1493 1503 1527 olim
1515 1493 1571 1537 qui
1583 1491 1786 1536 suscipiebat,
1796 1491 1911 1526 oculos
1923 1492 1957 1526 ὃ(
1969 1493 2057 1526 fron-

1223 1551 1290 1577 tem
1300 1542 1334 1576 &
1345 1542 1468 1587 reliqua
1479 1543 1631 1577 sensuum
1642 1553 1765 1587 organa
1778 1541 1929 1582 manibus
1944 1542 2057 1576 conse-

1221 1591 1332 1627 crabat
1344 1617 1356 1634 ,
1381 1592 1516 1636 quando
1526 1590 1633 1626 adhuc
1644 1601 1711 1625 erat
1726 1590 1903 1626 humiditas
1914 1591 1949 1625 in
1962 1591 2056 1625 labiis

1221 1653 1264 1676 ex
1275 1642 1435 1686 sanguine
1448 1645 1578 1685 sumpto
1590 1665 1599 1674 .
1630 1650 1704 1688 194.
1718 1653 1748 1678 2.
1758 1641 1838 1675 Mos
1850 1640 1905 1675 ille
1927 1640 2056 1675 videtur

1224 1691 1362 1733 viguisse
1373 1701 1518 1733 ternpore
1530 1691 1726 1725 Damasceni
1740 1689 1818 1724 ibid.
1831 1690 1913 1724 Item
1935 1691 1969 1724 in
1987 1690 2065 1725 Ro-.

1224 1748 1323 1774 mana
1336 1738 1479 1773 Ecclesia
1490 1763 1500 1780 ,
1526 1751 1568 1772 ex
1589 1739 1695 1773 verbis
1706 1741 1738 1774 S.
1751 1740 1913 1783 Agnetis:
1938 1741 2057 1772 &San-

1218 1793 1289 1831 guis
1301 1789 1365 1827 ejus
1376 1793 1499 1820 ornavit
1507 1799 1603 1829 genas
1617 1798 1698 1821 meas
1707 1812 1715 1819 .
1941 1798 2019 1836 195.
2036 1800 2054 1825 1

1175 1837 1214 1881 ln
1229 1835 1430 1880 Eucharistia
1442 1848 1513 1872 non
1526 1846 1637 1871 manet
1657 1837 1750 1880 panis
1766 1838 1800 1872 &
1822 1837 1891 1871 vini
1913 1837 2056 1872 substan.

1225 1886 1270 1920 tia
1283 1911 1291 1926 .
1943 1890 2019 1932 196.
2037 1899 2051 1923 1

1179 1934 1380 1970 Eucharistia
1394 1947 1435 1970 an
1446 1946 1599 1982 tangatur
1613 1937 1630 1968 ἓ
1802 1947 1880 1984 197.
1892 1949 1924 1974 2.
1944 1947 2019 1984 199.
2038 1946 2052 1970 ι

1178 1983 1381 2028 Eucharistia
1391 1986 1518 2030 sumpta
1530 1985 1713 2020 cavendum
1723 1985 2037 2023 &comessationibus
2047 2013 2055 2020 .

1231 2045 1273 2080 19
1302 2057 1309 2066 ·
1339 2046 1368 2071 1·

1178 2045 1390 2126 Eucha9ristiae
1414 2084 1597 2129 sumptioni
1621 2082 1781 2128 jejunium
1812 2086 1895 2119 olim
1917 2087 2058 2129 praemis-

1226 2134 1298 2175 sum
1309 2158 1316 2166 .
1975 2136 2054 2170 ibid.

1179 2181 1384 2225 Eucharistia
1394 2183 1429 2217 in
1439 2193 1555 2218 manus
1565 2181 1674 2217 Laicis
1686 2185 1827 2225 porresta
1838 2208 1846 2216 .
1971 2185 2053 2220 ibid.

1177 2231 1379 2276 Eucharistia
1390 2232 1449 2277 sub
1461 2233 1566 2277 specie
1579 2232 1670 2276 panis
1677 2232 1817 2267 domum
1831 2233 1980 2269 fidelium
2001 2236 2055 2270 de-

1224 2283 1299 2319 ferri
1307 2283 1406 2320 solita
1419 2307 1432 2324 ‚
1457 2295 1528 2319 non
1541 2281 1690 2317 itemsub
1703 2283 1809 2326 specie
1823 2284 1890 2318 vini
1902 2309 1913 2325 ‚
1943 2283 2002 2319 nisi
2011 2296 2054 2319 ex

1226 2333 1411 2379 Privilegio
1423 2357 1430 2364 .
1936 2345 2014 2381 204.
2031 2347 2049 2371 1

1176 2382 1376 2426 Eucharistia
1387 2394 1454 2427 quo
1465 2381 1526 2417 ritu
1538 2405 1549 2422 ,
1573 2383 1607 2417 ὅ(
1619 2383 1791 2417 reverentia
1802 2381 1820 2416 ὲ
1835 2383 1983 2419 fidelibus
1995 2384 2053 2420 do-

1224 2434 1272 2469 mi
1282 2432 1436 2473 sumenda
1451 2433 1471 2472 ἕ
1494 2432 1571 2467 ibid.
1580 2433 1675 2468 Loco
1686 2431 1904 2468 Eucharistici
1926 2434 2052 2469 Calicis

1222 2484 1338 2518 vinum
1349 2482 1483 2527 fimplex
1495 2482 1664 2518 sumebant
1676 2507 1684 2515 .
1970 2482 2049 2518 ibid.

1173 2532 1383 2577 Eucharistiae
1409 2532 1573 2578 particulae
1596 2533 1615 2568 ὲ
1641 2533 1695 2569 SS.
1717 2532 1869 2568 Patribus
1889 2543 2050 2569 vocantur

1221 2587 1399 2628 Margaritae
1410 2579 1421 2616 J
1965 2583 2047 2618 ibid.

1172 2632 1379 2676 Eucharistiae
1390 2632 1553 2677 particulae
1563 2643 1604 2667 ne
1614 2632 1649 2674 in
1658 2641 1775 2668 terram
1794 2631 1949 2668 decidant
1972 2633 2050 2669 soli·

1217 2683 1284 2719 cite
1295 2683 1453 2726 cavebant
1464 2682 1592 2727 antiqui
1605 2706 1614 2715 .
1932 2693 2011 2731 204.
2022 2696 2049 2721 2

1170 2732 1372 2777 Eucharistia
1397 2733 1444 2774 est
1470 2731 1631 2775 dominici
1656 2732 1802 2778 corporis
1820 2733 1854 2767 &
1876 2734 2048 2778 sanguinis

1216 2785 1331 2829 imago
1342 2809 1355 2825 ,
1379 2784 1414 2825 ὃς
1426 2783 1530 2829 figura
1540 2808 1549 2817 .
1932 2792 2010 2830 205.
2027 2792 2043 2818 1

1168 2834 1379 2878 Eucharistiae
1392 2834 1558 2874 confectio
1570 2844 1639 2869 non
1650 2832 1697 2874 est
1717 2832 1928 2868 adscribenda
1944 2833 2048 2877 preci·

1217 2885 1276 2919 bus
1283 2884 1559 2925 consecrationem
1568 2882 2045 2934 subsequentibus.205.2&seq.

1169 2934 1377 2976 Eucharistiae
1386 2933 1588 2971 confectioni
1599 2934 1781 2979 postpositae
1793 2944 1900 2979 preces
1911 2933 2046 2976 possunt

1215 2983 1334 3020 habere
1345 2984 1530 3032 legitimum
1544 2984 1671 3025 sensum
1680 3009 1688 3022 ,
1925 2991 2006 3029 207.
2022 2991 2039 3018 1

1169 3034 1376 3078 Eucharistiae
1394 3032 1592 3076 'consecrataej
1605 3057 1617 3075 ,
1645 3044 1712 3079 quo
1735 3033 1827 3070 sensu
1846 3031 2042 3067 attribuatur

1215 3097 1283 3120 vox
1295 3098 1303 3117 :
1331 3086 1491 3127 Antitypa?
1662 3082 1666 3086 ⁴
1925 3090 2004 3127 207·
2015 3090 2040 3116 2

1168 3136 1203 3170 In
1215 3134 1424 3175 Eucharistiae
1435 3133 1620 3179 sumptione
1639 3132 1778 3178 populus
1801 3130 1886 3176 apud
1906 3130 2039 3165 Graecos

1214 3185 1384 3229 respondet
1396 3189 1488 3223 Amen
1498 3210 1505 3218 .
1926 3191 1971 3227 25
1979 3192 2005 3217 1·
2019 3191 2037 3217 1

1170 3234 1368 3271 Eucharistia
1380 3235 1554 3282 indignum
1568 3234 1762 3276 sumptorem
1771 3229 1892 3266 adurit.
1921 3240 1940 3277 3
1949 3242 2001 3267 12.
2014 3240 2039 3265 2

1170 3285 1370 3327 Eucharistiae
1389 3284 1471 3324 olim
1494 3282 1682 3317 mulieribus
1703 3282 1839 3316 dabatur
1865 3281 1900 3315 in
1919 3288 2035 3314 manus

1218 3347 1258 3385 35
1266 3345 1326 3383 3.2.
1338 3333 1496 3382 Qaedam
1507 3331 1766 3368 tamenEcclesiae
1776 3331 1932 3374 jusserunt
1943 3330 2032 3364 illam

1214 3386 1315 3431 accipi
1327 3383 1593 3430 perDominicale
1605 3381 1797 3418 linteum-Et
1809 3376 2037 3421 &Chrysostoe

1890 3437 1963 3462 mus
1971 3450 1984 3474 a
