2372 3756
168 3268 225 3302 Fal.
243 3268 307 3296 218-
343 3275 460 3308 ceptum
473 3266 509 3306 est
519 3291 526 3297 .
553 3269 645 3310 ‚Quod
653 3269 718 3300 ideo
729 3276 874 3300 retentum
886 3266 924 3300 el}
936 3291 946 3306 ‚
972 3276 1006 3298 ut
1024 3272 1103 3299 inter
1118 3275 1183 3298 eum
1198 3287 1207 3302 ‚

358 162 417 208 52

686 144 726 188 S.
765 140 1084 187 Gai-:Gonu
1124 154 1358 185 SEPTlMI
1394 138 1764 191 P0N11r1c1s

1881 199 1885 215 l

279 230 389 273 fiolicae
400 229 496 271 vestra
498 227 669 270 juffioneilli
681 228 774 261 denuo
786 229 878 270 Regni
883 225 1086 269 gubernacula
1118 228 1164 257 in-
1218 232 1285 257 rat.
1302 223 1421 269 Verum
1432 224 1573 268 Episcopi
1594 228 1629 262 (5
1651 231 1807 272 Principes
1833 232 1920 264 vitra
1943 237 2101 278 Montani,

287 282 473 319 terdicendo,
500 281 519 311 ᾶ
541 276 690 312 liminibus
712 276 847 318 Ecclefiae
857 275 1017 318 separavit
1040 282 1104 307 tam
1126 274 1160 306 il—

1219 275 1374 308 audie'ntes
1396 277 1477 309 illum
1498 287 1557 309 non
1575 275 1702 319 servare
1723 292 1790 322 quae
1799 280 1980 325 promiserat
1992 307 2003 324 ,
2026 286 2112 329 quasi

288 335 371 372 lum,
396 332 488 372 quim
499 339 597 363 omnes
608 333 634 362 ei
657 326 868 370 consentientes
881 349 892 366 ,
917 326 1042 358 alterum
1069 326 1162 363 verb,
1220 326 1257 359 de
1267 336 1298 358 eo
1319 324 1486 368 desperati,
1512 324 1621 369 absque
1635 330 1754 362 Domini
1766 333 1862 373 Papae
1884 332 1994 375 confilio
2016 337 2108 381 elege-

289 386 382 426 quiin
393 381 484 414 locum
494 381 575 413 illius
588 377 762 422 subrogatus
774 376 812 416 est
826 374 926 416 nostra
946 375 1081 409 electione
1096 399 1106 414 ,
1132 378 1163 406 in
1221 374 1354 417 runtfibi
1367 375 1556 418 Rudolpbum
1570 381 1678 411 Ducem
1688 384 1721 411 in
1736 383 1847 423 Regem
1861 407 1868 414 .

291 436 416 476 Regiam
435 431 614 473 dignitatem
639 427 795 468 apostolica
816 426 995 458 aue‘loritate
1016 424 1165 466 confirma-

289 487 339 515 vit
351 505 361 521 ‚
386 478 572 523 omnibusque
582 483 613 511 in
629 481 728 521 Regno
742 475 917 509 Theutonico
933 473 1143 516 confistentibus
1158 496 1169 512 ,

291 540 327 565 ut
338 536 364 564 ei
375 529 514 564 obediant
527 554 537 570 ‚
562 536 700 569 exparte
710 530 926 568 Omnipotentis
939 528 997 558 Dei
1003 529 1167 567 proecepit.

292 581 453 623 Numquid
461 579 523 614 h'aec
532 583 628 611 omnia
638 575 813 616 destruenda
819 574 893 619 sunt
907 599 918 616 ,
945 577 980 609 (τ
1000 582 1057 617 pro
1080 572 1173 606 nihilo

291 632 462 674 reputanda
483 631 495 662 ?
533 633 573 661 Ut
597 637 696 660 autem
716 627 753 660 de
774 627 897 668 reliquis
919 625 1052 658 omnibus
1070 632 1170 656 ‘tacea-

292 693 359 715 mus
380 705 391 721 ‚
425 680 499 713 certe*
517 677 548 720 fi
564 676 629 721 sola
653 676 706 710 illa
733 674 871 716 absolutio
894 676 1172 713 sacramentorum,

256 755 269 763 x
292 741 383 774 quam
404 735 437 762 in
459 729 566 767 synodo
571 726 683 769 fecistis
696 751 707 767 ,
733 726 869 767 effet‘lum
882 724 1020 758 habitura
1043 722 1102 762 est,
1128 726 1175 755 in-

292 780 469 814 dubitanter
479 778 590 819 constat
598 801 610 818 ‚
630 778 708 820 quod
717 775 764 817 iste
776 780 841 809 Rex
851 777 902 818 effe
913 786 971 807 non
979 771 1072 815 potest
1081 797 1088 805 .
1119 772 1175 806 So·

293 831 362 865 luta
377 830 586 864 Sacramenta
596 826 769 862 adfirmant
781 837 849 860 non
867 825 923 858 nisi
938 835 994 867 per
1013 823 1062 857 sui
1087 822 1175 857 itera-

292 880 423 915 tionem
445 889 542 924 atque
563 876 814 912 innovationem
844 874 930 918 posse
955 873 1174 912 reviviscere,

291 930 334 965 ad
355 930 482 964 firmam
507 930 542 963 in
564 927 626 962 suis
647 926 800 961 Decretis
813 924 1031 959 constantiam
1044 922 1178 958 hortan-

293 990 346 1015 tur
369 979 573 1013 Pontificem
593 1001 605 1017 ‚
642 987 681 1010 ac
706 986 750 1010 ne
773 974 840 1010 illis
866 974 1031 1008 destructis
1053 973 1108 1007 aur
1134 972 1185 1008 ad*

292 1039 417 1063 novum
438 1038 577 1062 examen
598 1025 765 1061 devocatis
790 1025 932 1059 infirmet
955 1024 1115 1059 Romanae
1139 1023 1176 1057 in

288 1078 472 1123 judicando
499 1074 744 1111 infallibilitatis
761 1074 967 1120 privilegium
983 1098 994 1115 ,
1019 1074 1175 1108 &semet-

291 1129 397 1172 ipsum
412 1128 589 1162 constituat
603 1126 881 1171 praevaricatorem
893 1149 901 1158 .
931 1123 1177 1162 Existimabant

291 1179 479 1214 Henricum
503 1177 628 1223 Regem
652 1176 746 1212 fuisse
769 1186 836 1210 non
850 1174 1176 1211 excommunicatum

289 1229 462 1264 dumtaxat
479 1254 490 1269 ‚
517 1228 571 1262 sed
592 1227 722 1271 insuper
746 1225 979 1272 degradatum.

341 1279 386 1314 Et
395 1277 529 1321 quidem
540 1277 629 1322 quod
641 1277 755 1322 populi
766 1279 971 1311 Sacramenta
983 1275 1062 1310 citra
1076 1274 1178 1318 Regis

290 1328 560 1374 degradationem
585 1327 666 1362 solvi
691 1339 760 1361 non
783 1326 902 1371 poffint
926 1351 935 1367 ‚
965 1327 998 1359 ἀ
1023 1336 1091 1358 non
1121 1322 1176 1355 nisi

290 1389 348 1421 per
372 1379 580 1413 iterationem
607 1378 797 1412 reviviscere
823 1400 834 1416 ,
868 1374 976 1410 lucide
1013 1382 1178 1408 errarunt.

290 1427 387 1463 Patet
411 1440 454 1463 ex
465 1428 619 1472 Gregorii
633 1429 737 1470 quarti
752 1428 898 1460 Decreto
913 1449 924 1466 ,
950 1422 1040 1468 quod
1054 1423 1175 1458 Conon

289 1477 508 1513 Praenestinus
533 1477 717 1520 Episcopus
742 1499 752 1515 ,
788 1476 821 1508 ὅ(
853 1473 1017 1508 Paschalis
1044 1470 1174 1507 secundi

290 1540 344 1571 per
381 1528 528 1561 Galliam
554 1525 742 1560 Cardinalis
765 1524 930 1568 Legatus,
957 1521 1177 1556 innovavitin

288 1579 343 1611 sua
361 1576 500 1619 Synodo
513 1575 716 1610 Belluacenfi
733 1586 740 1605 :
769 1573 1011 1616 Praedecefforum
1023 1570 1181 1611 nostrorum

288 1631 412 1661 statuta
417 1625 578 1669 sequentes
590 1649 601 1664 ‚
629 1635 674 1656 eos
695 1628 746 1664 qui
766 1627 1025 1656 excommunicatis
1033 1621 1181 1661 fidelitate

288 1686 343 1709 aut
357 1678 547 1708 sacramento
556 1673 689 1714 adstric‘li
696 1672 773 1716 sunt
784 1698 794 1713 ,
823 1672 986 1713 Apostolica
1005 1670 1180 1705 auc‘ioritate

288 1731 309 1758 ἃ
321 1729 507 1773 sacramento
520 1723 703 1766 absolvimus
722 1747 734 1764 ‚
759 1720 903 1765 quousque
917 1721 974 1763 ipsi
990 1722 1036 1754 ad
1051 1720 1180 1764 satisfa-

288 1776 412 1809 c‘iionem
438 1778 589 1814 veniant,
620 1774 653 1806 (θ’
677 1784 713 1806 ne
735 1778 779 1806 eis
800 1772 891 1805 antea
899 1771 1077 1811 fidehtatem
1090 1769 1182 1813 obser-

290 1835 364 1860 vent
373 1830 375 1832 ’
385 1823 578 1867 prohibemus
587 1848 594 1854 .
624 1821 729 1857 Aliud
743 1821 789 1855 est
803 1821 905 1866 Regis
918 1821 1180 1854 excommunica-

291 1878 344 1911 tio
368 1900 379 1917 ,
404 1873 495 1909 aliud
521 1873 624 1918 Regis
646 1871 860 1916 degradatio.-
887 1871 940 1906 Sic
965 1871 998 1904 δε
1019 1869 1109 1904 aliud
1132 1869 1186 1903 est'

292 1928 332 1961 Sa
343 1924 503 1960 eramenti
526 1923 715 1957 exstinctiva
729 1947 740 1963 ‚
766 1921 855 1956 aliud
878 1919 998 1955 solutio
1009 1920 1181 1954 dumtaxat

298 1976 495 2020 suspensiva.
524 1974 622 2008 Istam
648 1971 867 2017 degradatio,
895 1969 980 2005 hanc
1004 1970 1080 2003 vero
1103 1968 1181 2003 facit

293 2024 601 2060 excommunicatio
615 2047 626 2064 ‚
653 2021 792 2067 ideoque
806 2033 859 2066 per
882 2021 983 2055 solam
1006 2019 1184 2054 absolutio-

276 2071 371 2110 ¹nem
386 2100 398 2117 ‚
424 2076 509 2110 citra
531 2073 737 2110 iterationem
752 2097 763 2112 ,
789 2071 949 2115 permittit
973 2070 1182 2104 reviviscere.

296 2125 344 2159 Ita
359 2125 465 2168 palam
478 2121 632 2167 supponit
651 2122 801 2156 laudatus
822 2131 956 2163 quartus
979 2119 1180 2161 Gregorius.

296 2173 402 2209 Porro
413 2171 778 2216 HenricusaGregorii
803 2169 905 2204 nostri
929 2168 1068 2211 Synodo
1089 2168 1183 2202 dum·

296 2234 386 2259 taxat
397 2220 705 2258 excommunicatus
717 2222 842 2260 fuerat,
868 2230 909 2253 ac
929 2216 1068 2260 proinde
1080 2218 1184 2250 Sacra-

298 2283 409 2309 menta
421 2273 595 2307 dumtaxat
609 2270 757 2313 suspensa
768 2294 779 2310 ‚
801 2268 943 2311 ideoque
954 2278 1044 2302 anno
1056 2267 1186 2311 sequen-

299 2325 325 2359 ti
339 2334 394 2368 per
420 2320 661 2356 absolutionem
674 2343 686 2359 ,
712 2319 770 2352 nisi
796 2317 1000 2363 singulariter
1021 2328 1063 2351 ex
1084 2316 1186 2350 caulis

301 2371 482 2408 retinuisset
506 2369 684 2410 Pontifex,
711 2368 1066 2403 omninorevixiffent.
1099 2365 1187 2412 Qa-

303 2435 336 2458 re
365 2423 434 2457 haec
456 2423 625 2458 Saxonum
646 2418 820 2463 postulat10
847 2428 915 2452 non
942 2417 1007 2452 fuit
1028 2416 1185 2450 fundata.

305 2474 494 2508 Audiamus
519 2482 587 2505 rem
608 2469 650 2504 ab
674 2469 744 2513 ipso
766 2467 930 2513 Gregorio
950 2467 986 2501 in
1009 2464 1186 2500 noviffimae

312 2523 523 2562 Henricianae
531 2519 884 2555 excommunicationis
897 2529 935 2552 ac
944 2515 1190 2561 degradationis

312 2573 458 2608 Decreto
470 2586 482 2606 .·
510 2575 667 2610 Henricum
687 2581 738 2614 ego
760 2569 868 2602 videns
882 2568 1091 2607 humiliatum,
1117 2566 1192 2599 mul-

314 2630 356 2657 tis
376 2622 414 2655 ab
424 2634 455 2656 eo
460 2620 689 2663 promiffionibus
700 2625 823 2662 acceptis
846 2619 883 2652 de
890 2616 956 2661 suae
967 2622 1042 2651 vitae
1054 2616 1190 2649 emenda-

318 2678 393 2706 tione
412 2696 422 2713 ‚
444 2670 538 2715 fhlam
548 2677 575 2705 ei
595 2675 823 2703 communionem
847 2668 988 2708 reddidi,
1015 2677 1073 2699 non
1094 2675 1194 2699 tamen

320 2729 352 2756 in
373 2726 470 2765 Regno
484 2745 494 2761 ,
520 2723 540 2753 ἃ
562 2731 617 2763 quo
640 2731 705 2754 eum
728 2725 761 2752 in
782 2723 919 2752 Romana
939 2718 1047 2756 synodo
1058 2713 1193 2759 deposue-

321 2783 407 2811 ram,
433 2770 621 2811 instauravi,
647 2780 697 2802 nec
712 2769 892 2810 fidelitatem
914 2772 1064 2807 omnium,
1090 2771 1142 2809 qui
1167 2769 1195 2797 ei

315 2825 525 2864 juraverant,
553 2819 607 2853 vel
614 2825 699 2851 erant
702 2821 860 2859 Juraturi‚
885 2820 974 2860 siqua
986 2827 1082 2850 omnes
1105 2812 1197 2858 absol·

325 2878 361 2906 vi
374 2876 406 2904 in
417 2872 519 2903 eadem
535 2869 643 2907 synodo
656 2890 666 2906 ,
691 2872 734 2900 uti
753 2873 780 2900 ei
793 2866 967 2910 servaretur
984 2871 1131 2909 praecepi.
1159 2865 1198 2898 ln

326 2930 421 2956 tanto
435 2918 570 2963 negotio
580 2917 735 2951 Pontifex
745 2918 868 2952 censuit
879 2928 954 2950 cum
966 2916 1090 2951 lubrico
1109 2914 1200 2949 Prin-

329 2972 402 3014 cipe
412 2968 571 3015 gradatim
583 2967 840 3012 procedendum.
870 2967 1115 3009 Depofitionem
1138 2963 1202 2997 late

331 3020 449 3063 accipit
459 3044 470 3060 ,
480 3030 538 3063 pro
548 3018 752 3061 suspensione
765 3042 772 3049 .
796 3018 837 3051 Et
850 3017 883 3049 in
896 3014 1088 3050 Vir-dunensi
1100 3013 1203 3050 Chro-

336 3071 411 3109 nico
438 3069 550 3104 scribit
570 3069 676 3112 Hugo
697 3065 808 3100 Abbas
833 3067 1102 3100 Flaviniacenfis:
1128 3068 1202 3107 Regi

338 3118 533 3163 Henricosola
545 3117 582 3158 est
592 3122 798 3151 communionis
806 3122 909 3160 gratia
920 3117 1040 3150 reddita
1052 3140 1064 3156 ‚
1088 3126 1144 3148 non
1157 3122 1205 3146 ta-

341 3181 407 3201 men
422 3172 519 3212 Regno
526 3168 676 3208 restitutus
689 3191 700 3206 ,
727 3178 775 3200 nec
783 3166 915 3208 fidelItas
926 3174 1056 3199 omnium
1068 3190 1080 3206 ‚
1101 3170 1153 3207 qui
1177 3168 1205 3196 ei

335 3221 521 3258 juraverant
533 3219 584 3253 vel
587 3220 724 3259 juraturi
735 3225 821 3250 erant
833 3241 843 3256 ‚
867 3224 901 3249 ut
913 3221 939 3249 ei
946 3215 1117 3259 servaretur
1125 3223 1206 3257 prae-

348 3364 709 3408 Apostolicaerefliteram,
729 3366 847 3408 justitia
861 3365 968 3407 fieret,
992 3367 1042 3398 vel
1054 3373 1120 3407 pax
1141 3375 1212 3397 com-

343 3425 501 3460 poneretur
525 3438 536 3456 ,
566 3413 635 3457 ficut
656 3415 715 3458 ipse
729 3425 786 3458 per
806 3417 877 3451 duos
898 3414 1056 3459 Episcopos
1075 3412 1210 3458 promise·

1253 443 1260 447 -
1275 424 1390 460 Altera
1412 426 1579 461 Saxonum
1592 429 1811 473 expostulatio
1823 454 1834 470 ,
1864 443 1928 476 qua
1940 435 2109 470 affirmant

1226 475 1445 519 Rudolphum
1469 485 1545 511 ante
1561 477 1767 514 definitivam
1792 480 1935 517 Henrici
1959 484 2115 530 degrada-

1227 527 1354 561 tionem
1375 536 1442 560 non
1467 528 1605 570 potuisse
1628 529 1729 574 eligi,
1756 531 1858 576 longe
1873 532 1981 568 minus
1996 537 2115 570 confir-

1229 576 1331 617 mari,
1357 572 1471 610 habuit
1496 578 1638 612 omnino
1660 580 1914 616 fundamentum
1931 608 1938 615 .
1967 583 2010 619 Et
2037 585 2115 619 sane

1230 624 1448 670 Rudolphum
1473 626 1625 672 Gregorii
1647 631 1836 665 auctoritate
1859 633 1953 667 fuiffe
1976 634 2117 670 eleuum

1230 678 1265 711 ὃ(
1287 677 1518 710 confirmatum
1544 677 1703 714 testantur
1721 680 1819 715 etiam
1844 682 2017 717 Marianus
2042 685 2117 719 Sco·

1233 737 1283 762 tus
1297 750 1308 767 ,
1335 726 1492 761 Albertus
1510 727 1670 764 Stadenlis
1685 754 1696 770 ‚
1723 731 1756 765 ἀ
1767 730 1940 776 Presbyter
1953 733 2119 769 Hembol-

1233 777 1295 812 dus
1318 801 1326 809 .
1358 776 1486 811 Verum
1510 777 1611 823 longe
1634 779 1726 815 aliter
1747 781 1860 816 scribit
1882 783 1917 817 in
1941 784 2119 819 noviffimo

1237 827 1452 862 Henricianae
1470 830 1830 865 excommunicationis
1852 843 1889 866 ac
1914 831 2121 878 degradatio·

1234 877 1286 911 nis
1306 876 1456 913 Decreto·
1475 878 1542 922 ipse
1564 880 1743 926 Gregorius
1757 906 1764 914 .
1791 881 1944 917 Henrico
1956 883 2119 920 inflictam

1235 929 1640 970 excommunicationem,
1665 930 1839 975 datamque
1859 931 1969 976 postea
1990 932 2120 968 absolu-

1236 978 1363 1012 tionem
1384 979 1546 1022 exponit,
1573 989 1672 1024 atque
1683 982 1905 1026 prosequitur:
1935 982 2118 1027 Episcopi&

1237 1030 1393 1076 Principes
1407 1030 1627 1062 Ultramontani
1638 1032 1793 1065 audientes
1809 1036 1968 1066 Henricum
1978 1043 2036 1066 non
2053 1031 2115 1077 ser-

1236 1090 1310 1113 vare
1334 1078 1411 1112 mibi
1426 1081 1508 1121 quod
1523 1078 1700 1122 promiserat
1712 1103 1723 1120 ,
1745 1080 1828 1124 quast
1844 1081 1994 1126 desperati
2011 1084 2049 1117 de
2066 1094 2117 1125 eo,

1229 1126 1290 1169 fine
1312 1139 1372 1162 meo
1395 1128 1503 1171 confilto
1526 1152 1537 1168 ,
1573 1129 1662 1163 vobis*
1684 1133 1774 1165 Petro
1798 1133 1832 1166 θ
1858 1134 1950 1166 Paulo
1974 1132 2119 1173 testibus,

1236 1178 1380 1223 elegerunt
1385 1177 1440 1220 sibi
1454 1179 1641 1222 Rudolpbum
1651 1182 1759 1215 Ducem
1769 1186 1802 1214 in
1814 1184 1926 1226 Regem
1935 1207 1943 1215 .
1970 1184 2037 1226 ,Qui
2048 1185 2118 1216 Rex

1236 1228 1408 1271 Rudolpbus
1426 1252 1437 1269 ,
1455 1229 1636 1270 festinanter
1658 1232 1704 1265 ad
1724 1243 1770 1266 me
1789 1232 1868 1275 misso
1888 1237 2011 1272 nuntio,
2036 1233 2116 1266 indi·

1236 1283 1321 1311 cavit
1337 1277 1372 1320 se
1391 1278 1524 1312 coaeum
1547 1282 1641 1322 Regni
1656 1280 1866 1324 gubernacula·
1873 1280 2023 1326 fiaescepss'e
2035 1306 2047 1322 ,
2072 1290 2120 1315 ta·

1238 1338 1306 1360 men
1316 1324 1378 1370 fise
1385 1334 1530 1368 paratum
1540 1327 1615 1360 mibi
1627 1333 1659 1361 in
1671 1330 1804 1363 omnibus
1815 1333 1908 1364 modis
1918 1332 2032 1365 obedire
2040 1355 2048 1363 .
2070 1334 2120 1365 Ee

1239 1385 1273 1410 ut
1292 1375 1343 1409 boc
1362 1377 1464 1410 verius
1495 1377 1630 1414 credatur
1645 1402 1657 1418 ,
1677 1376 1795 1422 semper
1816 1389 1855 1413 ex
1869 1390 1900 1413 eo
1910 1387 2038 1422 tempore
2047 1389 2120 1413 eun·

1238 1427 1304 1460 dem
1320 1425 1395 1459 mihi
1408 1424 1483 1468 mifit
1493 1423 1653 1468 sermonem
1670 1451 1680 1468 ,
1706 1430 1855 1469 adjiciens
1865 1435 1980 1470 etiam,
2000 1427 2122 1472 fliosuo

1239 1475 1333 1518 obfide
1353 1476 1388 1509 Θ
1403 1474 1506 1517 fidelis
1525 1474 1574 1518 sui
1587 1476 1749 1510 Bertboldi
1761 1480 1850 1510 Ducis
1862 1479 1945 1521 βία,
1970 1479 2048 1520 quod
2051 1486 2122 1519 pro·

1239 1525 1378 1560 mittebat
1396 1524 1522 1569 servare
1547 1548 1554 1556 .
1582 1529 1701 1560 Interea
1720 1531 1864 1561 Henricus
1885 1535 1973 1569 coeptt
1996 1539 2042 1561 me
2052 1536 2122 1569 pre·

1239 1581 1300 1608 cari
1313 1599 1324 1616 ,
1350 1584 1383 1608 ut
1393 1577 1477 1609 illum
1487 1584 1589 1609 contra
1598 1576 1777 1618 praediHum
1790 1576 1978 1620 Rudolpbum
1987 1579 2121 1619 adiuva·

1239 1637 1301 1659 rem
1316 1649 1324 1657 .
1350 1629 1414 1659 Cui
1422 1624 1561 1668 respondi
1574 1637 1620 1660 me
1631 1626 1866 1669 libenterfacere
1876 1651 1887 1668 ,
1899 1628 2005 1661 audita
2014 1624 2122 1670 utrius·

1241 1686 1295 1718 que
1311 1679 1418 1718 partis
1429 1681 1564 1716 ratione,
1594 1684 1628 1709 ut
1634 1675 1739 1720 scirem
1748 1677 1914 1719 cuijufima
1924 1683 2020 1720 magis
2023 1676 2121 1719 fave-

1240 1734 1302 1759 ret.
1331 1725 1386 1759 ilie
1403 1727 1477 1759 vero
1487 1733 1601 1767 putans
1613 1725 1679 1768 suis
1690 1725 1807 1760 viribus
1816 1738 1882 1762 eum
1889 1726 1964 1770 posse
1985 1728 2122 1772 devinfe·

1241 1787 1295 1816 re,
1321 1786 1417 1808 meam
1429 1774 1595 1817 contempsit
1603 1774 1828 1819 responfionem.
1856 1775 2123 1820 Postquamaeutem

1240 1822 1380 1868 persenfit
1400 1824 1435 1868 se
1456 1836 1513 1858 non
1532 1826 1610 1868 posse
1630 1850 1641 1866 ,
1660 1825 1734 1868 ficut
1749 1825 1909 1869 speravit,
1935 1837 2040 1870 agere,
2065 1827 2123 1859 duo

1243 1873 1383 1917 Episcopi
1399 1897 1410 1913 ‚
1435 1875 1628 1908 Theodoricus
1640 1875 1829 1918 Vtrdunenfis
1841 1877 1978 1911 videlicet
1995 1877 2030 1910 &
2040 1877 2122 1909 Ben-

1243 1934 1279 1957 no
1304 1922 1535 1968 osnabrugenfis
1548 1949 1560 1966 ,
1585 1926 1621 1959 de
1630 1924 1832 1969 consentaneis
1849 1924 1914 1970 suis
1924 1929 2049 1960 Romam
2071 1935 2124 1960 ve·

1245 1980 1352 2007 nerunt
1366 1997 1377 2014 ‚
1403 1974 1437 2007 Θ·
1449 1979 1481 2006 in
1492 1976 1598 2013 synodo
1608 1983 1742 2017 exparte
1753 1980 1873 2010 Henrici
1892 1988 1959 2018 me,
1984 1984 2020 2010 ut
2039 1980 2067 2010 ei
2070 1976 2124 2017 Ju-

1236 2023 1352 2064 stitiam
1363 2022 1498 2065 facerem
1509 2048 1519 2064 ,
1536 2034 1734 2068 rogaverunt.
1759 2027 1893 2070 ,Quod&
1903 2032 2003 2059 nuntii
2014 2025 2126 2060 Radal-

1242 2072 1299 2115 phi
1317 2072 1384 2115 fieri
1403 2073 1630 2107 laudaverunt.
1658 2075 1763 2120 Quod
1786 2076 1893 2119 ipsum
1913 2073 2023 2110 scribit
2041 2075 2127 2109 sum·

1246 2122 1319 2155 mu's
1341 2123 1495 2167 Gregorii
1528 2123 1631 2156 nostri
1652 2122 1850 2158 adversarius
1871 2148 1883 2164 ‚
1921 2125 2127 2168 Anonymus

1245 2171 1454 2206 Henricianz
1478 2171 1551 2206 vitae
1575 2173 1720 2214 Scriptor
1740 2184 1779 2206 ac
1799 2173 2044 2214 Encomiastes,
2070 2173 2126 2207 ad-

1245 2221 1325 2254 dens
1347 2220 1546 2254 Pontificem
1571 2220 1610 2253 ad
1624 2219 2004 2263 Rudolphielefflonem
2013 2221 2128 2256 tacuis-

1248 2271 1279 2303 se
1300 2294 1311 2310 ,
1339 2269 1478 2312 ideoque
1502 2267 1596 2304 fuisse
1618 2269 1703 2312 apud
1726 2268 1884 2312 quosdam
1895 2270 1935 2304 de
1945 2271 2127 2306 collusione

1248 2320 1422 2362 suspefium
1448 2343 1455 2350 .
1482 2318 1521 2353 In
1544 2328 1578 2352 re
1601 2320 1773 2355 manifesta
1794 2343 1806 2362 ,
1839 2331 1938 2364 quam
1962 2321 2063 2356 etiam
2082 2319 2129 2354 ab

1249 2370 1397 2414 Hugone
1421 2368 1655 2403 Flaviniacenfi
1685 2369 1753 2413 jam
1782 2368 1968 2405 audivimus
1988 2394 2000 2412 ,
2036 2369 2129 2405 aliud

1251 2430 1319 2453 non
1334 2419 1525 2462 praesumpsit
1550 2418 1688 2464 fingere.
1716 2418 1831 2463 Itaque
1854 2421 1998 2455 Saxones
2020 2420 2130 2454 Sacra-

1250 2478 1435 2503 mentorum
1448 2467 1643 2503 solutionem
1656 2469 1883 2505 existimarunt
1894 2482 1962 2505 non
1974 2470 2062 2513 posse
2075 2470 2131 2504 fie-

1252 2520 1277 2553 ri
1291 2517 1357 2553 fine
1372 2517 1623 2563 degradatione,
1650 2519 1684 2552 &
1697 2519 1732 2553 in
1754 2518 1868 2563 Papali
1889 2519 2049 2555 sententia
2069 2519 2131 2554 vir-

1250 2575 1356 2603 tutem
1383 2566 1497 2609 vocis,
1523 2568 1686 2611 Depofitio‚
1714 2580 1784 2603 non
1805 2569 1882 2604 satis
1900 2577 2130 2612 penetrarunt,

1252 2628 1349 2661 atque
1361 2617 1405 2652 ita
1419 2618 1459 2651 ad
1473 2618 1559 2652 varie
1571 2618 1772 2663 arguendum
1786 2617 2065 2662 prudentissimum
2083 2626 2132 2652 at·

1254 2680 1317 2713 que
1342 2667 1544 2710 justiffimum
1567 2667 1764 2713 Gregorium
1786 2666 1959 2701 deviarunt
1979 2693 1987 2700 .
2023 2666 2131 2714 Qod

1256 2730 1324 2752 non
1338 2717 1393 2751 nifi
1408 2717 1479 2761 post
1492 2717 1664 2751 biennium
1677 2717 1898 2763 degradaverit
1919 2718 2105 2752 Henricum
2115 2740 2130 2758 ,

1257 2770 1315 2803 suo
1325 2767 1401 2802 loco
1412 2766 1600 2801 ostendetur
1612 2794 1619 2800 .
1645 2769 1688 2802 Et
1699 2766 1766 2801 haec
1777 2767 1816 2801 ad
1830 2768 1991 2811 praesentis
2010 2767 2131 2800 Decre-

1257 2819 1282 2853 ti
1306 2817 1502 2852 intellectum
1513 2827 1609 2861 atque
1621 2816 1888 2862 expurgationem
1910 2817 1972 2851 fiut
1991 2815 2131 2851 breviter

1248 2868 1344 2903 'dicta
1357 2891 1364 2898 -

1311 2916 1413 2963 Qod
1426 2916 1521 2960 porro
1542 2916 1841 2952 excommunicatio
1862 2928 1932 2952 non
1952 2916 2055 2952 solam
2074 2925 2133 2950 no-

1261 2966 1356 3002 stram
1368 2968 1511 3002 animam
1521 2990 1532 3007 ,
1556 2966 1609 3002 sed
1620 2967 1655 3000 &
1666 2978 1782 3011 corpus
1793 2977 1892 3002 exuat
1911 2967 2042 3002 Divinae
2063 2977 2134 3011 gra·

1263 3019 1316 3052 tiae
1327 3016 1443 3051 viribus
1456 3042 1467 3058 ‚
1492 3029 1529 3052 ac
1540 3018 1669 3060 insuper
1679 3018 1714 3051 in
1736 3016 1825 3052 bello
1849 3015 1960 3052 reddat
1980 3025 2134 3052 enervem.

1263 3078 1360 3112 atque
1381 3067 1543 3102 infelicem
1556 3092 1567 3109 ,
1589 3066 1734 3111 pluribus
1743 3068 1879 3101 affirmat
1891 3068 2068 3112 Gregorius
2078 3075 2136 3100 no-

1264 3119 1325 3152 ster
1336 3118 1371 3151 in
1383 3117 1497 3152 litteris
1505 3116 1553 3151 'ad
1566 3116 1682 3151 Sancto
1693 3116 1792 3153 Petro
1804 3116 1932 3152 fidelem
1943 3116 2128 3153 Germaniae

1266 3167 1398 3202 Clerum
1420 3167 1640 3212 &populum,
1666 3167 1700 3202 ὅ(
1720 3167 1755 3202 in
1779 3168 1894 3203 litteris
1915 3166 1956 3202 ad
1978 3169 2135 3210 Berenga·
2150 3156 2211 3188 Ub-
2235 3166 2270 3195 5·

1267 3218 1350 3252 rium
1363 3217 1558 3261 Episcopum
1579 3217 1845 3252 Gerundensem.
1874 3218 1917 3252 Et
1941 3217 2041 3252 redte.
2061 3215 2134 3248 Ete-

2152 3200 2205 3235 Ep-
2227 3208 2270 3232 15.

2154 3237 2211 3268 Lib.
2242 3245 2268 3267 6.

1267 3268 1337 3303 nim
1348 3267 1387 3301 de
1400 3267 1561 3302 Militibus
1573 3269 1589 3300 ὲ
1604 3269 1722 3302 Sancto
1742 3268 1917 3303 Wolstano
1941 3264 2136 3312 vigornensi
2155 3279 2202 3317 Ep,
2227 3284 2270 3311 15·

347 3319 382 3351 (Ὗ
407 3319 556 3357 Principes
567 3318 844 3357 Ultra-Montanos,
870 3321 922 3357 ‘1¹⁴¹'
941 3321 968 3349 ‘’1'
988 3314 1210 3358 causajuffionis
1270 3317 1431 3362 Episcopo
1440 3317 1731 3353 excommunicatis
1751 3318 1862 3352 scribit
1882 3314 2076 3359 Radulphus
2095 3313 2137 3348 de

1272 3369 1393 3403 Diceto
1419 3382 1427 3401 :
1452 3372 1511 3401 Res
1522 3369 1686 3409 miranda,
1711 3371 1746 3403 &¹
1758 3372 1816 3401 Dei
1826 3373 1927 3401 virtus
1938 3390 1949 3405 ‚
1974 3367 2008 3400 <5
2019 3369 2080 3399 viri
2091 3364 2138 3397 bo-

2013 3469 2092 3501 tian-

1274 3424 1373 3451 nitas.
1401 3423 1487 3452 Naem
1492 3417 1595 3459 statim
1608 3418 1696 3460 hostes
1719 3425 1808 3453 tanta
1830 3416 2023 3452 membrorum
2036 3422 2141 3456 percu·
2159 3400 2181 3429 Α
2212 3398 2295 3429 1083·
