2352 3756
878 147 935 195 I
980 146 1042 194 N²
1102 146 1162 191 D*
1221 142 1288 191 E?
1330 146 1395 192 X.

1868 171 1875 178 '
1896 168 1990 217 3‘99

216 240 381 279 Monachi
408 241 450 276 de
472 233 676 276 Monasterio
697 230 854 286 exeuntes
876 240 942 275 fine
963 241 998 274 su
1010 226 1110 272 orumi
1136 239 1163 277 1*
1219 248 1288 271 non
1300 236 1404 281 potest
1416 242 1542 278 emere}
1566 242 1616 275 vel
1631 254 1698 279 non
1710 235 1810 281 habet
1820 245 1910 289 unde
1938 259 2048 290 emat,

267 291 582 341 Abbatumlicentia
593 317 604 337 2
624 303 692 337 non
704 291 900 335 recipiantur
915 315 924 327 ,
1030 288 1099 325 126

313 346 377 367 Urs)
389 346 419 368 2]
691 361 694 365 .
744 344 749 346 “
759 343 775 364 ’.-

638 393 681 440 N·

271 494 566 529 NNarbonensem
591 493 791 541 Episcopum
814 491 971 525 sententia
994 492 1113 541 Depo-5

294 544 441 583 litionis,
467 553 565 586 atque
581 541 948 577 Excommunicationis
973 552 1028 583 pet·
1047 541 1103 574 Le·

274 605 369 638 gatos
391 592 591 635 Apostolicae
616 592 710 626 Sedis·
726 591 929 636 promulgata
943 615 954 631 ,
979 593 997 623 a
1024 590 1106 624 Gre-

272 644 372 689 gorio
392 642 468 677 V11.
491 643 526 676 in
550 644 666 677 ostavo
686 643 845 683 Romano
871 640 1028 679 Concilio
1055 641 1106 672 fir·

273 703 400 728 matur.
1042 699 1109 735 327

221 744 471 789 Naufragorum
508 742 596 777 bona
621 742 680 786 sub
706 739 938 776 Anathematis
965 737 1101 772 vinculo

274 794 419 837 usurpari
441 792 673 836 prohibentur.
1063 797 1105 834 55

223 843 424 891 Negotiator
444 843 614 877 Poenitens
628 852 696 875 non
707 839 813 883 potest
825 849 934 873 veram
951 839 1106 886 poeniten-

271 894 354 928 tiam
373 901 548 935 peragere,
576 901 632 934 per
653 900 751 933 quarn
771 888 877 924 valeat
902 889 943 923 ad
956 898 1107 927 aeternam

273 943 377 977 vitam
396 941 581 986 pervenire,
605 939 665 973 nili
690 940 863 983 negotium
874 938 1078 983 derelinquat
1095 964 1101 971 .

222 1003 380 1080 Noigerti
394 1039 557 1075 Curienfis
567 1038 722 1083 Episcopi
732 1038 959 1075 ordinationes
990 1050 1107 1073 omnes

271 1092 307 1131 ἀ
317 1090 579 1126 consecrationes
590 1089 720 1132 penitus
729 1089 980 1132 irritaejudicatae
1007 1090 1082 1123 sunt
1095 1113 1107 1130 ‚

269 1142 364 1185 juxta
383 1140 525 1176 Decreta
547 1139 730 1173 sanctorum
757 1138 892 1173 Parrum
905 1162 916 1178 ‚
940 1139 1103 1181 Innocen-

271 1191 330 1232 tii,
356 1188 518 1225 Leonis‘l.
529 1187 657 1234 Pelagii
671 1212 683 1229 ,
709 1198 808 1233 atque
823 1187 890 1231 ejus
916 1189 1104 1224 successoris

270 1240 428 1285 Gregorii
439 1240 464 1273 1.
1037 1239 1103 1288 346

222 1290 407 1330 Norbertus
416 1287 825 1325 CurienfisAnathematis
847 1290 1006 1325 sententia
1027 1300 1103 1325 cum

274 1340 463 1376 ardentibus
473 1340 619 1376 candelis
629 1340 665 1374 in
674 1339 1021 1390 Qintilinoburgenfi
1043 1342 1102 1384 Sy-

275 1391 369 1426 nodo
379 1391 557 1435 percutitur
568 1416 576 1423 .
1034 1401 1078 1439 39
1085 1401 1099 1426 1

222 1441 445 1483 Nortrnannis
455 1452 551 1477 terras
569 1440 679 1487 Sancti
696 1441 806 1483 Petri,
832 1441 896 1476 &c-
920 1441 1077 1477 invadere
1090 1465 1101 1481 ,

270 1491 325 1527 vel
334 1490 506 1535 depraedari
518 1490 783 1536 praesumentibus
792 1492 898 1536 gratia
911 1491 1020 1527 Sancti
1044 1491 1102 1526 Pe-

269 1541 338 1583 tri,
362 1541 562 1577 &introitus
572 1540 724 1576 Ecclefiae
734 1542 835 1585 usque
848 1540 889 1575 ad
913 1542 1102 1577 satisfaffio-

268 1591 589 1627 neminterdicitur.
615 1602 695 1638 214·
706 1591 740 1626 Si
753 1591 826 1635 quis
837 1591 989 1627 adversus
1011 1591 1102 1628 habi-

265 1649 388 1675 tatores
396 1640 514 1675 harum
524 1650 679 1675 terrarum
691 1641 834 1684 aliquam
844 1640 961 1684 justam
973 1645 1102 1678 causam

268 1687 442 1730 habuerit,
467 1689 554 1733 prius
566 1689 584 1723 a
595 1689 676 1724 Sede
686 1689 840 1723 Romana
850 1712 861 1728 ,
887 1692 940 1725 vel
949 1692 968 1724 a
980 1692 1103 1725 Recto-

266 1737 380 1779 tibus,
406 1739 461 1773 seu
471 1739 634 1774 Ministris
643 1738 727 1773 inibi
736 1738 924 1774 constitutis
946 1738 1101 1783 justitiam

270 1788 414 1838 requirat
426 1812 439 1834 2
463 1789 527 1829 dcc.
1033 1799 1102 1837 214

634 1893 678 1926 O.

315 1989 426 2024 Blatio
436 1991 454 2023 a
465 1989 614 2034 quolibet
626 1987 817 2024 Christiano
827 1989 863 2023 in
883 1988 987 2023 Missae
1008 1988 1100 2023 sacri-

341 2040 396 2073 cio
407 2039 475 2073 fieri
483 2038 580 2072 debet
593 2063 601 2071 .
1032 2048 1100 2075 100

219 2089 457 2128 Ordinationes
477 2089 609 2123 illorum
624 2111 635 2128 ‚
661 2088 719 2132 qui
741 2088 782 2123 ab
806 2089 1101 2123 excommunicatis

271 2141 347 2174 sunt
356 2138 520 2179 ordinati,
552 2138 649 2173 irritae
659 2139 852 2173 censentur.
1054 2150 1099 2186 57

220 2190 459 2225 Ordinationes
482 2215 493 2230 ,
527 2200 600 2233 quae
622 2188 857 2223 interveniente
879 2189 982 2232 pretio
1001 2212 1012 2228 ,
1039 2191 1101 2224 &c.

269 2241 358 2274 fiunt
377 2263 388 2279 ,
418 2239 520 2273 irritas
541 2239 574 2273 δε
593 2239 738 2273 infirmas
755 2240 818 2273 effe
848 2238 997 2274 statuitur
1009 2265 1016 2272 .
1044 2251 1099 2288 71.

268 2288 362 2324 Idem
373 2287 549 2323 dicendum
560 2288 600 2322 de
621 2288 910 2328 ordinationibus,
937 2301 1009 2332 quae
1032 2301 1100 2324 non

270 2339 443 2374 communi
458 2340 618 2372 consensu
639 2338 728 2372 Cleri
749 2340 784 2373 ὃ(
803 2339 916 2386 populi
937 2340 1019 2373 fiunt
1033 2363 1043 2379 ,
1069 2340 1102 2373 ὅ(

268 2389 311 2423 ab
323 2387 374 2422 his
386 2389 426 2423 ad
437 2399 520 2432 quos
532 2389 733 2424 consecratio
746 2389 886 2433 pertinet
895 2411 906 2428 ,
931 2400 1001 2424 non
1013 2399 1104 2424 com-

269 2439 467 2482 probantur.
1057 2451 1100 2487 71

218 2488 423 2523 Ornamenta
435 2488 585 2523 Ecclesiae
594 2489 658 2523 fine
673 2499 758 2523 certa
772 2490 914 2524 utilitate
925 2513 936 2529 ‚
961 2498 1018 2524 aut
1032 2500 1103 2534 gra-

269 2540 303 2573 vi
332 2539 517 2574 necessitate
543 2539 697 2582 Episcopi
718 2540 869 2574 Ecclefiis
888 2550 958 2573 non
980 2539 1102 2573 (hbtra-

268 2588 366 2623 hant.
1035 2600 1120 2636 119·

218 2639 316 2674 Otho
333 2638 616 2673 Hildeshemenfis
627 2639 809 2684 Episcopus
822 2663 833 2679 ,
858 2639 890 2673 ὃ(
902 2637 997 2675 Otho
1011 2640 1102 2674 Con-

267 2689 449 2723 stantienlis
476 2689 656 2732 Episcopus
695 2690 729 2723 in
757 2689 1101 2736 Qintilinoburgenfi

268 2738 405 2781 Synodo
430 2739 760 2775 excommunicantur
772 2765 779 2777 .,
1034 2751 1099 2794 391

645 2840 682 2874 P.

293 2939 409 2974 Astore
422 2939 557 2982 alicujus
574 2940 724 2975 Ecclefiae
744 2939 900 2975 defunsto
917 2965 927 2980 ‚
953 2941 1034 2975 alius
1053 2941 1097 2976 est
1114 2955 1117 2979 ι

315 2990 344 3024 ei
359 2989 530 3023 Canonice
542 2991 765 3035 subrogandus
776 2991 931 3024 instantia
944 2992 1100 3026 Vifitato-

268 3039 311 3073 ris
327 3040 504 3083 Episcopi,
523 3040 579 3082 qui
593 3041 622 3075 ei
635 3041 675 3075 ab
688 3040 879 3085 Apostolica
902 3042 954 3075 vel
976 3042 1115 3076 Metro-i

267 3089 413 3133 politana
427 3088 508 3124 Sede
519 3089 655 3124 directus
664 3091 709 3124 est
721 3117 728 3123 .
1030 3104 1050 3128 2
1059 3095 1100 3128 16

218 3138 409 3173 patriarcha
422 3139 637 3184 Aquilejensis
649 3164 660 3180 ,
686 3142 719 3174 &
732 3140 904 3187 Gradenlis
916 3166 923 3173 .

216 3188 376 3224 Peccator
388 3213 398 3229 ,
423 3189 478 3232 qui
492 3191 521 3222 se
532 3190 667 3233 aliquod
680 3202 778 3234 grave
789 3192 911 3225 crimen
925 3192 1097 3226 commisis-

1032 3145 1114 3178 111³

1186 310 1189 312 Α
1218 287 1261 372 {b
1273 287 1577 337 Excommunlcatis
1590 293 1769 337 aecipiendi
1782 297 1916 333 licentia
1929 308 2049 333 conce-

1172 358 1174 360 ·
1244 348 1334 372 Ιωΐ.χ
1368 355 1376 360 ”
1410 351 1424 359 “’
1501 347 1506 356 ³
1675 345 1677 347 ¹
1704 353 1707 355 ’
1815 352 1819 363 ”
2002 347 2049 383 60

1141 387 1284 432 'Petrus
1324 388 1617 423 Ex-Cancellarius
1644 390 1681 431 in
1701 391 2047 442 Qintilinoburgenss

1220 439 1356 481 Synodo
1369 439 1677 474 excommunicatur
1688 447 1707 473 .’
1978 458 2047 494 391

1171 488 1257 523 Petri
1275 487 1412 535 &Pauli
1426 490 1663 535 Apostolorum
1675 489 1710 532 in
1722 501 1756 531 re
1765 491 2048 536 arduapraelidium

1220 537 1373 582 implorat
1388 540 1562 573 Romanus
1572 539 1749 574 Pontifex'l
1766 537 1854 588 ¹227.
1865 543 1991 579 ‘Eorum
2012 547 2048 580 fi-

1219 588 1315 622 ducia
1329 589 1399 633 post
1411 590 1599 624 Dominum
1610 613 1621 628 ‚
1646 590 1680 624 &
1693 587 1916 635 Matrem3ejus
1926 595 2047 638 semper

1175 656 1178 660 Δ
1222 638 1397 682 Virginem
1412 663 1422 678 ,
1449 640 1596 683 pravis&
1607 639 1731 683 iniquis
1740 640 1855 674 resistit
1868 665 1875 673 .
1909 658 1912 661 ·
1979 654 2046 690 227

1163 685 1256 723 'Petri
1283 689 1318 722 &
1352 688 1446 722 Pauli
1471 689 1710 732 Apostolorum
1731 690 1831 725 fultus
1849 680 2048 728 authoritate

1221 738 1395 773 Romanus
1431 739 1588 774 Pontifex
1626 740 1741 783 Reges
1753 742 2024 777 'excommunicat
2037 769 2048 784 ,

1218 789 1340 833 Regno
1353 790 1477 833 privat,
1504 788 1714 833 subditosque
1728 789 1746 823 a
1768 788 1952 833 juramento
1969 793 2047 828 fide-

1219 838 1321 872 litatis
1331 839 1481 874 absolvit.
1753 857 1757 883 χ
1786 846 1802 859 ³*
1976 841 2046 894 228

1170 887 1284 922 Petrus
1294 889 1329 923 ὃς
1339 888 1459 924 Paulus
1470 889 1623 934 Apostoli
1634 915 1645 932 ‚
1665 890 1747 924 ficut
1760 891 1891 935 poffunt
1902 891 1939 924 in
1961 895 2046 927 coelo

1219 938 1320 982 ligare
1332 964 1343 979 ‚
1367 940 1402 980 ἀ
1413 939 1536 975 solvere
1549 966 1560 982 ‚
1587 940 1633 979 ita
1645 941 1825 987 poffuntin
1835 948 1933 976 terra*
1943 942 2047 986 Impe-

1217 988 1264 1021 ria
1285 1012 1297 1028 ,
1323 988 1442 1034 Regna
1462 1013 1473 1031 ,
1499 990 1729 1034 principatus,
1755 991 1817 1026 &c-
1841 1002 1900 1035 pro
1923 992 2046 1027 meritis

1218 1037 1333 1073 tollere
1344 1039 1524 1084 unicuique
1533 1041 1567 1075 ὃς
1577 1041 1754 1075 concedere
1763 1065 1771 1073 .
1843 1037 1847 1042 ’
1973 1052 2044 1089 229

1170 1086 1463 1123 Poenitentiaefalsae
1476 1090 1555 1134 quid
1568 1091 1651 1125 fint?
1870 1106 1882 1112 w
1999 1102 2045 1140 74

1169 1137 1374 1173 Poenitentiae
1384 1140 1469 1174 falsae
1488 1140 1640 1175 cavendae
1654 1139 1696 1174 ab
1719 1141 1759 1175 iis
1780 1141 1936 1177 omnibus
1949 1167 1959 1182 ‚
1986 1144 2046 1186 qui

1217 1197 1338 1223 aeternae
1356 1190 1579 1225 damnationis
1601 1201 1710 1234 poenas
1730 1192 1885 1232 evadere,
1912 1194 1945 1226 δε
1965 1204 2047 1226 verse

1219 1238 1431 1274 beatitudinis
1441 1240 1581 1284 gloriam
1595 1242 1732 1283 cupiunt
1744 1242 1862 1275 intrare
1872 1267 1879 1274 .
1975 1253 2043 1288 215

1167 1287 1376 1324 Poenitentiae
1398 1290 1483 1329 falsae
1504 1302 1575 1325 non
1596 1289 1706 1326 delent
1716 1301 1809 1326 vetus
1820 1292 2043 1327 commissum.

1215 1350 1296 1386 215·

1166 1388 1374 1425 Poenitentiae
1385 1402 1453 1426 non
1467 1393 1541 1428 sunt
1553 1392 1595 1428 ab
1616 1392 1656 1426 iis
1677 1387 1822 1436 petendae
1834 1418 1845 1433 ,
1872 1393 1906 1427 in
1930 1392 2046 1436 quibus

1214 1451 1275 1474 nec
1284 1440 1454 1486 Religiosa
1466 1443 1533 1478 vira
1544 1468 1554 1484 ,
1583 1453 1643 1477 nec
1663 1444 1708 1477 est
1732 1443 1922 1476 consulendi
1949 1443 2047 1476 scien-

1213 1490 1259 1524 tia
1273 1514 1284 1531 ,
1305 1491 1360 1533 qui
1372 1493 1499 1527 animas
1512 1492 1684 1527 hominum
1699 1493 1803 1537 megis
1814 1493 1850 1526 od
1867 1493 2046 1533 interitum,

1214 1541 1313 1582 quam
1325 1541 1366 1576 ad
1379 1544 1514 1577 salutem
1526 1543 1652 1578 ducunt
1667 1556 1678 1576 .-
1704 1545 1766 1577 .Sed
1779 1543 1888 1583 abiis,
1913 1543 1967 1585 qui
1985 1544 2046 1577 Re-

1216 1590 1343 1636 ligione
1368 1616 1380 1632 ,
1415 1594 1452 1627 &
1478 1593 1706 1640 scripturarum
1731 1594 1877 1627 doctrina
1901 1592 2044 1626 instructi

1214 1640 1302 1675 viam
1313 1642 1457 1677 veritatis
1467 1642 1502 1676 ἅ.-
1513 1644 1622 1679 salutis
1633 1643 1803 1678 ostendere
1814 1645 1956 1677 valeant.
1975 1654 2043 1688 215

1164 1687 1366 1723 Poenitentia
1378 1702 1451 1725 vera
1462 1693 1532 1734 post
1543 1692 1747 1740 commissum
1762 1693 1896 1735 alicujus
1919 1695 2047 1736 gravio-

1215 1737 1259 1771 ·ris
1271 1738 1418 1773 criminis
1429 1740 1474 1773 ita
1501 1743 1534 1774 se
1553 1738 1772 1785 unusquisque
1793 1743 1833 1776 ad
1858 1744 2048 1776 Dominum.

1215 1797 1385 1821 convertat
1409 1812 1421 1828 ‚
1445 1798 1481 1822 ut
1501 1791 1619 1825 relictis
1639 1790 1794 1825 omnibus
1817 1790 2047 1834 iniquitatibus

1215 1837 1281 1872 suis
1291 1861 1302 1878 ‚
1319 1836 1438 1872 deinde
1449 1838 1484 1872 in
1496 1839 1651 1875 fructibus
1662 1838 1755 1874 bonae
1768 1842 1969 1883 operationis
1979 1853 2048 1885 per-

1216 1898 1361 1923 maneat.
1974 1903 2042 1938 215

1165 1935 1402 1973 Poenitentiam
1414 1952 1521 1975 veram
1533 1941 1575 1975 de
1589 1943 1776 1987 perpetratis
1789 1942 1991 1976 facinoribus
2002 1945 2044 1976 fa-

1213 1998 1285 2022 cere
1296 1999 1363 2022 non
1379 1990 1424 2023 est
1436 1991 1616 2024 credendus
1628 2016 1639 2031 ,
1668 1993 1725 2034 qui
1738 1993 1845 2026 aliena
1858 1991 1945 2026 bona
1967 1992 2044 2025 diri-

1214 2038 1310 2080 puit,
1335 2038 1438 2078 δίει,
1464 2052 1540 2074 cum
1564 2041 1683 2083 poffit‚
1708 2041 1842 2075 reddere
1860 2041 1912 2074 vel
1936 2053 2048 2076 emen-

1214 2086 1291 2120 dare
1303 2088 1461 2122 noluerit:
1490 2088 1553 2122 Vel
1565 2090 1622 2132 qui
1644 2102 1732 2124 arma
1754 2100 1868 2123 contra
1887 2089 2046 2131 justitiam

1216 2137 1392 2180 portaverit
1405 2163 1415 2178 ,
1442 2148 1498 2172 aut
1510 2137 1638 2175 ordinm
1652 2140 1686 2173 in
1711 2140 1809 2174 corde
1827 2140 1966 2179 retinet,
1994 2141 2045 2175 vel

1216 2186 1274 2233 qui
1292 2186 1478 2230 hujusmodi
1501 2189 1784 2233 negotiationibus
1800 2212 1810 2227 ,
1847 2199 1905 2223 aut
1925 2191 2045 2225 officiis

1216 2236 1402 2280 implicatus
1413 2238 1509 2271 fuerit
1522 2262 1534 2278 ,
1561 2249 1631 2280 quae
1644 2240 1711 2272 sine
1724 2239 1836 2273 fraude
1846 2264 1857 2280 ‚
1883 2240 1948 2272 fine
1966 2241 2046 2274 falfi-

1215 2294 1305 2327 tate,
1331 2286 1556 2326 fineinvidia,
1581 2289 1646 2324 fine
1677 2288 1870 2333 deceptione
1889 2290 2045 2330 fratrum,

1217 2347 1364 2371 exercere
1379 2350 1445 2371 non
1459 2338 1554 2382 poffit
1567 2364 1574 2371 .
1974 2352 2042 2387 215

1167 2386 1336 2421 Poenitens
1349 2388 1457 2422 nullus
1470 2388 1659 2431 suscipiatur
1669 2389 1736 2423 sine
1748 2389 1862 2434 litteris
1887 2390 2043 2434 Episcopi

1218 2437 1266 2470 sui
1281 2460 1291 2477 ‚
1318 2438 1375 2471 nili
1384 2437 1466 2472 forte
1478 2439 1574 2473 fuerit
1588 2439 1769 2485 Episcopus
1790 2449 1938 2474 mortuus
1952 2464 1962 2479 ,
1987 2452 2045 2474 aut

1215 2497 1523 2522 excommunicatus
1537 2514 1544 2520 .
1976 2503 2045 2528 112

1167 2537 1333 2571 Poenitens
1343 2538 1492 2581 publicus
1507 2550 1574 2572 non
1587 2539 1690 2583 potest
1703 2550 1791 2574 arma
1812 2539 1935 2584 gestare
1952 2566 1962 2581 ‚
1989 2553 2046 2575 ne-

1215 2599 1279 2631 que
1291 2589 1451 2632 negotiari
1465 2614 1471 2620 .
1997 2602 2044 2640 74

1166 2637 1385 2680 Presbyteris,
1412 2638 1620 2674 Diaconibus
1630 2665 1640 2680 ,
1652 2641 1685 2674 &
1699 2638 1961 2675 Subdiaconibus
1975 2652 2043 2684 per-

1212 2698 1309 2732 petua
1323 2712 1334 2728 ‚
1359 2688 1451 2731 juxta
1462 2690 1601 2725 Decreta
1615 2691 1806 2725 sanctorum
1817 2690 1952 2725 Parrum
1964 2716 1975 2732 ‚
1990 2691 2040 2724 in-

1212 2738 1297 2773 dina
1309 2738 1355 2772 est
1366 2739 1573 2774 continentia
1589 2766 1595 2776 ,
1974 2751 2043 2788 352

1577 2841 1620 2875 R.

1261 2941 1397 2974 Omanae
1405 2940 1495 2975 Sedis
1509 2952 1677 2985 nunquam
1690 2941 1766 2976 licet
1776 2940 1935 2984 judicium
1947 2952 2042 2977 retra·

1285 2992 1365 3025 stare
1376 3013 1386 3030 ,
1413 2989 1495 3025 &de
1506 2991 1708 3034 ejusjudicio
1729 2991 1887 3034 judicare.
1968 3001 2038 3039 344

1162 3041 1320 3075 Romanae
1332 3039 1420 3077 Sedis
1434 3042 1548 3084 praedia
1575 3042 1608 3075 in
1634 3042 1861 3084 proprietatem
1884 3042 2039 3084 usurpan-

1208 3101 1275 3130 tes,
1301 3091 1351 3125 vel
1371 3091 1509 3125 scienter
1519 3091 1724 3125 occultantes
1738 3116 1748 3131 ‚
1774 3091 1835 3124 &a
1853 3090 1932 3123 iram
1946 3091 2035 3132 Dei,

1207 3142 1239 3175 &
1250 3142 1440 3175 Sanctorum
1454 3141 1690 3185 Apostolorum
1703 3140 1792 3175 velut
1816 3141 1961 3186 sacrilegi
1987 3142 2038 3176 in-

1207 3203 1341 3225 currunt
1357 3217 1363 3223 .
1990 3201 2036 3238 99

267 3240 300 3273 se
311 3241 500 3283 cognoscit,
513 3240 658 3273 animam
671 3241 758 3273 suam
769 3241 979 3284 prudentibus
990 3243 1024 3276 &
1038 3242 1098 3275 Re·
1110 3266 1113 3293 5
1160 3242 1315 3275 Romanae
1328 3240 1417 3276 Sedis
1429 3242 1591 3275 Primatus
1604 3242 1705 3275 totius
1716 3241 1839 3284 Synodi
1854 3241 2039 3289 (Qintili·

266 3289 390 3334 ligiofis
404 3289 480 3323 viris
489 3290 659 3323 commitat
671 3314 681 3330 ‚
708 3302 743 3324 ut
755 3302 808 3333 per
821 3303 928 3325 veram
941 3293 1097 3335 poeniten-

266 3339 347 3373 tiam
362 3349 571 3383 peccatorum
584 3340 715 3377 suorum
737 3352 857 3375 certam
882 3343 1097 3386 consequatur

269 3399 397 3423 veniam
410 3414 417 3421 .

320 3487 427 3536 Chriffl
440 3493 519 3532 Lupi
529 3495 626 3534 Opera
639 3494 672 3523 T.
685 3495 734 3524 VI.

1020 3403 1063 3429 21

219 3437 399 3483 Peregrino
426 3440 461 3473 in
487 3447 568 3474 terra
590 3440 964 3477 Excommunicatorum
986 3467 996 3483 ,
1038 3403 1112 3491 υὶξιῖ

1208 3291 1437 3336 noburgenfis)
1462 3292 1590 3334 publica
1604 3291 1796 3335 professione
1809 3291 1977 3332 laudatus,
2003 3292 2035 3324 ὃς

1207 3342 1435 3375 confirmatus.
1964 3349 2031 3386 344

1162 3394 1326 3426 Romanus
1340 3391 1492 3426 Pontifex
1517 3391 1751 3433 Apostolorum
1773 3391 1862 3425 Perti
1883 3392 1915 3424 &
1935 3388 2032 3422 Pauli

1208 3440 1405 3478 authoritate
1416 3442 1513 3476 fultus
1533 3441 1914 3485 Regesexcommunicat
1929 3463 1940 3478 ,
1967 3439 2034 3473 Re-

1582 3493 1610 3526 L
1632 3492 1643 3525 l
1695 3504 1717 3529 2
1913 3499 1981 3534 gno
