2372 3756
643 181 918 227 QUINTUM
950 165 1274 210 Romnum
1304 166 1694 215 COthtrtJM.

253 255 316 297 flat
338 265 383 287 eos
405 260 509 286 contra
524 250 629 294 sacras
647 251 780 293 Regula:
803 258 889 291 agere
903 269 911 277 .
936 245 1046 279 verum
1067 250 1136 286 quia

259 310 386 340 crimina
397 314 454 336 non
465 304 596 344 aequalia
605 299 679 343 sunt
689 323 700 339 ‚
721 295 916 341 perhibesque
939 296 1013 327 alio:
1034 293 1136 327 horum

253 363 379 398 propter
390 349 514 388 nimiam
529 350 733 385 hebetudinem
746 354 778 380 in
789 345 1021 389 desperationem
1046 343 1136 387 abiis-

255 404 289 448 se
302 430 313 446 ,
336 406 408 438 alios
418 402 451 436 ob
463 401 512 435 boc
523 402 566 434 ad
578 404 715 444 Paganos
717 397 818 440 suggff
813 407 828 429 e
837 420 849 435 ,
874 395 930 428 tibi
940 393 990 426 boc
1011 399 1138 426 commit-

258 460 348 488 timus
367 453 578 486 decernendum
598 477 609 492 ‚
644 449 783 482 nimiarum
802 449 854 487 qui
878 445 939 477 loca
965 444 999 480 (τί
1022 451 1137 485 tempus

257 509 384 549 »fregdonis
397 504 478 536 illius
491 526 503 543 ,
527 504 700 541 modumque
709 498 823 537 culpe,
851 505 902 527 nec
919 503 978 526 non
1002 494 1135 535 &pa-nr·

254 560 386 589 centiam
412 555 582 596 &gemitus
593 550 741 583 bominum
752 547 797 578 ad
804 544 994 586 confefflonem
1017 548 1139 600 *uenien-

255 611 332 637 tium
345 629 356 644 ,
379 599 624 646 preesenqul‘uus
635 596 776 640 inspicere
786 595 872 629 vales
886 619 893 626 .
918 594 1036 650 Franci
1058 593 1141 628 sem·

254 666 312 697 per
325 665 412 688 arma
437 652 603 696 plusquam
614 648 727 684 cibum
752 647 786 680 &
799 654 913 689 potum
925 642 1112 700 dilexerunt
1130 667 1138 674 .

254 705 306 738 Hi
313 703 439 739 ncillos
448 702 487 735 ad
497 700 563 743 ipsa
576 698 647 741 post
672 698 830 742 peractam
853 702 1081 738 poenitentiam
1092 703 1139 727 re-

257 755 328 788 dire
351 751 508 787 Nicolaus
540 748 700 783 Pontifex
722 743 952 789 dispensatorie
986 741 1135 776 indulsit.

256 803 384 842 Eadem
395 800 435 834 de
446 800 542 835 causa
552 798 691 836 eandem
710 797 849 842 gratiam
870 793 948 831 fecit
962 794 1111 849 Wimaro

247 851 382 886 -Verum
392 861 505 885 contra
517 849 602 884 solos
615 848 775 892 paganos.
805 846 848 878 Et
859 844 925 887 ipse
937 841 982 875 est
994 852 1137 899 omnino

254 902 401 944 primus,
427 901 481 944 qui
494 901 618 934 avitum
629 897 776 932 Canonis
800 895 941 939 rigorem
962 891 1137 948 legitur-fic

254 950 434 996 mitigasse.
465 950 575 996 Qare
594 947 764 988 Remenfis
783 946 842 979 sub
861 944 998 988 Ioannis
1015 941 1136 976 decimi

252 999 381 1044 Papatu
406 1010 460 1043 per
469 998 648 1043 Seulphum
661 995 952 1039 Archiepiscopum
974 991 1136 1032 celebrata

251 1050 424 1093 synodus,
453 1060 525 1094 quae
545 1048 771 1086 Suessionenfis
793 1046 878 1080 inter
890 1043 1076 1097 Robertum
1101 1042 1135 1075 &

252 1100 410 1136 Carolum
431 1099 540 1144 Reges
560 1099 668 1145 civilis
679 1098 757 1132 belli
782 1094 944 1148 militibus
968 1091 1134 1148 publicam

249 1149 396 1193 injunxit
422 1146 647 1193 poenitentiam
670 1172 682 1188 ,
709 1148 857 1189 variaque
878 1144 999 1187 jeju-nia
1023 1163 1034 1180 2
1058 1151 1133 1175 cum

247 1199 315 1235 hac
325 1200 519 1242 exceptione
529 1212 540 1234 .·
567 1197 638 1239 Nisi
645 1210 712 1232 eum
721 1198 831 1231 militia
842 1196 999 1248 detentum.
1008 1192 1060 1234 (sse
1071 1201 1136 1224 con—

246 1255 370 1294 xigerit.
398 1250 504 1290 Haec,
527 1249 661 1290 inquam
674 1271 685 1287 ,
708 1245 865 1292 Synodus
878 1244 1021 1283 nimium
1037 1242 1132 1275 reces-

241 1300 288 1334 ‚fit
301 1299 342 1334 ab
353 1299 486 1343 antiqua
497 1298 666 1341 disciplina
677 1323 687 1339 ‚
714 1296 951 1342 &grassantem
976 1292 1033 1324 suo
1055 1301 1135 1324 tem-

249 1360 332 1392 pore
353 1350 523 1383 laxitatem
543 1349 651 1385 secuta
670 1347 716 1380 est
736 1370 747 1386 ,
784 1355 855 1382 nort
874 1343 949 1377 ausa
968 1351 1109 1383 reparare
1125 1364 1134 1371 .

245 1399 357 1442 Ipsam
367 1397 445 1442 ergo
466 1396 573 1433 adhuc
583 1396 715 1441 gravius
740 1395 861 1435 ubique
882 1391 1132 1447 grassantem-re:

248 1448 376 1492 paravit
399 1457 598 1489 utcumque,
623 1445 740 1487 nempe
761 1446 854 1486 juxta
871 1439 1132 1495 Nicolanpnmr

243 1497 496 1540 mitigationem
511 1518 522 1534 ,
547 1492 721 1528 noster-hic
737 1491 932 1536 Gregorius.
960 1489 1055 1544 Qrd
1077 1499 1133 1545 per

243 1544 375 1589 justitiae
386 1542 608 1578 defensionem
621 1544 783 1587 intelligat
796 1566 807 1582 ,
834 1542 926 1584 supra
949 1539 1046 1572 nobis
1065 1539 1132 1572 edr-

248 1596 300 1629 xit
320 1595 354 1629 in
382 1594 498 1628 litteris
523 1593 563 1627 ad
587 1593 724 1630 minoris
747 1589 1069 1626 BritanniaeClerum
1096 1588 1131 1621 &

239 1643 429 1689 populum.
456 1642 598 1681 Addidit
623 1641 765 1677 &aliam
781 1640 1043 1694 mitigationem-2
1075 1638 1130 1672 Ut

246 1695 366 1738 nempe*
389 1693 523 1727 militari
546 1692 684 1738 cingulo
707 1704 774 1726 non
800 1691 924 1736 privet,
949 1688 1002 1745 fed
1026 1688 1130 1730 ipsum

243 1743 377 1787 publica
388 1744 581 1787 poenitentia
602 1744 702 1785 usque
727 1742 768 1776 ad
779 1743 827 1781 sui
847 1739 1067 1785 expletionem
1082 1738 1130 1772 so-

243 1793 422 1828 lummodo
443 1790 612 1836 suspendat
627 1818 634 1826 .

300 1842 403 1890 Qdd
420 1842 567 1886 publicus
580 1841 746 1878 Poenitens
757 1842 856 1879 etiam
872 1838 1033 1885 negotiari
1058 1848 1127 1871 non

244 1892 342 1935 poffit
352 1917 364 1934 ‚
389 1892 496 1928 scribit
509 1893 543 1926 in
559 1892 687 1928 laudata
699 1894 739 1928 ad
751 1893 923 1928 Rusticum
934 1887 1129 1925 Narbonen-

243 1942 313 1976 sem
336 1940 627 1986 Archiepiscopum
654 1943 803 1987 Epistola
828 1944 960 1978 Sanetus
974 1940 1045 1973 Leo
1057 1937 1129 1971 Ma-

117 1995 167 2024 C··
182 2004 228 2024 ιι.
243 2002 353 2036 gnus.-
379 1993 525 2035 ,Qualitas
547 1994 620 2027 lucri
644 1999 837 2036 negotiantem
863 2003 915 2026 aut
929 1987 1052 2032 excusat
1077 1996 1129 2020 aut

245 2046 363 2083 arguit.
390 2045 475 2085 ‚Quia
493 2042 532 2082 est
557 2044 591 2076 (9
615 2043 746 2084 honestus
768 2043 894 2087 quaeflus
918 2067 929 2083 ‚
956 2041 990 2083 6*
1009 2043 1107 2079 turpis
1120 2062 1127 2069 .

1923 185 2007 233 <77

1199 245 1291 287 qucim
1298 245 1438 286 periculis
1453 250 1657 289 negotiationis
1672 247 1831 294 adstringi.
1859 251 1942 294 ‚Quia
1957 248 2073 293 dffl‘m

1198 294 1235 335 est
1247 299 1326 328 inter
1338 301 1461 328 ementis
1471 295 1687 338 vendentifiyue
1698 305 1895 333 commercium
1915 312 1972 335 non
1985 294 2075 335 inter-

1200 349 1302 378 venire
1308 354 1479 386 peccatum.
1506 345 1632 381 Eadem
1643 345 1683 379 de
1695 348 1789 381 causa
1812 350 2074 392 negotiationem

1198 393 1442 434 Poenitentibus
1461 396 1629 433 interdicit
1651 395 1806 437 synodus
1831 397 2073 435 Barchinonen·

1198 445 1255 477 sis.
1284 445 1326 479 Et
1349 445 1489 480 Herardi
1502 445 1704 479 Turonensis
1715 444 1957 491 Archiepiscopi
1974 450 2075 494 Capi.

1199 494 1320 528 tulare:
1346 498 1510 529 Poem‘tenti
1522 495 1603 533 nulla
1614 496 1695 528 lucra
1715 500 1919 538 negotiationis
1940 508 2073 534 exercere

1197 550 1353 579 convenit.
1383 546 1508 580 Eadem
1532 545 1626 579 verba
1650 544 1832 588 Capitulari
1858 546 1915 579 suo
1940 545 2074 584 inseruit

1201 595 1284 628 lsaac
1308 595 1528 640 Lingonensis
1549 596 1749 638 Episcopus,
1775 595 1809 629 ὅ(
1829 595 1957 630 addidit
1973 596 2074 639 poste·
2129 610 2133 617 ·

1200 645 1282 682 riora
1307 644 1402 679 verba
1424 646 1531 680 Sansti
1545 645 1696 686 Leonis„
1715 646 1815 680 Hanc
1838 645 1940 691 igitur
1950 645 2074 684 avitam

1199 694 1407 738 disciplinam
1419 694 1586 730 hic-etiam
1597 703 1722 738 reparat
1744 695 1852 730 noster
1875 694 2072 741 Gregorius.

1198 744 1291 791 Qin
1319 745 1353 786 ὅς
1366 746 1589 790 negotiationi
1610 744 1756 780 addidit:
1784 746 1916 787 officium
1934 744 2073 789 deserat.

1200 793 1333 837 Utique
1357 794 1459 837 illud,
1484 795 1525 830 de
1548 795 1663 840 quoin
1676 794 1882 828 Lateranenfi
1893 796 1951 829 suo
1962 796 2074 831 Cano·

1199 855 1241 877 ne
1260 844 1475 882 Innocentius
1498 843 1675 880 secundus:
1703 843 1799 888 Falsa
1818 846 1999 880 Paenitentia
2010 846 2050 886 est
2061 871 2075 888 ,

1195 904 1262 926 cum
1273 896 1426 928 Poenitens
1440 896 1479 929 ab
1490 896 1574 938 officio
1599 895 1654 934 wel¹
1664 895 1779 928 curiali
1806 897 1858 929 vel
1865 897 2003 939 negotiali
2013 907 2074 933 non

1197 943 1328 983 recedit,
1353 947 1433 986 quod
1445 944 1507 986 fine
1522 953 1639 988 peccato
1649 951 1697 989 agi
1709 946 1791 985 nulla
1810 951 1927 979 ratione
1946 953 2073 988 praeva·

1195 993 1254 1026 let.
1282 994 1354 1035 Aut
1374 994 1460 1031 certe
1480 997 1547 1028 fine
1569 997 1692 1039 peccati
1714 995 1878 1039 periculo.
1906 996 1959 1035 Ex
1982 996 2073 1040 lapsu

1196 1041 1406 1084 enimlaesus,
1432 1046 1600 1089 quousque
1623 1056 1770 1087 curetur,
1798 1057 1867 1080 non
1890 1044 1994 1080 solum
2006 1048 2073 1081 sca-

1198 1092 1320 1135 brofis,
1346 1094 1402 1132 sed
1423 1105 1482 1128 nec
1501 1094 1635 1128 lubricis
1658 1095 1719 1130 viis,
1731 1096 1824 1138 poffit
1842 1095 1929 1130 credi
1942 1119 1949 1127 .
1978 1097 2020 1130 Et
2033 1095 2070 1132 hi

1198 1142 1351 1177 Canones
1374 1144 1485 1185 lucide
1506 1144 1682 1178 ostendunt
1701 1143 2072 1190 degradandiPrincipis

1189 1192 1389 1235 potestatem
1410 1195 1473 1228 effe
1494 1194 1527 1230 in
1551 1195 1692 1235 Ecclesia
1716 1195 1972 1238 antiquiffimam
1995 1219 2009 1236 ,
2032 1207 2072 1230 ac

1199 1254 1265 1276 non
1290 1243 1351 1276 soli
1377 1243 1556 1284 Romano,
1581 1244 1633 1283 Led
1650 1244 1731 1278 olim
1754 1246 1856 1279 cuivis
1867 1245 2072 1289 competiiffe

1201 1292 1360 1336 Episcopo
1383 1320 1389 1327 .
1416 1294 1535 1342 inis
1555 1294 1647 1333 enim
1669 1294 1848 1339 Episcopus
1870 1296 1993 1339 semper
2015 1307 2073 1340 pe.-

1197 1342 1259 1375 tnit
1270 1343 1431 1385 publicam
1447 1344 1676 1388 poenitentiam
1691 1345 1859 1388 imponere
1870 1369 1882 1386 ,
1908 1355 2006 1389 atque
2024 1346 2072 1381 ita

1196 1392 1228 1424 &
1249 1392 1346 1425 armis
1370 1393 1403 1427 ὅ(
1424 1394 1558 1428 militari
1581 1394 1734 1436 baltheo,
1761 1396 1794 1429 δε
1815 1395 1910 1429 omni
1923 1395 2075 1437 Curiatii,

1195 1439 1339 1484 adeoque
1363 1443 1517 1487 &Regio
1545 1454 1641 1488 atque
1654 1444 1819 1487 Imperiali
1838 1445 1952 1484 officio
1971 1445 2072 1480 etiam

1195 1490 1227 1523 in
1254 1501 1442 1534 perpetuum
1465 1494 1587 1536 privare
1609 1518 1615 1525 .
1649 1493 1786 1528 Praesens
1809 1506 1919 1534 tamen
1949 1495 2071 1533 Canon

1195 1539 1364 1574 dumtaxat
1385 1542 1426 1576 ad
1450 1551 1578 1585 tempus
1601 1545 1765 1586 suspendit
1787 1569 1794 1575 .
1821 1544 1961 1579 Interim
1982 1557 2073 1580 arma

1194 1590 1308 1625 resumi
1329 1601 1398 1625 non
1420 1591 1478 1625 nifi
1489 1590 1529 1626 de
1542 1591 1783 1635 Episcoporum
1798 1595 1933 1628 confilio
1944 1596 2075 1638 permit-

1193 1640 1233 1673 tit
1246 1664 1253 1671 .
1279 1641 1390 1687 Qare
1411 1641 1446 1678 in
1468 1641 1631 1685 publicam
1652 1643 1879 1686 poenitentiam
1899 1645 2074 1680 damnatus

1192 1688 1368 1733 Princeps,
1392 1691 1494 1725 etiam
1518 1691 1590 1736 post
1617 1691 1859 1730 absolutionem
1880 1718 1892 1736 ,
1916 1706 1987 1729 non
2013 1697 2073 1731 nisi

1190 1738 1303 1773 eadem
1331 1738 1382 1774 via
1393 1740 1489 1783 poflit
1508 1742 1613 1778 redire
1632 1743 1667 1776 in
1682 1741 1997 1780 administrationem
2008 1747 2074 1789 Re·

1190 1789 1268 1832 gni.
1295 1790 1339 1824 Et
1349 1802 1390 1824 ex
1404 1789 1465 1825 hac
1477 1790 1608 1839 Regula
1629 1794 1738 1828 noster
1765 1793 1966 1840 Gregorius,
1992 1797 2078 1835 dum,

1191 1837 1376 1875 Henricurn
1389 1852 1541 1884 quartum
1552 1842 1623 1887 post
1633 1844 1798 1888 expletam
1819 1844 1988 1889 publicam
2008 1859 2075 1892 poe·

1193 1889 1366 1925 nitentiatn
1377 1890 1419 1927 ab
1429 1893 1775 1930 excommunicatione
1799 1895 1835 1930 δε
1847 1895 1954 1942 culpis,
1962 1908 2074 1934 recon-

1190 1939 1332 1980 ciliavit,
1358 1942 1512 1986 populare
1536 1942 1707 1979 fidelitatis
1730 1946 1975 1982 Sacramentum
2000 1960 2073 1987 non

1190 1989 1311 2024 exemit
1333 1990 1351 2025 a
1376 1993 1587 2036 suspensionis
1607 1994 1759 2037 vinculo,
1788 1996 1929 2041 ideoque
1950 2009 2012 2033 nec
2033 1999 2074 2033 il-

1192 2039 1261 2073 lum
1271 2042 1456 2084 reposuitin
1469 2043 1602 2090 plenam
1625 2056 1663 2082 ac
1674 2044 1812 2087 liberam
1832 2047 1946 2095 Regni
1968 2048 2071 2091 admi-

2090 871 2165 911 Cap·
2180 881 2231 915 ης

246 2094 459 2129 Verumtamen
473 2094 635 2127 Poenitenti
660 2095 765 2130 utilius
791 2093 829 2135 est
855 2091 1008 2139 dispendia
1030 2093 1142 2136 pati,1
1188 2087 1415 2133 nisttationerrr
1434 2116 1445 2133 ,Α

761 2304 1277 2359 CANON

1390 2315 1542 2360 VIL

239 2437 561 2575 DEcimas
589 2476 602 2501 ‚
644 2459 754 2510 quas
791 2445 839 2492 in
874 2443 992 2493 usum
1027 2448 1203 2513 pietatis
1238 2449 1450 2500 concessas
1484 2450 1566 2502 effe
1599 2455 1830 2507 Canonica
1874 2462 2060 2512 auctoru
2091 2453 2093 2455 ¹

419 2525 485 2560 tas
520 2510 781 2563 demonstrat
816 2551 828 2574 ,
864 2512 891 2563 a
927 2518 1070 2565 Laicis
1104 2518 1303 2586 poffideri
1339 2522 1594 2590 Apostolica
1629 2530 1885 2579 auetoritate
1907 2532 2056 2597 prohi-

240 2581 392 2630 bemus
428 2617 442 2627 .

494 2583 594 2631 Sive
612 2584 741 2631 'enim
778 2584 835 2632 ab
869 2584 1099 2654 Episcopis
1130 2625 1143 2648 ,
1178 2592 1249 2639 vel
1285 2592 1482 2655 Regibus
1503 2630 1517 2655 ,
1551 2596 1622 2644 vel
1656 2597 1923 2664 quibuslibet
1956 2618 2054 2668 per-

236 2649 353 2699 sonis
399 2666 471 2699 eas
517 2654 763 2718 acceperint
797 2690 810 2713 ‚
858 2654 936 2702 nis1
972 2657 1171 2707 Ecclefiae
1205 2658 1471 2712 reddiderint
1503 2700 1516 2724 ‚
1567 2663 1703 2715 sciant
1751 2668 1793 2718 se
1839 2667 2051 2736 sacrilegii

236 2722 401 2770 crimen
434 2722 708 2772 committere
741 2758 757 2784 ,
789 2727 832 2772 &
866 2740 1030 2775 aeternae
1063 2726 1353 2781 damnationis
1387 2734 1625 2800 periculum
1658 2739 1899 2790 incurrere..

425 2885 926 2933 SCHOLION.

235 3028 461 3113 DEcimas
482 3032 545 3066 effe
566 3030 601 3066 in
621 3032 762 3067 Ecclesia
783 3033 1037 3077 antiquiffimas,
1062 3038 1106 3072 est
1169 3041 1282 3076 decem
1293 3041 1443 3085 chordis,

1173 2891 1262 2926 daret
1284 2892 1459 2936 Decimas,
1485 2895 1749 2942 &adjungentez
1773 2902 1868 2945 ,Quod
1879 2906 2046 2946 cupimus&
2066 2904 2114 2942 ΞΡ.
2136 2907 2187 2936 86.

1171 2943 1270 2975 multis
1285 2942 1352 2983 fieri
1371 2942 1569 2988 christianis,
1594 2949 1630 2982 (5
1652 2954 1711 2983 vix
1725 2953 1904 2993 pauciffimos
1924 2959 2042 2988 inveni-

1170 3004 1235 3026 mus
1248 3017 1255 3024 .
1283 2993 1434 3028 Eundem
1454 2995 1622 3031 abeodem
1633 2999 1720 3034 saeco
1739 3001 1848 3037 iaudat
1860 3003 1895 3036 in
1905 3002 1988 3038 libro
1997 3004 2041 3039 de

1469 3056 1562 3091 urget
1573 3048 1809 3094 Evangelicam
1825 3051 1930 3096 legem
1942 3076 1953 3093 ‚
1979 3058 2039 3088 Ni·
2054 3061 2127 3102 Capi
2152 3072 2198 3093 η.

356 3081 415 3113 suo
434 3079 510 3115 loco
520 3080 686 3116 ostensum
699 3107 706 3114 .
734 3083 839 3118 Lucet
850 3085 948 3119 etiam
961 3097 1000 3119 ex
1013 3087 1107 3122 Ifido·
1162 3091 1191 3133 fi
1197 3091 1394 3126 abundaverit
1400 3095 1518 3136 justitia
1529 3097 1628 3137 vestra
1645 3098 1803 3142 plusquam
1813 3102 1982 3136 scribarum
2001 3106 2036 3139 Θ·

234 3129 264 3164 ri
295 3128 464 3163 Pelufiotae
484 3129 598 3165 litteris
628 3130 668 3166 ad
690 3133 890 3168 Herminum
920 3135 1104 3172 Comitem:

92 3169 154 3201 Ub-
167 3183 194 3206 1·
232 3180 383 3213 Praeclare
405 3181 565 3214 Dominum
575 3193 665 3215 ornas
677 3203 688 3220 ,
711 3193 776 3215 cum
788 3184 870 3217 nobis
876 3184 1032 3226 fruduum
1043 3195 1103 3221 tuo-

56 3209 106 3247 ΕΡ·
125 3220 140 3247 3
148 3224 192 3249 ¹⁷·
229 3242 298 3264 rum
312 3231 469 3262 Primitias
479 3230 585 3263 tribuis
594 3254 607 3270 ‚
631 3234 839 3274 Decimumque
845 3242 967 3276 partem
977 3246 1012 3269 ex
1021 3237 1103 3271 uber·

1170 3141 1387 3185 Pharisaeorum
1399 3168 1410 3184 ,
1434 3156 1492 3179 non
1512 3147 1664 3182 intrabitis
1678 3155 1711 3182 in
1722 3152 1856 3193 Regnum
1867 3153 2014 3188 Coelorum
2021 3180 2034 3197 ‚

1168 3201 1265 3235 atque
1287 3195 1511 3237 prosequitur..·
1535 3199 1617 3241 Ergo
1635 3199 1768 3231 illidam
1783 3203 1942 3242 Decimus,
1968 3203 2037 3247 tufi

1165 3241 1344 3284 centesimam
1366 3245 1502 3286 dederis,
1527 3248 1645 3289 aliquid
1664 3259 1804 3291 magnum
1824 3260 1854 3284 te
1868 3251 2039 3297 fecffrgloe

228 3288 294 3314 tate
315 3288 406 3313 terrae
426 3287 507 3318 tuae,
530 3282 551 3311 ἃ
571 3290 626 3321 quo
650 3293 716 3315 eam
729 3283 881 3325 accepisti,
901 3286 1030 3326 pendis.
1058 3287 1101 3322 Et
1164 3298 1274 3324 riaris.
1303 3293 1345 3325 Et
1368 3294 1401 3326 in
1414 3296 1574 3339 trigesimo
1585 3295 1626 3331 de
1648 3299 1789 3333 Domini
1804 3301 1906 3337 verbis
1915 3304 2033 3338 sermo·

226 3341 271 3366 ex
290 3328 400 3365 Sancti
411 3327 590 3373 Augustini
600 3327 641 3364 ad
653 3329 853 3372 Casulanum
875 3333 1099 3376 Presbyterum
1165 3353 1205 3374 ne
1231 3342 1339 3375 laudat
1362 3341 1446 3377 hanc
1483 3346 1620 3388 primam
1653 3348 1908 3394 Eleemosynam
1925 3378 1937 3394 ,
1972 3357 2030 3386 Μι-

225 3379 397 3424 Epistola,
425 3378 578 3414 laudante
598 3389 814 3416 memoratum
833 3383 853 3417 a
874 3385 991 3419 Sansto
1009 3387 1098 3421 Luca
1157 3389 1253 3432 fhrere
1289 3398 1400 3426 animae
1425 3403 1486 3427 tuae
1514 3420 1526 3435 ‚
1557 3399 1678 3438 placens
1707 3401 1768 3433 Deo

225 3426 420 3465 Pharisaeum
449 3452 461 3469 ‚
485 3429 574 3472 quod
600 3430 751 3466 omnium
777 3431 940 3469 bonorum
964 3436 1093 3472 suorum
1160 3445 1246 3475 Hanc
1271 3441 1469 3487 eleemosynam
1487 3445 1520 3487 fi
1534 3453 1745 3488 praetermittis
1762 3473 1776 3493 ,

321 3477 427 3518 christ.
441 3482 521 3523 Lupi
531 3483 628 3522 Opera
640 3483 725 3514 T.VI.

1792 3424 1804 3441 ‚
1839 3402 1873 3436 &
1900 3404 2026 3447 pergit:

1813 3452 1856 3487 da
1878 3461 2025 3494 quantum
2039 3479 2067 3511 c
2112 3486 2116 3495 ,

1570 3496 1604 3529 G
1650 3505 1674 3543 3
1898 3506 1970 3542 vis,
2067 3487 2114 3520 ψ’
2135 3485 2164 3517 ⁴¹¹
