2372 3756
52 499 89 528 A.
112 505 199 534 1154·

58 1878 94 1910 Α·
115 1886 199 1913 1157·

72 3128 211 3163 [Lun-

605 157 885 204 Qumrum
921 141 1240 188 Romanum
1277 141 1663 186 Coucltrun.

268 227 326 263 An
353 227 542 265 Conrardus
553 228 639 264 istud
651 229 808 274 Regnum
820 227 978 264 destruere
991 226 1115 302 velue-5

221 278 266 315 rit
286 303 297 319 ‚
324 290 393 314 non
416 281 531 323 possim
554 280 713 314 affirmare
737 305 745 312 .
775 279 851 322 Ejus
878 277 951 312 sane
978 277 1098 310 succes-

223 330 275 364 sor
294 329 483 365 Fredericus
502 331 625 374 primus
647 327 788 364 omnino
814 329 938 362 voluit.
967 327 1010 361 Et
1024 326 1103 365 hinc,

222 377 266 413 de
287 379 448 416 Adriano,
457 391 574 422 quarto
586 379 750 414 Pontifice
759 376 866 413 scribit
881 379 914 412 in
926 378 984 411 suo
997 375 1103 411 Chro-

226 429 307 464 nico
328 430 535 466 Romualdus
558 429 833 474 Archiepiscopus
858 426 1101 463 Salernitanus:

219 480 385 514 *Adrianus
408 482 519 523 Papa,
543 483 645 515 audito
666 482 802 513 adventu
827 479 985 510 salernum
1015 478 1104 510 VViI-

229 529 320 563 helmi
344 534 436 573 Regis
463 531 570 565 Siciliae
596 555 607 572 ‚
634 533 790 563 Henricum
816 529 1013 563 cardinalem
1034 529 1106 559 San-

229 581 343 614 e‘lorum
363 585 460 614 Nerei
478 583 513 616 (9⁹
534 580 654 614 Achillei
674 581 719 612 ad
739 589 804 613 eum
814 577 890 621 misit
904 602 915 619 ,
941 588 1026 621 quem
1039 580 1106 610 Rex

222 637 355 672 recipcre
375 631 468 665 noluit
493 655 504 672 ,
526 629 585 674 sed
606 633 732 662 Romam
754 630 853 664 redire
869 633 1013 671 praeceplt
1038 647 1050 667 ,
1075 629 1107 660 εό

217 682 311 723 ‚quad
318 688 351 714 in
362 683 468 716 litteris
481 680 644 722 apostolicis
664 703 675 720 ‚
696 691 775 722 quas
787 682 861 723 Regi
868 677 1013 721 portabat
1027 700 1038 716 ,
1050 679 1109 710 Pa.

225 739 271 773 pa
293 743 358 765 eum
382 743 439 765 non
450 735 557 774 Regem
571 754 581 770 ‚
603 728 662 774 sed
682 729 888 766 VVilhelmum
899 731 1059 760 Dominum
1069 728 1099 759 51

228 781 304 814 ciliae
323 780 515 814 nominabat.
544 783 590 813 De
608 791 664 822 quo
681 779 771 821 facia
794 779 947 815 Adrianus
974 778 1109 818 Papa&

226 840 294 864 tota
316 834 452 863 Romana
473 833 570 863 Curta
578 839 719 864 commota
730 829 769 869 est
780 840 814 862 ac
825 829 951 863 turbata
967 852 974 859 .
1002 828 1040 861 In
1053 826 1112 860 hu·-

228 879 368 925 jusmodi
388 879 656 924 inscriptionibus
677 879 796 915 infelix,
818 878 882 912 fuit
909 877 969 912 iste
996 877 1122 911 Adria·¹

227 942 306 965 nus.
335 932 389 966 De
409 931 531 976 eisdem
561 931 651 965 enim
674 930 771 964 duras
795 929 987 974 quaestiones
998 925 1112 962 habuit

227 991 306 1016 cum
317 981 450 1016 laudato
470 982 668 1024 Imperatore
688 979 878 1016 Frederico.
906 979 990 1022 Ipsas
1002 977 1110 1012 studio

227 1032 390 1066 formavit
406 1032 440 1065 in
462 1043 559 1065 voces
586 1030 753 1076 ambiguas
764 1029 1010 1067 ambidextras:
1036 1028 1110 1062 Nec

228 1082 450 1115 Guilielmum
464 1105 474 1121 ,
501 1092 560 1115 nec
572 1081 780 1116 Fredericum
791 1080 915 1114 studuit
927 1076 1092 1113 offendere
1102 1101 1112 1117 ,

226 1130 370 1176 ideoque
397 1132 494 1165 illum
525 1144 587 1166 nec
608 1132 735 1176 Regem
759 1129 934 1174 appellavit
966 1138 1022 1162 aut
1043 1126 1111 1161 Du-

226 1193 300 1217 cem
323 1206 334 1223 ,
361 1180 414 1216 sed
438 1182 624 1216 Dominum
646 1206 654 1216 ,
682 1180 743 1214 Ast
767 1180 862 1218 istam
885 1178 979 1222 Papae
1005 1188 1113 1212 caute·

227 1233 295 1267 Iam
323 1244 384 1276 pro
406 1233 509 1267 atroci
531 1232 649 1276 injuria
672 1231 797 1274 accepit
824 1229 1027 1264 Guilielmus
1042 1252 1052 1268 ,
1077 1227 1112 1265 &

226 1283 311 1316 adeo
329 1281 407 1316 dura
423 1282 564 1327 reposuit
578 1306 589 1322 ,
616 1293 653 1315 ut
678 1281 782 1324 ipsum
804 1280 964 1314 Pontifex
983 1289 1115 1312 excom.

226 1332 464 1372 municaverit,
491 1332 779 1375 &Imperatorem
806 1327 1115 1372 Constantinopoli-

229 1392 345 1417 tanum
356 1382 549 1416 Manuelem
569 1381 805 1420 Comnenum,
833 1379 1057 1413 Guiscardinae
1071 1379 1115 1412 fa-

229 1433 330 1467 miliae
339 1431 466 1467 hostem
480 1430 727 1465 insenfiffimum
738 1455 749 1470 ,
761 1431 943 1466 evocaverit
953 1428 994 1463 ad
1009 1429 1114 1471 ipsum

229 1493 307 1517 cum
317 1482 381 1516 suis
394 1481 613 1515 Nortmannis
625 1491 666 1513 ex
678 1480 790 1515 Sicilia
803 1480 837 1512 δε
852 1478 976 1522 Apulia
987 1478 1117 1521 ejicien-

228 1533 328 1567 dum.
353 1531 397 1564 Et
417 1541 465 1564 res
488 1528 703 1570 succedebat,
729 1530 788 1563 nifi
818 1528 1021 1563 Guilielmus
1047 1529 1121 1572 spo-

228 1580 392 1625 pondisset
413 1581 448 1614 in
471 1580 629 1615 omnibus
640 1591 749 1624 parete
776 1580 937 1614 Romanae
948 1579 1114 1612 Ecclefiae.

229 1631 358 1666 Verum
377 1629 466 1675 quod
491 1629 625 1674 quidam
647 1627 839 1664 Cardinales
858 1641 971 1672 pacem
986 1640 1062 1663 cum
1073 1628 1119 1663 Si-

229 1682 311 1717 culo
333 1680 574 1721 difluaderent,
599 1679 761 1714 discordia
786 1679 892 1724 erupit
917 1680 951 1712 in
970 1678 1095 1713 bellum
1109 1703 1119 1718 ‚

231 1733 461 1767 Beneventum
481 1731 607 1766 obsedit
629 1730 847 1771 GuilielmuS,
873 1728 1118 1773 captivumillic

233 1782 322 1826 cepit
345 1783 380 1816 ὅ(
402 1780 544 1815 detinuit
570 1780 758 1816 Adrianum
781 1805 791 1820 ‚
819 1792 856 1814 ac
882 1779 992 1825 coegit
1013 1779 1117 1823 ipsum

234 1832 277 1867 ad
297 1831 486 1866 foediffimos
508 1832 596 1874 pacis
616 1832 794 1871 articulos,
819 1830 860 1865 de
882 1840 1022 1875 quorum
1048 1841 1116 1863 uno

233 1882 347 1917 scribit
375 1880 540 1916 Robertus
569 1880 681 1915 Abbas
708 1880 914 1915 Montenfis:
944 1879 1117 1922 Apostolicus

233 1932 391 1966 Guilielmo
420 1932 541 1971 conceffit
573 1934 708 1975 Regnum
739 1932 847 1965 Siciliae
866 1956 877 1972 ‚
904 1932 939 1965 (9'
970 1934 1117 1963 Ducatum

234 1984 372 2025 Apulia,
398 1983 433 2016 <ft
455 1983 667 2024 Principatum
688 1986 804 2024 Capuae
825 2007 832 2014 .
861 1982 1012 2025 Exponit
1035 1980 1117 2015 liber

233 2032 438 2067 Pontificalis
465 2032 634 2064 :Adriano
662 2036 827 2073 Imperator
860 2035 1030 2065 Graecorum
1060 2039 1117 2073 per

235 2086 363 2125 Legatos
382 2086 603 2124 quinquaginta
626 2081 720 2114 millia
740 2082 886 2114 librarum
913 2087 980 2114 auri
990 2082 1096 2114 obtulit
1108 2103 1118 2119 ,

234 2133 343 2166 addita
350 2130 526 2173 promiffione
534 2129 566 2173 se
578 2132 768 2164 Guilielmum
779 2143 817 2165 ex
829 2132 920 2163 Italia
943 2130 1118 2164 abacturum

231 2181 300 2226 suis
316 2182 476 2223 stipendiis
494 2203 506 2219 ,
532 2183 646 2214 interea
662 2180 692 2222 fi
710 2190 773 2214 tres
785 2186 817 2214 in
839 2182 946 2223 Apulia
956 2180 1043 2214 urbes
1055 2192 1117 2214 ma-

233 2236 347 2265 ritimae
369 2231 545 2263 dederentur
557 2255 566 2263 .
592 2234 641 2262 Εο
661 2235 764 2263 nuntio
785 2231 961 2264 Guilielmus
981 2237 1115 2272 percitus

234 2292 300 2316 cum
313 2279 454 2322 Ponttfice
473 2285 636 2313 amicitiam
646 2287 815 2322 componere
818 2288 877 2322 per
882 2279 1043 2323 sequestros
1055 2291 1115 2314 ten-

236 2336 319 2364 tavit
331 2355 342 2371 ,
353 2335 507 2372 omniaque
519 2338 584 2372 quae
596 2339 792 2373 occupaverat
802 2355 813 2372 ,
823 2332 912 2363 imm&
922 2331 1015 2364 multa
1022 2331 1116 2372 plura

234 2379 269 2425 se
288 2381 474 2414 redditurum
492 2380 624 2422 promisit
642 2379 703 2422 ,fi
718 2381 804 2414 titulo
833 2384 929 2424 Regni
963 2380 1116 2424 utriusque

237 2431 346 2464 siciliae
358 2428 544 2474 t'nfigm'retur
554 2455 562 2462 .
577 2433 719 2464 Petitiom‘
729 2435 820 2475 Regis
831 2430 1026 2471 initiostatim
1039 2433 1117 2464 Pon-

238 2480 321 2524 tifex
343 2480 485 2524 detulfflt
498 2495 516 2520 ,·
529 2479 559 2523 fi
575 2482 788 2515 cardinalium
803 2490 881 2524 pars
903 2487 1040 2515 maxima
1060 2493 1118 2514 non

238 2529 403 2574 diffuafiffet
415 2554 423 2562 .
462 2531 527 2564 Sed.
538 2531 610 2564 ‘cum
631 2533 804 2566 Guilielmus
826 2532 928 2565 valido
948 2542 1013 2565 cum
1038 2542 1119 2565 exer-

237 2587 299 2614 citu
322 2581 465 2622 Apuliam
487 2587 602 2614 omnem
620 2579 680 2622 fibi
701 2580 864 2624 subJeciff‘et
884 2606 895 2623 ,
922 2581 1118 2615 renitentibus

231 2630 458 2664 Cardinalibus
481 2632 636 2663 Adrianus
658 2632 854 2675 indignatus,
873 2636 973 2664 omnia
998 2633 1119 2665 Guiliel-

238 2692 286 2714 mo
300 2705 311 2721 ,
334 2691 366 2715 ut
374 2688 504 2723 petierat
515 2706 525 2723 ‚
538 2679 658 2723 indulsit
672 2705 682 2721 ,
697 2679 850 2724 titulosque
858 2681 1022 2724 praedu‘los
1033 2687 1121 2715 attri-

238 2731 305 2765 buit
319 2758 327 2765 .
340 2731 454 2773 Itaque
467 2731 683 2766 Innocentius
694 2732 851 2765 secundus
865 2733 1016 2771 ,unicam
1028 2732 1120 2766 dum-

237 2791 343 2822 taxat,
355 2781 522 2816 Adrianus
530 2782 664 2825 quartus
676 2792 846 2824 utramque
857 2781 1001 2816 Siciliam
1013 2782 1127 2816 evexit·

239 2832 467 2876 inRegnum.
494 2832 739 2866 EtAlexander
749 2833 884 2873 tertius,
909 2831 989 2866 dum
1013 2832 1032 2865 a
1052 2834 1128 2875 prae-⁸

240 2882 300 2915 fati
313 2881 519 2925 Imperatoris
530 2882 692 2916 Frederici
706 2881 912 2917 schismatico
927 2882 1040 2926 gladio
1052 2883 1122 2918 illic

241 2931 371 2973 asylum
382 2931 521 2981 habuit,
546 2933 661 2966 omnia
672 2930 896 2967 confirmavit.
1088 2933 1093 2935 ”

293 2981 386 3015 Idem
404 2982 614 3023 Fredericus,
640 2994 716 3017 cum
739 2982 880 3026 ejusdem
893 2981 1064 3017 Guilielmi
1088 2982 1121 3016 fi-

243 3030 295 3065 lio
314 3031 350 3065 δι
373 3031 549 3067 suecessore
570 3033 757 3068 Guilielmo
778 3045 891 3077 pacem
911 3033 1123 3076 composuit,

244 3081 416 3124 ipsumque
438 3081 473 3114 in
494 3083 553 3116 suo
572 3082 755 3126 diplomate
777 3083 925 3118 titulavit
948 3085 1005 3116 Dei
1018 3088 1122 3127 gratia

243 3130 383 3171 illustrem
405 3132 512 3165 siciliae
543 3135 653 3177 Regem
679 3158 687 3165 .
714 3133 832 3168 Exstat
862 3133 1011 3176 diploma
1036 3134 1120 3177 apud

241 3180 475 3216 -Romualdum
493 3181 620 3216 Salerni
640 3182 938 3227 Archiepiscopum
961 3209 968 3215 .
997 3182 1120 3217 Verum

243 3242 307 3276 pax
328 3242 397 3265 non
420 3231 482 3265 fuit
494 3242 645 3275 perpetua
657 3256 664 3264 .

244 3282 416 3326 quousque
439 3281 508 3325 ejus
534 3281 620 3316 filius
631 3281 799 3318 Henricus
810 3285 917 3319 sextus
928 3284 1024 3318 duxit
1035 3283 1120 3318 Con-

243 3332 398 3366 stantiam
421 3331 585 3371 Siculam,
612 3333 690 3367 item
712 3334 809 3369 fuerit
831 3334 954 3379 Regno
981 3334 1120 3369 adversa-

244 3390 297 3416 tus
313 3407 323 3423 ,
334 3380 443 3416 scribit
453 3382 539 3416 Otto
549 3382 591 3416 de
601 3383 720 3417 Sant‘io
733 3382 862 3419 Blasio}⁴
887 3384 1119 3419 Constantiam

244 3430 338 3467 finire
356 3432 531 3502 Guilieltrgi
550 3432 683 3468 secundi
693 3435 829 3470 amitam
842 3458 854 3475 ,
878 3434 1049 3469 Guilielmi
1064 3435 1119 3480 pri-

696 3233 798 3280 Qod
810 3235 901 3269 enim
915 3233 1119 3275 Fredericus,
1135 3271 1137 3273 ,

1161 226 1206 259 mi
1231 225 1396 264 sororem,
1428 222 1565 268 Rogerii
1587 225 1722 259 secundi
1746 226 1848 262 filiam
1874 227 1984 264 scribit
2010 225 2045 261 in
2062 228 2162 266 L-3·c·
2178 237 2221 262 ¹4-

1159 275 1348 313 Sclavorum
1374 272 1548 309 Chronico
1566 273 1741 317 Presbyter
1753 277 1988 320 Hemboldus;
2013 288 2047 313 at
2066 270 2093 296 L.
2105 272 2220 306 3.c·88-

1166 325 1240 360 vero
1261 326 1354 361 fuisse
1380 324 1557 360 Guilielmi
1579 324 1711 360 secundi
1734 326 1964 363 consobrinam
1979 327 2049 362 vult

1166 374 1383 413 Guilielmus.
1401 374 1639 419 Neubrigenfis
1663 400 1670 406 .
1722 373 1841 408 Verius
1874 377 1919 412 est
1952 378 2049 414 fuisse

1167 427 1302 463 amitam
1318 450 1338 466 .,
1354 425 1527 472 Qidquid
1539 426 1575 459 fit
1587 450 1597 466 ‚
1609 435 1676 459 erat
1687 424 1801 469 Regni
1815 423 1910 459 haeres
1922 451 1932 466 ‚
1959 428 2050 461 ideo-

1167 487 1231 521 que
1242 477 1275 510 in
1295 475 1356 510 filii
1370 476 1416 508 sui
1439 475 1578 520 gratiam
1594 475 1679 509 istud
1691 475 1849 520 Regnum
1863 475 2051 511 Fredericus

1168 526 1324 561 stabiliter
1343 525 1576 562 confirmavit.
1608 525 1691 573 Qae
1711 525 1827 561 omnia
1851 523 1987 561 breviter
2006 526 2053 562 di-

1168 579 1218 612 &a
1239 578 1300 611 fint
1315 600 1327 617 ‚
1346 586 1388 624 *ut
1401 575 1521 612 clareat
1540 587 1702 618 quantum
1715 574 1826 610 deviet
1837 574 1938 611 Anna
1952 575 2055 611 Com-

1170 638 1276 668 nena,
1303 627 1467 661 affirmans
1497 626 1680 661 Robertum
1707 625 1927 660 Guiscardum
1958 626 2053 662 fuisse

1169 676 1310 714 anostro
1330 676 1474 720 septimo
1496 676 1662 721 Gregorio
1684 677 1833 710 evectum
1854 675 1889 710 in
1904 676 2054 721 Regem.

1172 727 1279 765 Graeci
1299 726 1412 772 passim
1431 726 1537 764 solent
1557 727 1642 765 circa
1668 725 1865 765 LatInorum
1878 738 1927 766 res
1943 724 2058 767 misere

1173 777 1366 814 hallucinari
1378 802 1386 813 ,

1225 828 1278 861 Ex
1300 828 1395 862 dietis
1420 827 1526 863 oritur
1537 826 1696 872 quaestio,
1723 825 1780 863 An
1795 826 1990 871 Apostolica
2002 827 2060 863 Se·
2081 860 2083 863 .

1174 875 1229 911 des
1251 875 1370 915 habeat
1396 877 1591 922 potestatem
1617 877 1766 923 erigendi
1792 888 1879 912 nova
1906 877 2025 922 Regna
2041 901 2054 917 ‚

1175 927 1346 968 Ducacus,
1374 928 1587 968 Comitatus,
1611 929 1755 972 aliasque
1777 927 1812 962 id
1836 939 1939 973 genus
1953 926 2058 962 saeculi

1174 977 1377 1022 dignitates?
1404 977 1583 1014 Rationem
1607 977 1780 1013 dubitandi
1807 978 1886 1015 facit
1913 979 2060 1022 exposita

1177 1027 1336 1065 Frederici
1360 1027 1456 1070 primi
1468 1029 1619 1065 adversus
1638 1029 1761 1066 dic'tum
1773 1028 1889 1062 Siciliae
1903 1029 2060 1073 Regnum

1176 1078 1277 1123 longa
1304 1076 1338 1114 ὃς
1364 1077 1445 1112 dura
1459 1078 1640 1115 interceffio
1653 1101 1664 1121 ,
1690 1090 1732 1112 ex
1744 1090 1806 1122 qua
1819 1079 1904 1113 istud
1918 1090 1986 1112 non
1999 1077 2059 1111 nifi

1177 1127 1247 1171 post
1275 1127 1364 1161 illius
1390 1127 1642 1162 ratificationem
1670 1129 1778 1171 potuit
1807 1128 1871 1165 effe
1905 1129 2059 1165 firmum.

1180 1179 1223 1212 Et
1234 1178 1341 1212 lucida
1355 1178 1430 1212 sunt
1444 1178 1552 1213 Sancti
1565 1177 1720 1211 Bernardi
1732 1177 1772 1212 ad
1785 1176 1983 1214 Lotharium
1998 1180 2063 1212 Im-

1178 1238 1359 1272 peratorem
1377 1227 1492 1263 verba:
1519 1230 1707 1271 ,Quicumque
1728 1233 1760 1260 in
1782 1230 1880 1265 sicilia
1902 1228 1935 1271 se
1953 1233 2060 1273 Regem

1170 1278 1274 1324 facit,
1300 1279 1475 1314 contradicit
1499 1276 1632 1323 Caesari.
1664 1278 1708 1312 Et
1729 1278 1771 1312 de
1795 1278 1954 1312 Busclavo
1975 1280 2061 1313 Scla-

1180 1340 1293 1363 vorum
1307 1327 1463 1372 Principe
1473 1353 1486 1369 ‚
1511 1328 1656 1373 Regiam
1668 1328 1865 1372 dignitatem
1877 1329 1895 1362 a
1907 1327 2062 1362 Romana
2108 1359 2115 1366 ,

1180 1379 1323 1415 Ecclesia
1345 1387 1400 1424 pet
1422 1379 1550 1424 legatos
1573 1378 1764 1412 Monachos
1790 1379 1994 1422 postulante,
2023 1389 2062 1412 ac

1179 1429 1219 1463 de
1239 1430 1438 1473 Imperatore
1462 1428 1613 1467 Henrico
1631 1428 1771 1471 Aucupe
1784 1428 1893 1467 scribit
1905 1429 1939 1462 in
1953 1428 2063 1463 Sansti

1179 1478 1362 1513 Romualdi
1386 1480 1452 1516 vita
1475 1480 1612 1514 Sanctus
1634 1478 1913 1513 PetrusDamiani
1928 1492 1939 1512 .·
1965 1483 2062 1521 Impe-
2079 1499 2143 1537 Cap
2176 1501 2211 1528 28

1178 1538 1261 1562 rator
1287 1533 1432 1564 Henrlcus
1445 1553 1456 1568 ,
1482 1526 1628 1572 Buftlavi
1653 1527 1798 1571 confilium,
1820 1540 1878 1561 non
1897 1534 2061 1571 ignorans,
2082 1524 2127 1579 2‘9,
2146 1520 2153 1528 ⁶
2214 1519 2222 1529 ⁸

1178 1575 1305 1621 undique
1317 1583 1387 1612 vias
1397 1577 1686 1621 custodirtpraecepit
1694 1603 1704 1618 ,
1730 1588 1764 1613 ut
1782 1577 1809 1620 fi
1819 1577 1993 1622 Busclavus
2006 1582 2065 1611 Ro-

1179 1640 1261 1662 mam
1285 1634 1405 1664 nuntios
1429 1634 1582 1668 mitteret,
1607 1634 1641 1662 in
1652 1631 1716 1670 ojus
1728 1629 1805 1665 illice)
1818 1641 1928 1663 manus
1940 1631 2068 1663 deveni·

1178 1688 1248 1713 rent
1264 1703 1271 1711 .
1297 1678 1441 1722 Regiam
1461 1678 1661 1723 dignitatem
1684 1677 1980 1718 nonaPontifice‚
2011 1677 2066 1712 sed

1179 1729 1240 1763 ase
1253 1727 1324 1762 soso
1345 1727 1493 1763 censebat
1507 1729 1595 1772 posse
1621 1728 1758 1763 donari.
1784 1727 1964 1772 Imperator
1975 1728 2066 1762 enim

1179 1779 1225 1815 est
1238 1777 1355 1813 mundi
1381 1778 1575 1818 Dominus,
1602 1790 1640 1813 ac
1655 1779 1786 1823 Regum
1800 1778 1897 1820 Rex,
1926 1778 2067 1823 ideoque

1181 1840 1251 1864 non
1276 1829 1333 1862 nisi
1356 1829 1528 1873 peripsum
1538 1828 1634 1874 poffit
1654 1829 1725 1873 quis
1739 1829 1772 1863 in
1789 1829 1920 1874 Regem
1931 1829 2048 1863 elevari
2062 1854 2070 1862 .

1182 1880 1225 1914 Et
1249 1878 1329 1913 hinc
1349 1878 1391 1913 de
1408 1879 1609 1923 Imperatore
1640 1879 1824 1923 Justiniano
1838 1879 1949 1915 scribit
1975 1880 2010 1913 in
2035 1879 2071 1913 li-

1181 1929 1246 1964 bris
1274 1929 1316 1963 de
1352 1927 1441 1964 bello
1479 1929 1608 1967 Persico
1633 1929 1820 1973 Procopius
1843 1929 2066 1965 Caesareensis:
2087 1926 2245 1963 L-10c-17·

1182 1978 1324 2014 Aretham
1341 1979 1468 2014 Cabalae
1475 1979 1573 2022 filium
1587 2004 1597 2020 ,
1616 1980 1824 2013 Saracenorum
1836 1980 1970 2014 Arabum
1982 1982 2070 2018 Pren-

1180 2036 1294 2073 cipem,
1321 2032 1415 2072 quam
1433 2032 1574 2072 plurimis
1598 2030 1738 2064 tribubus
1750 2029 2070 2075 Justtnianuspraefe-

1179 2087 1241 2121 cit,
1267 2091 1301 2112 ac
1322 2083 1416 2123 Regia
1439 2081 1588 2124 dignitate
1613 2086 1703 2114 auxit
1718 2105 1730 2121 ,
1757 2093 1835 2114 novo
1859 2087 1936 2115 inter
1961 2085 2071 2114 Roma-

1180 2142 1233 2164 nos
1243 2131 1393 2172 exemplo.
1421 2129 1564 2163 Videtur
1577 2131 1731 2171 asserere,
1759 2130 1850 2172 quod
1869 2131 1979 2165 nullus
1991 2141 2069 2165 ante

1181 2180 1401 2224 Justinianum
1424 2179 1602 2224 Imperator
1622 2191 1709 2217 nova
1735 2179 1913 2217 instituerit
1928 2180 2045 2224 Regna
2059 2205 2067 2212 .

1181 2231 1228 2265 At
1239 2229 1372 2265 devium
1386 2230 1447 2267 effe
1458 2229 1547 2265 hunc
1562 2229 1690 2265 sensum
1706 2255 1717 2271 ,
1742 2230 1858 2267 multis,
1869 2231 1966 2274 poffit
1980 2230 2065 2264 varie

1178 2280 1394 2315 demonstrari
1415 2305 1422 2313 .
1452 2280 1587 2315 Etenim
1615 2280 1706 2324 quod
1729 2278 1878 2317 Tzatum
1899 2281 2064 2315 Lazorum

1180 2331 1366 2374 Principem
1397 2331 1431 2367 ὃς
1464 2329 1692 2368 Christianum
1721 2330 1754 2364 &
1788 2331 1918 2377 Regem
1950 2332 2064 2366 fecerit

1180 2381 1355 2425 Iustiniani
1379 2381 1561 2417 avunculus
1582 2392 1621 2416 ac
1644 2382 1839 2416 Anteceffor
1850 2382 1993 2429 Iustinus
2004 2382 2066 2425 pri-

1181 2443 1253 2466 mus
1263 2456 1274 2472 ,
1285 2431 1442 2466 testantur
1455 2430 1645 2466 Anastasius
1657 2430 1936 2469 Bibliothecarius
1949 2458 1958 2473 ,
1979 2433 2065 2466 Mar·
2082 2431 2140 2461 Fol-
2155 2441 2221 2467 144-

1179 2492 1234 2526 tyr
1257 2480 1510 2525 Theophanes,
1536 2493 1574 2516 ac
1600 2481 1768 2526 Georgius
1780 2482 1947 2516 Cedrenus
1963 2508 1972 2518 .,
1998 2483 2069 2520 Ha-

1179 2532 1293 2567 bemus
1303 2532 1463 2575 ejusmodi
1491 2533 1581 2576 plura
1592 2533 1626 2566 δε
1641 2532 1852 2576 paganorum
1864 2532 2065 2567 &Christia-
2083 2547 2142 2580 μοι,
2152 2551 2220 2584 3⁶⁶·

1182 2593 1300 2616 norum
1323 2583 1562 2626 Imperatorum
1582 2584 1731 2626 exempla
1749 2607 1756 2614 .
1786 2582 1870 2617 Vult
1888 2594 1968 2626 ergo
1986 2582 2065 2617 Pro-

1180 2631 1293 2675 copius
1320 2632 1383 2666 effe
1408 2643 1552 2671 novum,
1577 2632 1668 2675 quod
1696 2633 1846 2673 Saraceni
1862 2634 1892 2666 se
1907 2633 2065 2668 Romano

1182 2682 1322 2726 Imperio
1345 2680 1539 2724 subjecerint
1552 2707 1565 2724 2
1589 2682 1624 2716 &
1646 2681 1690 2716 ab.
1708 2683 1779 2726 ipso
1800 2683 1982 2727 acceperint
2001 2684 2066 2718 Re-

1180 2744 1256 2778 gem
1269 2757 1276 2764 .
1307 2731 1432 2766 Eadem
1444 2731 1603 2775 potestate
1613 2732 1658 2765 ufi
1672 2732 1747 2769 sunt
1756 2733 1857 2769 etiam,
1872 2733 2064 2777 posteriores

1181 2784 1372 2818 Graecorum
1395 2781 1625 2826 Imperatores.
1657 2782 1700 2816 Et
1718 2783 1759 2816 de
1781 2783 1980 2828 Imperatore
1993 2783 2064 2818 Ma-

1181 2834 1280 2867 nuele
1303 2831 1482 2866 Comneno
1494 2831 1604 2866 scribit
1624 2832 1831 2877 iia-sigeberti
1847 2832 2065 2868 Gemblacen-

1184 2884 1223 2917 fis
1249 2882 1476 2925 supplemento
1508 2880 1674 2916 Robertus
1705 2881 1818 2917 Abbas
1851 2884 2062 2918 Montensis:

1184 2934 1306 2966 Manuel
1330 2937 1497 2974 Imperator·
1528 2931 1871 2975 constantinopolitanus
1895 2935 1979 2967 dedit
2002 2937 2064 2966 Ra-

1182 2991 1270 3017 mert'o
1292 2982 1352 3026 filio
1363 2982 1512 3016 Guilielmi
1523 2986 1673 3024 Principis
1699 2987 1947 3018 Montis-Ferrati
1962 2984 2064 3025 filiam

1175 3033 1264 3078 suam
1285 3042 1390 3066 natam
1412 3044 1453 3066 ex
1462 3038 1560 3075 priore
1573 3044 1662 3068 uxore
1677 3031 1752 3076 sua.
1780 3037 1863 3078 ,Quae
1875 3045 1943 3067 cum
1954 3035 2063 3067 diceret

1176 3084 1209 3129 se
1238 3094 1399 3125 numquam
1418 3085 1504 3116 alicui
1528 3093 1712 3126 nupturam,
1740 3084 1795 3126 nist*
1806 3085 1982 3127 effetRex,
2008 3087 2065 3117 Im-

1178 3144 1300 3177 perator
1310 3132 1496 3167 exhilaratus
1508 3157 1518 3173 ,
1538 3133 1616 3175 fecit
1627 3140 1757 3167 coronari,
1772 3133 1868 3179 filium
1883 3133 2063 3168 Marcbionts

1182 3187 1427 3217 Montis-Ferratt
1440 3208 1451 3223 ,
1476 3195 1540 3218 cum
1561 3183 1628 3225 filia
1632 3183 1693 3229 fita
1715 3195 1804 3227 quam
1815 3189 1844 3217 ei.
1854 3185 2002 3223 dederat,
2015 3185 2065 3220 ,θ

1183 3235 1265 3268 dedit
1278 3240 1304 3268 ei
1324 3232 1457 3267 honorem
1479 3232 1749 3281 Thessalonicensem
1761 3258 1772 3275 ,
1797 3240 1848 3277 qui
1869 3233 1905 3275 est
1926 3239 2063 3268 maxima

1179 3283 1308 3327 potestas
1331 3287 1425 3327 Regni
1445 3282 1495 3327 sui
1515 3284 1576 3326 post
1599 3290 1755 3319 civitatem
1767 3284 2064 3329 Constantinopolita-

1185 3347 1255 3368 nam
1279 3359 1287 3366 .
1314 3334 1447 3368 Creavit
1479 3334 1565 3378 ipsos
1592 3335 1701 3378 Reges
1733 3334 2058 3370 Thessalonicenses.

1189 3385 1310 3419 Eadem
1336 3383 1493 3427 potestate
1525 3384 1569 3417 ufi
1596 3385 1716 3429 semper
1735 3386 1868 3420 fuerunt
1900 3383 2065 3420 Occiden-

1186 3437 1228 3470 tis
1252 3434 1494 3480 Imperatores.
1533 3434 1668 3470 Etenim
1699 3435 1791 3480 quud
1823 3435 1964 3471 Carolus
1990 3434 2064 3469 Ma-

1906 3495 2013 3530 gnus,

2085 2350 2143 2381 ¹501.
2156 2354 2226 2387 5063

2084 2894 2115 2922 A·
2138 2896 2221 2924 1180.
