2372 3756
42 2207 93 2247 Ἀ.
110 2218 195 2251 1076.

598 146 910 187 secuunun
943 125 1257 189 Romnum
1291 122 1680 201 Concurun.

225 236 262 263 re
281 221 475 270 poffidetent
485 246 497 264 ‚
521 231 559 257 ac
579 232 639 266 pro
657 220 791 257 arbitrio
811 220 992 258 donarent,
1016 217 1100 263 lega-

226 285 301 312 rent
326 300 338 317 ,
373 286 412 309 ac
435 281 676 318 permutarent,
701 271 788 317 apud
812 281 929 307 omnes
962 269 1097 309 istorum

226 336 414 369 temporum
433 323 552 369 peritos
575 323 621 358 est
645 331 868 367 compertum.
895 320 938 354 Et
957 317 1036 353 hinc
1056 320 1099 353 fa-

226 377 320 413 mosa
340 374 504 411 Altariutn
525 373 666 408 donatio
697 397 705 406 .
719 369 928 413 Huiusmodi
948 370 1100 413 possessor

220 424 365 463 debebat
375 423 535 465 „Ecclefiae
569 433 626 458 aut
648 420 839 458 Monasterii
862 418 1010 454 Clericos
1044 428 1100 453 aut

230 473 419 512 Monachus
428 475 532 515 alere,
559 473 715 511 fabricam
736 479 978 510 manu-tenere,
1003 468 1036 503 δε
1056 479 1101 502 re-

225 527 318 570 -liqua
328 524 483 559 sustinere
493 534 612 563 onera,
637 521 741 556 caeteri
754 529 929 565 proventus
950 528 1042 554 erant
1060 518 1101 553 ad

228 576 297 620 ejus
317 586 453 610 nutum.
481 575 530 609 Ea
550 571 650 607 hodie
663 582 817 607 vocamus
834 568 990 604 beneficia
1010 568 1102 609 unita

229 627 265 662 δε
286 625 491 670 incorporata
509 622 624 658 mensae
646 621 799 664 Episcopi
822 645 834 661 ,
859 619 1027 663 Capituli,
1051 619 1102 658 vel

230 675 392 712 Abbatis.
420 672 574 720 Qodvis
593 672 653 706 erit
673 673 732 706 suo
753 671 829 705 loco
850 668 1102 704 elucidandum.

232 726 415 763 Laudatam
426 723 526 767 igitur
537 720 713 759 Ecclesiam
723 722 768 755 ad
775 721 985 764 stipendiarios
1007 722 1104 752 Cano-

232 772 485 817 nicorymsuorum
498 770 568 814 usus
581 771 759 820 possederat
769 769 903 814 pacifice
921 779 977 814 per
986 768 1105 803 ducen-

231 821 474 860 tosfereannos
486 821 733 864 Ultrajectensis
754 821 950 865 Episcopus:
978 817 1105 858 Verum.

230 874 334 916 ipsam
354 872 389 907 in
406 873 463 907 sua
473 870 633 907 Parochia
654 872 745 906 fitam
756 868 958 906 considerans
969 865 1106 905 Roboth

230 922 452 959 Tornacenfis
465 922 625 960 violenter
635 921 753 958 invasae
762 921 794 957 se
812 920 940 960 intrufit
959 919 1107 969 poffeffo·

1905 151 1972 200 47

1166 226 1233 250 rem
1246 239 1254 247 .
1281 212 1422 251 Videtur
1432 214 1588 250 censuisse
1599 214 1776 255 Ecclesiam
1788 225 1856 252 non
1868 218 1956 262 posse
1976 220 2041 256 effe

1167 266 1202 300 in
1212 263 1362 305 dominio
1383 265 1668 308 alieniEpiscopi.
1696 265 1821 305 Verum
1844 268 1911 303 sine
1923 269 2039 304 funda·

1167 326 1281 353 mento
1299 340 1308 352 ,
1346 316 1479 351 Etenim
1499 314 1746 350 Torholtanam
1781 316 1879 362 prope
1913 318 2038 364 Brugas

1167 366 1295 403 Cellam
1316 377 1357 414 ex
1377 365 1538 400 Ludovici
1557 365 1611 399 Pii
1633 363 2038 408 Imperatoris'donatione

1166 416 1259 452 fuiss'e
1269 415 1392 454 dudum
1406 416 1598 459 poffeffama
1609 415 1730 456 Sansto
1741 413 1923 450 Anschario
1935 420 2042 458 Ham.

1166 466 1315 512 burgensi
1337 466 1521 509 Episcopo,
1546 465 1655 510 postea
1677 463 1718 499 ab
1739 464 1806 509 ejus
1828 464 1900 500 filio
1917 467 2040 507 Carolo

1166 516 1272 554 Calvo
1303 515 1396 561 Rege
1439 516 1551 556 datam
1587 515 1766 560 Regniano
1801 514 1930 556 Comiti
1956 540 1969 556 ,
2005 518 2041 557 ὃς

1167 566 1255 601 hunc
1275 578 1313 601 ea
1337 566 1379 601 de
1390 567 1484 601 causa
1506 567 1657 610 punitum
1667 564 1863 607 Divinitus,
1888 566 1925 599 in
1935 565 2043 600 lauda.

1167 617 1194 653 ti
1207 615 1382 653 Anscharii
1400 617 1467 659 vita
1478 617 1574 651 refert
1585 616 1654 659 ejus
1666 615 1843 658 discipulus
1867 616 1903 650 δε
1924 616 2045 652 succes-

1170 669 1221 702 sor
1243 665 1434 708 Rembertus
1453 691 1461 699 .
1498 666 1543 701 Et
1564 664 1645 705 hinc
1666 678 1724 710 pro
1745 664 1944 709 Trajedtensi
1968 666 2046 710 Epi-

1168 718 1264 764 scopo
1286 718 1480 759 sententIam
1502 716 1588 753 dixit
1605 716 1715 757 noster
1735 715 1913 760 Gregorius
1932 740 1944 757 ,
1965 716 2047 760 ejus-

1167 778 1230 811 que
1250 768 1480 808 executionem
1513 766 1680 812 delegavit
1703 766 1851 807 Manaffe
1874 766 2045 801 Remensi.

1169 818 1246 851 Fuit
1257 817 1429 858 dumtaxat
1450 818 1634 863 poffefforia
1654 814 1878 856 recredentia:
1905 816 2048 854 Causam

1169 866 1380 917 principalem
1390 869 1532 920 permisit
1543 866 1713 919 disceptari
1723 867 1758 902 in
1769 867 1832 903 alia
1843 865 2000 911 Synodo.

1793 1040 2030 1054 q-——q--a-o

386 1129 1887 1212 LATROCINALE

228 1279 825 1370 HENRICI
881 1281 1027 1372 IV,
1085 1277 2060 1367 IMPERATORIS

305 1445 970 1538 *coNCILIUM
1013 1441 1963 1512 WORTMATIENSE

290 1570 351 1604 Ine
370 1569 437 1605 hoc
452 1571 626 1607 latrocinio
646 1571 815 1616 sequentia
837 1570 938 1606 nostri
957 1570 1109 1616 Gregorii

318 1620 472 1657 Concilia
504 1633 543 1657 ac
562 1623 702 1660 Decreta
724 1623 781 1656 vix
803 1621 923 1666 poffint
943 1620 1107 1666 intelligi.

230 1671 398 1706 Henricus
409 1670 505 1712 Rex,
529 1673 698 1718 quousque
717 1671 812 1706 illum
833 1672 876 1707 de
892 1672 1005 1708 multis
1019 1681 1110 1705 accu-

230 1722 360 1761 santes,
386 1721 526 1765 ideoque
551 1721 821 1757 &obedientiam
837 1722 1038 1767 denegantes
1060 1721 1110 1756 Sa-

231 1781 362 1807 xonum
369 1770 472 1806 Proce
478 1783 524 1807 res
548 1773 581 1807 ὅ(
593 1772 745 1816 Episcopi
758 1773 855 1812 armis
865 1772 1112 1816 praevaluerunt,

231 1819 393 1856 humilem
424 1822 455 1856 se
476 1822 570 1866 geffit
596 1823 682 1867 apud
707 1822 825 1858 Sedem
859 1822 1112 1866 Apostolicam,

231 1870 448 1916 omniumque
467 1873 501 1906 in
515 1873 624 1918 Regio
645 1872 757 1908 officio
767 1873 952 1908 excessuum
977 1884 1016 1906 ac
1027 1872 1112 1906 defe-

231 1921 341 1955 stuum
363 1921 538 1964 spopondit
560 1924 672 1958 seriam
694 1924 930 1959 correctionem
949 1947 956 1955 .
984 1922 1110 1957 Verum

230 1968 296 2005 hoc
306 1981 395 2005 anno
416 1972 516 2006 factus
530 1973 565 2006 in
591 1973 654 2007 isto
667 1973 816 2015 felicior,
843 1973 1011 2008 leoninam
1022 1984 1112 2006 men·

229 2029 299 2055 tem
321 2032 402 2055 mox
428 2022 575 2065 prodidit
593 2049 603 2064 ,
630 2024 809 2058 noviffimae
830 2024 960 2067 Papalis
982 2022 1109 2066 Synodi

202 2077 205 2081 ·
229 2071 350 2114 sprevit
361 2071 501 2106 Decreta
515 2098 525 2113 ‚
552 2074 585 2107 &
599 2074 745 2109 facinora
758 2074 939 2108 cumulavit
961 2073 1112 2107 facinori-

231 2118 306 2154 bus.
333 2121 427 2154 Hinc
439 2122 597 2164 adipsum
621 2124 760 2157 Decreta
786 2123 832 2156 est
846 2123 1039 2165 Apostolica
1051 2123 1112 2156 Le-

229 2170 325 2214 gatio
350 2193 362 2209 ,
396 2170 437 2204 de
460 2181 523 2213 qua
558 2170 752 2205 Lambertus
787 2171 1111 2216 Schafnaburgenfis:

228 2223 296 2253 Rex
306 2220 454 2251 Natalem
466 2223 743 2253 DomintGoslariae
754 2220 920 2253 celebravit
936 2244 944 2252 .
971 2221 1049 2263 Ejus
1074 2221 1111 2254 il·

228 2269 275 2303 lic
298 2268 382 2302 Aeta
402 2267 578 2308 describit,
604 2280 640 2303 ac
662 2270 784 2314 pergit:
811 2271 946 2303 Aderant
964 2272 1111 2311 praeterea

230 2317 433 2353 Hildebrandt
451 2321 546 2361 Papae
562 2322 694 2363 Legati,
725 2321 939 2353 denuntiantes
960 2323 1053 2363 Regi,
1078 2330 1112 2352 ut
1128 2351 1130 2355 ,

226 2368 354 2413 secunda
365 2366 590 2411 feri'asecundae
610 2369 805 2403 hebdomadae
829 2376 861 2403 in
873 2368 1110 2414 ,Quadragefima

230 2420 276 2452 ad
293 2419 438 2456 synodum
459 2421 562 2452 Romae
574 2428 749 2460 occurreret,
774 2421 812 2454 de
827 2420 1019 2461 criminibus,
1045 2431 1111 2462 quae

230 2468 423 2508 objicerentur
446 2492 457 2508 ,
482 2467 601 2512 causam
627 2470 762 2503 diclurus
788 2495 794 2502 .
823 2471 956 2512 Alioquin
972 2469 1062 2513 siim
1076 2469 1111 2513 se

231 2517 341 2561 absque
353 2523 429 2550 omni
436 2519 721 2561 procrastinatione,
747 2521 845 2554 eodem
865 2522 914 2554 dic
937 2522 973 2553 de
994 2528 1110 2562 corpore

226 2566 344 2612 sanllae
365 2566 499 2608 Ecclefiae
512 2591 523 2607 ,
549 2569 703 2610 apostolico
727 2570 915 2605 anathemate
933 2571 985 2614 effe
999 2570 1107 2613 abscin-

231 2617 380 2652 dendum.
409 2617 490 2650 Non
506 2617 570 2660 jam
584 2628 638 2660 per
649 2618 819 2660 vicarios,
846 2620 901 2655 sed
923 2620 957 2653 in
978 2621 1109 2664 propria

230 2668 367 2712 persona
379 2666 565 2701 Henricum
578 2667 757 2713 Gregorius
774 2669 916 2703 Romam
928 2670 1040 2705 citavit
1051 2695 1058 2702 .

281 2716 393 2762 Pergit
417 2716 630 2753 Lambertus:
656 2720 736 2762 ραι·
753 2722 877 2761 Legario
891 2723 999 2762 Regem
1021 2719 1110 2753 vebe-
1127 2723 1129 2725 ’

231 2775 344 2800 menter
356 2772 527 2809 permovit,
546 2766 706 2811 statimque
717 2768 844 2809 abjeeiis
858 2779 922 2803 cum
931 2775 1026 2813 gravi
1046 2781 1110 2803 con-

231 2818 354 2851 tumelia
367 2820 490 2861 Legatls
503 2841 515 2857 ‚
539 2829 637 2851 omnes
649 2823 743 2862 quiin
755 2822 855 2862 Regno
861 2817 913 2862 suo
937 2819 1024 2863 effent
1034 2822 1109 2861 Epi-

228 2863 328 2910 [σαροῖ
355 2868 390 2902 <5
416 2866 546 2901 abbates
557 2892 567 2907 ,
594 2872 798 2902 VVortmatiae
814 2871 968 2903 Dominica
989 2872 1109 2912 septua-

231 2915 345 2963 gefimae
356 2922 511 2952 convenire
517 2924 663 2960 praecepit
677 2943 688 2958 ,
714 2919 844 2952 trac‘lare
854 2929 919 2955 cum
939 2925 983 2953 eis
1005 2921 1109 2954 volens
1127 2930 1129 2932 ’

233 2969 280 2998 ad
299 2968 504 3009 deponendum
526 2971 691 3002 Romanum
719 2968 911 3010 Pontificem,
931 2968 962 3011 fi
976 2981 1037 3013 qua
1053 2969 1110 3012 fibi

234 3020 291 3048 vla
302 3039 312 3055 ,
332 3015 426 3059 siqua
439 3023 518 3051 ratiov
525 3026 643 3060 pateret
652 3044 659 3051 .
686 3023 704 3052 1
706 3030 724 3051 n
734 3018 787 3052 boc
795 3019 914 3053 cardine
926 3026 1017 3054 totam
1029 3026 1110 3057 verti

233 3075 319 3098 ratus
337 3063 468 3108 salutem
486 3065 592 3109 suam,
618 3071 653 3103 Θ
674 3072 772 3113 Regni
788 3068 984 3112 stabilitatem
1004 3093 1016 3110 ‚
1051 3082 1059 3104 ι
1083 3074 1108 3102 s's

213 3139 216 3143 κ
234 3126 293 3148 non
316 3114 380 3158 effer
400 3114 561 3159 Episcopus
576 3142 584 3150 .
613 3118 777 3153 Reinerus
802 3119 998 3155 Reineccius
1014 3143 1026 3161 ,
1051 3121 1108 3163 qui

234 3165 377 3198 Henrici
389 3167 492 3206 quarti
506 3167 606 3201 vitam
633 3169 668 3203 ὅ(
688 3167 1052 3205 BennonisCardinalis
1073 3171 1106 3204 in

233 3214 382 3248 nostrum
405 3215 602 3259 Gregorium
624 3219 801 3253 scommata
824 3218 974 3264 vulgavit
1000 3219 1108 3266 elapso

233 3265 371 3303 saeculo,
397 3264 523 3299 addidit
548 3266 583 3299 &
597 3266 685 3303 datas
705 3268 746 3303 ad
762 3270 913 3303 San-stum
929 3269 1109 3305 Annonem

233 3314 471 3349 coloniensem
493 3315 784 3362 Archiepiscopum
814 3319 936 3354 litteras
958 3341 968 3357 ,
993 3318 1110 3362 quibus

233 3363 434 3399 Pontificem
468 3366 542 3400 Rex
561 3368 689 3402 accusat
714 3368 754 3402 de
775 3369 871 3403 variis
896 3367 1109 3406 criminibus.

232 3412 348 3451 Primo
356 3440 368 3457 ,
392 3414 436 3451 de
445 3416 591 3452 violenta
602 3415 803 3463 Apostolicae
812 3417 902 3454 Sedis
924 3418 1090 3456 invasione
1102 3445 1108 3453 .

1176 1568 1325 1604 Secundo
1337 1593 1349 1611 ,
1372 1568 1462 1613 quod
1475 1569 1682 1613 Imperialem
1692 1569 1888 1614 dignitatem
1909 1571 2036 1613 spernat
2049 1595 2060 1604 .

1176 1619 1296 1655 Tertio
1308 1643 1320 1661 ,
1344 1621 1427 1665 quod
1445 1620 1560 1653 nullum
1571 1620 1638 1660 ejus
1647 1619 1762 1660 judicio
1782 1620 1848 1652 licet
1857 1620 1909 1662 effe
1920 1621 2061 1654 Sacerdo-

1175 1678 1236 1704 tem
1248 1695 1259 1713 ,
1285 1669 1342 1711 nist
1348 1675 1400 1712 qui
1411 1668 1462 1703 boc
1473 1669 1512 1702 ab
1524 1671 1588 1711 eJ'us
1600 1668 1685 1710 fastu
1695 1669 1928 1702 emendicaverit
1943 1693 1950 1700 .
1979 1669 2060 1704 Hoe

1175 1720 1244 1761 est,
1269 1720 1330 1754 nisi
1341 1718 1454 1754 abillo
1464 1717 1687 1763 fueritpraevie
1697 1719 1926 1754 confirmatus.
1953 1718 2062 1765 Qar-

1176 1768 1234 1810 to,
1258 1769 1348 1813 quod
1361 1771 1466 1815 ipsum
1477 1769 1621 1815 Regno,
1649 1767 1756 1805 immo
1782 1769 1893 1804 &vita
1922 1769 2062 1811 spoliare

1175 1819 1301 1855 studeat
1322 1844 1334 1861 ,
1360 1821 1396 1855 ὅ(
1416 1820 1561 1857 minetur
1580 1845 1588 1853 .
1625 1818 1760 1866 Qinto
1780 1844 1792 1861 ,
1817 1817 1907 1864 quod
1933 1818 2063 1863 Regios

1177 1881 1278 1914 nuper
1291 1874 1421 1915 Legatos
1435 1876 1668 1906 incarceraverit
1679 1894 1691 1912 ,
1715 1877 1879 1906 carceratos
1890 1870 2031 1905 nuditate
2049 1893 2063 1910 ,

1167 1920 1305 1965 frigore,
1324 1922 1438 1965 fame,
1457 1920 1529 1963 firi,
1549 1922 1653 1966 plagis
1672 1925 1849 1955 contriverit
1862 1944 1873 1961 ,
1893 1919 1990 1962 ficque
2010 1921 2063 1955 de-

1174 1983 1255 2005 mum
1275 1972 1320 2007 ad
1339 1972 1506 2013 exemplum
1525 1979 1580 2014 per
1591 1971 1719 2004 medium
1739 1975 1875 2006 civitatis
1896 1971 2066 2005 circumdic-

1173 2020 1233 2054 cios
1248 2021 1383 2056 omnibus
1401 2020 1600 2065 speHaculum
1618 2021 1755 2064 praebere
1770 2021 1905 2065 jufferit.
1933 2020 2035 2055 Sexto
2049 2045 2061 2061 ,

1174 2082 1309 2106 omnem
1323 2071 1408 2107 hanc
1421 2071 1680 2114 persecutionem
1702 2071 1835 2106 fundari
1851 2072 1886 2105 in
1898 2082 1939 2105 eo
1951 2095 1962 2111 ,
1988 2077 2061 2114 quia

1174 2132 1220 2152 me
1245 2122 1283 2153 de
1295 2122 1353 2153 Deo
1364 2145 1375 2161 ,
1402 2131 1459 2153 non
1485 2123 1524 2154 de
1543 2119 1605 2162 ipso
1617 2132 1743 2163 regnare
1766 2122 1845 2154 velle
1857 2122 1940 2155 vidit
1951 2145 1961 2161 ,
1986 2129 2060 2163 quia

1174 2168 1235 2212 ipse
1255 2181 1302 2203 me
1321 2173 1428 2213 Regem
1450 2181 1509 2203 non
1530 2169 1673 2209 constituit
1685 2193 1693 2202 .
1721 2170 1766 2202 Et
1785 2169 1978 2203 concludit:
2006 2174 2062 2203 Ne

1170 2223 1274 2263 pigeat
1283 2227 1318 2252 ut
1326 2225 1359 2252 in
1373 2218 1554 2263 Pentecosten
1566 2225 1595 2254 V
1594 2223 1795 2258 Vortmatiam
1805 2223 1928 2259 venias,
1938 2220 1973 2253 sa·
1986 2221 2061 2261 quid

1173 2270 1322 2313 agendum
1327 2268 1366 2311 fit
1386 2270 1489 2303 doceas
1501 2295 1509 2304 .

1224 2319 1273 2352 At
1292 2330 1417 2354 certum
1443 2321 1478 2355 δε
1494 2320 1618 2356 clarum
1642 2319 1688 2354 est
1703 2319 1887 2364 Epistolam
1898 2317 1986 2353 hane
1995 2320 2060 2357 esse

1174 2370 1281 2403 fistam
1301 2394 1309 2401 -
1347 2370 1428 2406 Hoc
1450 2370 1542 2405 enim
1567 2379 1715 2414 tempore
1742 2369 1933 2404 defunstum
1962 2370 2060 2404 fuisse

1173 2419 1326 2454 Sanctum
1349 2417 1533 2457 Annonem
1559 2444 1570 2460 ,
1597 2420 1643 2456 est
1665 2420 1758 2463 supr&
1779 2420 1944 2455 ostensum
1968 2444 1975 2451 .
2015 2420 2060 2455 Et

1173 2468 1253 2503 hinc
1276 2468 1367 2512 quod
1389 2471 1425 2504 in
1445 2481 1627 2507 memorato
1649 2470 1847 2506 Goslariensi
1878 2470 2058 2508 Conventu

1172 2519 1340 2555 Henricus
1363 2521 1437 2555 Rex
1460 2521 1531 2565 ejus
1555 2522 1591 2555 in
1627 2521 1739 2555 locum
1760 2521 1900 2559 voluerit
1923 2520 2061 2556 Hildol-

1174 2568 1276 2613 phurn
1301 2593 1312 2610 ,
1337 2569 1551 2606 Canonicum
1575 2571 1819 2609 Goslatiensem
1839 2596 1852 2613 ‚
1880 2570 1995 2605 animo
2021 2570 2057 2609 ὃς

1173 2630 1308 2663 corpore
1319 2619 1579 2655 obscuriffimum
1593 2645 1604 2662 ,
1630 2619 1792 2658 intrudere
1802 2621 1909 2664 Regia
1933 2619 2058 2654 violen-

1171 2669 1218 2704 tia
1232 2693 1244 2710 ,
1269 2669 1402 2704 testatur
1412 2671 1565 2706 laudatus.
1573 2669 1761 2705 Monachus
1772 2668 2059 2714 schafnaburgen-

1172 2719 1211 2753 sis
1233 2743 1244 2759 ,
1269 2720 1305 2754 δε
1324 2719 1476 2764 adjungit
1500 2721 1651 2757 causam:
1675 2724 1742 2754 Rex
1765 2720 1893 2754 recolens
1922 2722 2057 2752 Annona-

1173 2767 1382 2813 Arcbiepiftopi
1402 2770 1595 2810 constantiam
1615 2795 1626 2810 ,
1665 2770 1700 2803 ὦ*
1721 2769 1868 2803 invidum
1906 2770 2057 2803 adversas

1172 2830 1269 2853 omnes
1291 2819 1422 2861 nefarios
1440 2817 1511 2862 suos
1527 2828 1649 2853 conatus
1667 2817 1828 2862 spiritum,
1859 2817 1986 2862 confidtd
2009 2827 2056 2852 ta-

1169 2870 1227 2903 lem
1238 2875 1264 2903 ei
1271 2868 1449 2913 succeffotem
1459 2871 1594 2903 ordinari
1615 2867 1773 2913 satagebat
1785 2893 1796 2909 ,
1821 2871 1903 2911 cujus
1915 2868 2055 2911 facilita-

1172 2929 1201 2953 te
1221 2921 1267 2953 ad
1275 2925 1373 2953 omnia
1394 2930 1462 2962 quae
1474 2921 1587 2961 vellet,
1608 2928 1666 2962 pro
1688 2919 1775 2954 libitu
1781 2918 1836 2963 suo
1846 2919 1931 2954 abuti
1941 2919 2030 2962 poffet
2042 2942 2050 2950 .

1176 2969 1268 3004 Absit
1278 2967 1357 3014 ergo
1379 2979 1416 3010 ut
1429 2970 1584 3008 Sanstum
1595 2969 1799 3011 Annonem,
1824 2969 1947 3006 etiamst
1967 2970 2055 3003 vive·

1173 3030 1220 3054 ret
1235 3045 1245 3060 ,
1268 3018 1308 3053 ad
1323 3018 1387 3054 tale
1398 3019 1679 3060 Conventiculum
1691 3020 1765 3054 Rex
1778 3020 1937 3057 invitasset
1951 3042 1959 3051 .
1986 3018 2054 3052 De-

1175 3119 1392 3159 Dominicam
1411 3119 1554 3154 indistus
1579 3121 1723 3155 &factus
1745 3118 1809 3154 fuit
1828 3117 1888 3152 iste
1900 3118 2054 3156 Conven-
2080 3118 2082 3120 ’

1175 3180 1242 3204 tus:
1270 3169 1458 3208 Romanam
1482 3170 1573 3205 enim
1582 3169 1754 3214 Synodum
1776 3166 1947 3212 praevenire
1961 3166 2053 3205 vole*

1176 3219 1229 3254 bat
1251 3220 1437 3262 Henficus,
1462 3230 1564 3265 atque,
1584 3220 1629 3258 ita
1642 3231 1698 3264 per
1709 3218 1923 3263 degradatum
1938 3216 2054 3255 Ponti-

1175 3271 1269 3304 ficem
1295 3281 1364 3307 non
1385 3270 1475 3315 posse
1497 3268 1794 3308 excommunicari.
1825 3268 1869 3304 Et
1880 3278 1965 3313 quos
1984 3266 2053 3310 ejus

1175 3320 1318 3364 Legatos
1329 3321 1503 3355 carceravit
1514 3320 1715 3366 Gregorius,
1741 3328 1797 3353 aut
1818 3316 1974 3363 probrose
1997 3327 2054 3360 per

1173 3370 1284 3405 urbem
1308 3370 1527 3405 circumduxit
1549 3372 1562 3404 ?
1602 3371 1713 3404 Nemo
1737 3367 1772 3403 id
1798 3368 1919 3413 scripsit
1942 3380 1951 3400 :
1977 3368 2052 3402 Nec

1171 3419 1237 3464 ipse
1256 3419 1441 3457 Cardinalis
1463 3421 1598 3456 Benno.
1626 3420 1710 3457 Iaem
1722 3419 1822 3465 usque
1842 3427 1923 3454 tunc
1934 3417 1974 3451 de
1997 3414 2051 3453 de·

1832 3464 2002 3514 gradando.

1153 3070 1251 3315 lind&r
1264 3080 1332 3103 non
1351 3068 1392 3103 ad
1404 3069 1617 3105 Pentecosten
1630 3095 1640 3111 ‚
1668 3070 1723 3104 sed
1743 3069 1784 3104 ad
1807 3067 2052 3112 Septuagefimae
