2372 3756
156 259 186 292 Ι,-
200 269 259 292 1.c.
273 270 317 291 xc.
333 265 430 307 agant
443 249 654 299 penitentiam
671 278 683 295 ,
710 257 827 298 qualem
862 260 1053 298 antiquorum
1081 257 1206 291 Patrum

329 311 537 356 poenitentium
557 306 708 348 exempla,
739 307 774 343 Θ
795 305 956 341 aue‘lort'tas
980 308 1130 339 canonica
1137 302 1205 346 san·

331 365 388 396 cit.
414 358 495 398 ‚Quis
516 366 643 398 namque
666 361 797 391 criminis
817 366 882 391 reus
895 379 906 396 ‚
926 359 984 400 qul
1002 361 1103 397 utique
1109 359 1206 397 poeni-

331 411 426 443 tentia
431 406 551 447 publica
563 406 664 441 debuit
675 405 817 441 mulc‘lari
828 430 839 446 ‚
864 405 1012 448 cingulum
1024 407 1140 442 militiae
1158 405 1205 438 de-

323 461 433 500 ponit,
458 458 492 493 ό·
511 458 532 492 a
557 456 708 491 liminibus
735 454 887 497 Ecclefiae,
915 464 1049 498 coetuque
1072 454 1204 497 fidelium

322 517 444 544 arcetur
455 531 467 547 ,
494 508 527 540 Θ
538 507 559 537 ἃ
572 505 681 545 christi
693 503 985 549 Corporeseparatur
998 507 1011 540 ἓ
1035 508 1116 549 ‚Quis
1133 513 1204 545 por-

326 560 360 592 νό
379 562 412 590 in
433 563 528 593 ,clnere
547 557 582 590 (θ’
601 556 692 591 cilicio
704 580 715 596 ‚
740 567 819 589 more
838 560 1049 597 poenrtenttum
1071 559 1203 595 antiquo-

326 619 414 649 rum,
437 607 778 649 lamentapoem'tudints
796 603 948 649 suscipit?
975 604 1201 642 perniciosum

325 657 416 694 hunc
433 658 467 692 &
488 655 712 693 scandalosum
734 655 913 703 disciplinae
934 656 1060 699 lapsum
1088 653 1200 688 multis

324 708 474 751 deplorat
496 730 507 746 ,
533 715 631 750 atque
651 705 802 752 adjungit
823 719 833 739 :
860 706 942 741 Illud
960 711 1052 738 etiam
1077 706 1199 741 minime

320 757 565 800 pratereundum
577 756 616 800 est
624 780 635 798 ‚
663 758 744 799 quod
753 757 879 799 quidam
887 763 1073 798 peccatorum
1080 752 1199 802 suorum

321 806 425 854 conscii
446 812 599 853 imperitos
625 813 796 842 animarum
816 804 941 849 suarum
959 805 1084 839 medicos
1108 812 1195 846 expe·

320 865 389 892 tunt
409 883 420 899 ,
446 866 480 894 ut
497 856 555 899 fibi
580 858 626 890 ad
638 866 740 893 votum
764 855 848 901 suum
868 859 1055 899 poenitentiae
1066 863 1198 897 ,tempora

320 913 476 950 imponant
487 930 498 946 ‚
522 908 677 949 &peritos
689 908 798 940 idcirce
809 906 958 941 declinant
967 930 978 946 ,
1005 917 1042 941 ne
1054 905 1195 945 austerius

318 969 366 993 eos
372 962 557 1003 penitentia·
570 958 717 991 addicant
728 980 736 988 .
763 955 1045 994 Poenitenrialium
1057 954 1194 1000 Presby-

317 1017 461 1044 terorum
480 1006 704 1054 ignorantiam
727 1006 868 1052 graviter
888 1004 1043 1050 damnat,
1067 1017 1105 1043 ac
1128 1017 1194 1050 per-

315 1058 367 1102 git
380 1071 390 1091 .·
416 1059 490 1095 Sunt
502 1062 594 1093 etiam
601 1058 737 1101 plerique
744 1055 898 1100 spiritales
909 1057 1019 1094 Medici
1029 1080 1040 1096 ,
1064 1062 1115 1102 qui
1135 1067 1193 1093 me-

315 1109 412 1145 dendi
434 1112 603 1143 animarum
627 1107 754 1145 vulnera
766 1105 877 1143 babent
884 1111 1049 1148 peritiam,
1070 1105 1191 1150 sedaut

316 1163 428 1192 amoris
443 1163 581 1203 proprii,
607 1166 660 1191 aut
677 1157 860 1192 adulationis
884 1154 970 1200 causa
988 1179 999 1196 ,
1024 1152 1126 1194 errata
1151 1168 1192 1190 eo-

314 1216 384 1242 rum
401 1233 412 1251 ‚
437 1214 490 1251 qut
506 1207 562 1249 sthi
581 1207 774 1253 confeffionem
792 1206 913 1254 suorum
932 1203 1119 1253 vpeccatorum
1137 1206 1191 1248 fa·

313 1264 419 1299 ciunt,
438 1257 648 1301 saluberrima·
664 1262 849 1300 poenitentia
881 1261 974 1301 rigore
993 1256 1092 1303 ferire
1115 1256 1189 1297 refu-

308 1313 411 1354 giunt.
442 1310 588 1347 omnem
600 1307 690 1347 hunc
700 1306 879 1350 disciplinae
890 1307 1015 1351 lapsum
1026 1307 1190 1345 duriffim&

312 1358 458 1403 exagitat
473 1383 485 1400 ,
505 1355 681 1402 suadetque
691 1357 941 1407 corrigendum,
968 1357 1073 1408 Qud
1087 1358 1188 1399 ipsum

311 1408 428 1443 eodem
450 1419 597 1453 tempore
622 1409 770 1447 fecerunt
795 1407 831 1445 in
856 1407 920 1445 suis
946 1406 1189 1449 capitularibus

311 1457 557 1503 Theodulphus
570 1457 809 1496 Aurelianeufis
820 1482 831 1498 ,
857 1456 977 1499 Hayto
991 1456 1188 1496 Basileenfis‚

310 1509 514 1543 Hincmarus
535 1508 706 1547 Remenfis
726 1531 738 1548 ,
765 1507 933 1545 Herardus
964 1506 1188 1548 Turonensis,

310 1558 399 1592 Isaac
419 1559 600 1603 Episcopus
613 1557 851 1603 Lingonenfis.
880 1555 947 1590 Sub
959 1555 1188 1600 Merovingio-

309 1621 383 1643 rum
407 1609 540 1658 Regum
556 1607 676 1646 desidia
689 1606 810 1656 lapsam
821 1604 1027 1655 disciplinam
1039 1605 1187 1645 restaura-

309 1669 407 1698 runt.

360 1706 516 1752 Ejusdem
543 1707 614 1752 post
637 1715 760 1750 patrata
781 1707 816 1743 in
839 1707 1034 1744 Formosum
1052 1705 1188 1743 Pontifi-

311 1754 394 1796 cernv
409 1756 556 1795 scandala
576 1757 701 1802 lapsum
721 1755 874 1795 describit
889 1757 923 1794 in
935 1757 1048 1791 litteris
1060 1754 1100 1790 ad
1114 1757 1188 1794 Ale-

312 1808 476 1846 xandrum
498 1808 676 1845 secundum
698 1807 898 1845 Pontificem
919 1808 1053 1845 Saucius
1075 1807 1188 1846 Petrus

312 1858 494 1897 Dauniam,-
523 1862 602 1893 Dum
614 1857 737 1903 afflielio
747 1862 845 1891 carnis
856 1857 999 1892 arandis
1016 1863 1187 1902 poenitentl·

312 1909 367 1944 bus
388 1911 463 1954 pen?
482 1908 626 1952 respuitur
647 1914 679 1943 in
687 1907 1188 1955 praefigendispoenitentiamjudi-

311 1966 368 1995 ciis
377 1966 468 2004 *vigor
480 1967 637 1998 canonum
644 1960 767 2003 penitus
780 1965 942 1993 enervatur
954 1983 961 1990 .
988 1957 1188 2001 ,Quamobrem

313 2018 367 2043 aut
377 2011 451 2045 liber
462 2011 578 2045 omnini>
589 2009 769 2043 claudendus
793 2007 831 2048 est
844 2013 1015 2052 canonum,
1045 2017 1100 2041 aut
1110 2010 1130 2040 ἃ
1142 2010 1188 2041 de-

313 2062 450 2105 leganda·
458 2064 645 2104 poenitentiae
657 2060 811 2096 laxatione
821 2059 984 2102 cessandum
995 2083 1003 2091 .
1018 2061 1098 2102 ‚Quis
1109 2065 1188 2092 emm

307 2111 497 2154 saecularium
508 2110 597 2155 ferat
620 2135 631 2151 ‚
651 2109 678 2152 fi
698 2112 750 2143 vel
770 2110 867 2142 triduo
887 2116 945 2150 per
969 2107 1188 2142 hebdomadam

303 2164 446 2203 jejunare
463 2164 609 2204 precipias
632 2161 644 2193 ?
670 2160 760 2193 Mod&
806 2158 920 2191 amacha·
943 2157 1086 2201 laefionem
1102 2157 1186 2201 fimu-

310 2213 376 2244 lant
388 2236 399 2253 ‚
424 2211 510 2245 moda
519 2208 633 2252 splenis
648 2208 714 2253 five
725 2207 811 2251 vestre
822 2210 1027 2245 lamentantur
1038 2203 1164 2244 exitium
1176 2234 1186 2253 ,

311 2263 398 2296 moda
419 2261 545 2295 marcidi
572 2259 722 2304 pulmonis
744 2264 819 2293 vitio
840 2260 996 2293 intercludi
1005 2258 1123 2300 fibimet
1133 2271 1186 2292 an-

311 2312 437 2347 helitum
447 2317 676 2351 conqueruntun
703 2309 907 2345 Libertinam
918 2309 966 2345 sui
989 2309 1093 2342 saeculi
1107 2309 1185 2346 laxi-

312 2370 414 2399 tatem
438 2359 584 2406 plurimis
605 2359 816 2393 lamentatur,
845 2359 887 2394 Et
907 2358 941 2394 in
972 2360 1120 2394 sermone
1145 2358 1186 2393 ad

313 2410 473 2457 populum
488 2422 496 2444 z
522 2414 560 2443 In
568 2414 753 2453 poenitemlae
776 2415 891 2444 virtute
906 2410 1037 2455 caligant
1046 2411 1115 2443 oculi
1120 2412 1188 2451 plu-

312 2467 478 2502 rlmorum,
504 2466 555 2502 qui
577 2461 631 2495 vel
650 2457 820 2501 discretione
835 2465 982 2503 privati,
1008 2460 1060 2494 vel
1068 2460 1187 2503 affenta-

312 2520 393 2548 tione
411 2511 547 2557 seduc‘li,
572 2519 626 2543 aut
647 2507 779 2555 nesciunt
801 2510 878 2554 quid
899 2511 1078 2553 injungant,
1105 2508 1194 2551 aursi

311 2562 412 2607 sciunt
423 2586 434 2602 ,
455 2566 614 2604 privatam
620 2565 754 2605 gratiam
762 2559 934 2602 praefhrunt
951 2565 1090 2595 veritati.
1118 2559 1189 2592 Ma·

310 2607 422 2658 >gnum
434 2611 525 2647 istius
535 2611 639 2645 saeculi
661 2611 773 2644 lumen
786 2609 849 2644 fuit
861 2609 994 2643 Sanstus
1003 2610 1109 2644 odilo
1123 2608 1189 2646 Ab·

316 2662 372 2698 bas
391 2661 634 2701 Cluniaceufis‚
659 2661 692 2696 &
715 2671 826 2695 tamen
846 2659 879 2693 in
904 2657 972 2702 ejus
995 2660 1096 2694 etiam
1123 2659 1187 2694 vita

127 1891 292 1931 2.1.Ep1st.

132 1943 181 1973 15·

130 2436 215 2470 Setm.
229 2443 274 2468 70.

315 2712 428 2746 scribit
450 2711 600 2747 laudatus
631 2709 748 2745 Petrus
769 2721 776 2743 :
803 2713 841 2744 In
857 2710 1086 2752 promulgandis
1101 2710 1189 2752 judi-

315 2767 369 2797 ciis
389 2773 424 2794 ac
434 2762 529 2793 modis
545 2765 731 2801 poenitentiae
740 2759 935 2803 praefigendt's
951 2768 1016 2794 tam
1022 2765 1093 2803 pius
1103 2770 1187 2800 erat,

316 2813 351 2846 (5
373 2819 462 2844 tanta
490 2809 671 2843 merentilms
703 2809 890 2843 humanitate
919 2815 1099 2853 compatiens
1118 2834 1129 2850 ,
1156 2817 1188 2843 ut

314 2871 503 2904 nequaquam
523 2857 646 2899 difira‘lt
679 2861 784 2894 Patris
815 2862 976 2900 Imperium
996 2884 1006 2901 ‚
1036 2858 1096 2904 sed
1124 2870 1185 2892 ma-

315 2921 433 2945 ternum
448 2910 547 2953 potius
571 2907 722 2944 exhiberet
741 2908 878 2949 affl’Hum
901 2934 908 2941 .
936 2910 1019 2943 Unde
1031 2908 1066 2953 se
1090 2918 1186 2951 repre-

314 2960 512 2995 hendennbus
535 2957 701 3001 hujusmodi
724 2958 826 2992 verbis
843 2956 957 3003 solebat
988 2960 1134 3003 eleganter
1156 2961 1187 2992 il-

314 3011 431 3046 ludere:
458 3007 589 3051 Etiamfi
603 3009 797 3044 damnandus
820 3032 831 3049 ,
857 3010 932 3042 malo
954 3018 1055 3045 tamen
1076 3011 1114 3046 de
1135 3014 1187 3041 mi-

312 3060 474 3104 sericordia
495 3082 506 3099 ‚
532 3069 622 3105 quam
641 3069 680 3092 ex
699 3059 814 3093 duritia
833 3060 886 3092 vel
904 3060 1079 3093 crudelitate
1103 3060 1189 3094 dam-

316 3116 385 3145 nari
407 3136 413 3142 .
443 3109 515 3144 Pati
547 3107 683 3143 nolebat
710 3108 965 3151 appellationem
988 3109 1082 3143 istam
1113 3133 1124 3150 ‚
1149 3108 1189 3143 de

681 171 722 215 S.
759 168 1070 217 Grtcoottn
1108 177 1349 214 εεΡτῙΜῙ
1387 167 1757 216 P0N111=101s

1273 250 1387 286 Petrus
1399 265 1411 286 .·
1436 257 1488 289 Ne
1501 254 1623 295 implere
1633 254 1764 288 valentis
1773 258 1980 298 paenitentiam
1990 253 2139 294 ullatenus

1272 303 1446 338 inordinata
1463 302 1611 338 charitate
1627 301 1770 347 suscipias
1780 328 1787 336 .
1814 306 1905 348 ‚Quod
1919 303 1948 348 fi
1954 304 2114 351 sufiepms
2127 333 2139 351 ,
2155 299 2313 338 1..6.Epist·

1269 351 1468 396 instanttffima
1492 356 1625 398 agilitate
1647 352 1819 397 perftlvas.
1848 355 1969 401 Magni
1996 367 2141 401 peecato-
2157 352 2203 374 ²⁰¹

1270 413 1316 436 res
1338 403 1665 443 criminumrsuorum
1689 405 1895 447 poenitentias
1919 406 2141 452 explericura-

1268 450 1345 486 bant
1356 465 1411 497 per
1423 453 1610 489 Monachos
1624 479 1634 495 ‚
1659 464 1758 497 atque
1770 454 1814 488 ita
1828 455 1941 492 inillis
1962 458 2061 492 securi
2074 469 2143 501 per-

1268 502 1444 537 manebant
1457 529 1465 536 .
1493 506 1602 550 Qare
1614 504 1697 539 hanc
1709 503 1824 539 Divini
1835 504 1913 547 juris
1933 506 2142 551 disciplinam

1265 563 1465 595 reparaturus
1477 556 1583 588 noster
1595 556 1793 600 Gregorius,
1817 555 1996 591 ,secundum
2008 559 2142 594 saneto-

1265 613 1336 638 rum
1349 602 1482 639 Parrum
1497 605 1720 641 auctoritatem
1732 605 1883 649 deinceps
1896 605 2023 650 imponi
2042 619 2141 654 atque

1264 653 1318 697 agi
1337 652 1424 696 juffit
1436 666 1495 699 pro
1515 656 1691 690 criminum
1705 656 1861 699 qualitate
1880 657 2066 702 condignas
2076 669 2142 703 poe.

1264 704 1437 739 nitentias.
1466 705 1544 740 Hoc
1568 706 1603 739 in
1626 705 1697 740 solo
1717 706 1957 750 condignitatis
1969 707 2076 751 capite
2086 710 2140 744 de·

1262 752 1432 795 ficientes,
1460 756 1614 791 Sanctum
1635 756 1842 803 Cyprianum
1855 757 2025 802 imitatus,
2050 757 2139 795 dixit

1261 803 1392 838 inutiles
1404 806 1437 841 &
1448 806 1543 840 falsas
1555 830 1563 838 .
1836 814 1838 816 ·

1309 855 1403 902 Qin
1426 866 1567 900 quatuor
1590 856 1692 891 avitas
1711 857 1944 900 poenitentium
1955 869 2030 893 cum
2044 859 2138 895 omni

1258 902 1396 947 ipsarum
1418 917 1568 951 paratura
1591 906 1701 952 classes
1721 918 1864 950 reparare
1891 909 2013 951 optarit
2027 933 2039 949 ‚
2065 920 2136 943 non

1257 953 1302 987 est
1314 953 1532 992 dubitandum
1548 981 1556 990 .
1582 956 1707 991 Verum
1719 958 1910 1001 iniquiffirni
1924 958 2143 1003 &corruptis-

1257 1003 1327 1039 fimi
1349 1007 1507 1053 temporis
1534 1006 1617 1040 ratio
1644 1018 1712 1040 non
1739 1008 1921 1051 pariebatur
1941 1033 1948 1040 .
1977 1009 2072 1045 Hinc
2096 1020 2138 1044 ex

1258 1053 1331 1098 ipfis
1341 1055 1589 1100 saltemaliquid
1603 1057 1707 1090 voluit
1721 1057 1909 1092 reviviscere
1920 1081 1928 1091 .
1953 1058 2067 1093 Primo
2080 1069 2140 1093 vo-

1256 1103 1316 1140 luit
1327 1106 1345 1142 a
1358 1108 1538 1149 poenitente
1548 1106 1655 1141 milite
1666 1106 1786 1150 deponi
1799 1117 1886 1141 arma
1903 1131 1914 1148 ,
1938 1109 1991 1144 seu
2013 1109 2138 1144 militiae

1256 1156 1428 1200 cingulum
1441 1182 1452 1198 ,
1480 1168 1540 1191 nec
1553 1157 1658 1201 ipsum
1670 1156 1727 1191 nifi
1744 1168 1786 1193 ex
1809 1158 1963 1200 Episcopi
1980 1160 2139 1193 facultate

1255 1206 1395 1247 resumi,
1420 1207 1454 1242 &
1468 1206 1601 1251 quidem
1627 1207 1667 1241 ad
1680 1206 1783 1241 solam
1791 1206 1951 1251 justitiam
1962 1206 2137 1242 defenden-

1256 1256 1341 1298 dam.
1368 1256 1531 1299 Loquitur
1556 1269 1631 1292 curn
1658 1257 1776 1291 Siricio
1802 1257 1988 1298 pontifice,
2015 1259 2072 1303 qni
2102 1258 2138 1293 in

1257 1305 1370 1339 litteris
1388 1307 1428 1339 ad
1453 1307 1641 1340 Himerium
1662 1306 1943 1342 Tarraconensem
1965 1308 2139 1352 Archiepi-

1257 1356 1388 1398 scopum
1399 1355 1510 1391 scribit
1519 1366 1577 1389 eos
1592 1380 1604 1396 ,
1625 1355 1683 1401 qui
1699 1358 1768 1390 aaz
1781 1358 1972 1400 poenitentia
1994 1358 2138 1393 militare

1253 1404 1422 1449 cingulum
1435 1405 1557 1439 denuo
1582 1415 1740 1448 appetunt
1762 1430 1773 1449 ‚
1798 1407 1861 1446 effe
1888 1417 1984 1441 canes
2004 1408 2038 1443 δε
2063 1408 2136 1441 sues

1254 1454 1295 1491 ad
1318 1455 1480 1490 vomitum
1507 1455 1541 1489 &
1563 1455 1733 1489 volutabra
1754 1455 1943 1491 redeuntes.
1969 1456 2014 1491 Et
2029 1456 2066 1493 in
2080 1456 2136 1492 lit·

1254 1505 1327 1539 teris
1336 1505 1376 1538 ad
1389 1504 1564 1542 Rusticum
1578 1503 1828 1541 Narbonensem
1842 1504 2132 1550 Archiepiscopum

1255 1555 1388 1589 Sanetus
1425 1554 1496 1589 Leo
1528 1555 1675 1599 Magnus
1696 1565 1704 1588 t
1730 1557 1921 1590 Contrarium
1953 1555 1993 1596 est
2012 1558 2132 1589 omnin&
2151 1561 2311 1602 Epist,1,c‚

1254 1603 1456 1647 Ecclefiasticis
1473 1606 1594 1653 Regults
1607 1627 1618 1646 ,
1640 1603 1706 1648 post
1722 1610 1909 1649 poenitentiae
1931 1605 2131 1641 afflonemre-
2150 1614 2177 1639 ς-

1253 1656 1317 1688 dire
1337 1657 1382 1688 ad
1400 1655 1539 1691 militiam
1552 1653 1726 1697 saecularem
1738 1679 1747 1694 ‚
1774 1655 1838 1689 cum
1858 1654 2004 1697 Apostolus
2022 1651 2106 1690 dicat
2117 1679 2130 1696 ,

1254 1704 1398 1739 NEMO
1422 1704 1658 1741 MlLITANs
1685 1705 1786 1741 DEo
1811 1704 2051 1741 lMPLICAT
2079 1705 2134 1741 SE

1255 1754 1483 1790 NEGOTns
1508 1753 1891 1791 SAECULA-RissUs.
1918 1756 2002 1791 Unde
2018 1755 2138 1796 maest

1252 1806 1326 1842 liber
1343 1806 1364 1839 ai
1379 1807 1493 1849 laqueti
1515 1804 1632 1840 Diaboli
1647 1828 1658 1844 ,
1682 1811 1733 1847 qut
1741 1804 1774 1848 se
1792 1805 1902 1839 militia
1912 1805 2139 1839 mundana-vu

1251 1858 1339 1893 luerit
1348 1856 1503 1899 implicare
1514 1879 1522 1888 .
1549 1854 1592 1889 Et
1605 1854 1645 1888 de
1655 1854 1720 1890 illis
1732 1879 1742 1895 ,
1763 1856 1818 1898 qui
1827 1855 1902 1899 ,post
1913 1863 2080 1900 acceptam
2094 1854 2132 1890 in

1252 1917 1398 1943 extremo
1424 1906 1498 1940 vita:
1524 1905 1668 1949 periculo
1695 1906 1876 1939 solemnem
1903 1905 2133 1948 poenitentiam

1252 1956 1508 1996 convalescunt,
1534 1955 1644 1989 statuit
1666 1955 1863 1990 duodecima
1885 1955 2054 1990 Toletana
2074 1955 2134 1998 sy-

1255 2007 1359 2042 nodus
1370 2021 1389 2042 :⁷
1409 2011 1462 2042 Ne
1481 2007 1525 2040 ad
1542 2007 1674 2040 Militare
1695 2008 1842 2051 cingulum
1851 2008 1977 2041 redeant
1990 2031 2000 2047 ,
2026 2000 2210 2056 religa-'Can
2227 2029 2257 2057 z.'
2292 2008 2295 2011 '

1252 2070 1330 2092 mus.
1362 2058 1406 2092 Et
1417 2058 1460 2092 de
1468 2057 1598 2092 redacto
1611 2057 1651 2091 ad
1664 2058 1892 2101 poenitentiam
1906 2057 2062 2100 Episcopi
2074 2055 2133 2090 ho·

1253 2109 1372 2143 micida
1395 2108 1549 2151 Synodus
1568 2106 1867 2142 Theonisvillana:
1896 2109 2135 2150 cingamur-mt-

1253 2160 1342 2191 litare
1365 2159 1494 2200 deponat
1506 2182 1515 2190 .
1539 2157 1583 2190 Et
1605 2155 1645 2189 de
1658 2157 1738 2197 illo,
1752 2157 1823 2200 ‘qni
1836 2156 1965 2190 dimissa
1976 2156 2025 2190 vel
2039 2156 2134 2190 imer-

1252 2210 1333 2244 festa
1344 2219 1447 2244 uxore
1459 2208 1557 2242 aliam
1569 2206 1700 2240 duxerit
1713 2229 1723 2244 ‚
1748 2207 1784 2240 in
1807 2207 1871 2240 suis
1891 2203 2136 2249 Capitularibus

1252 2259 1431 2301 Imperator
1445 2256 1635 2291 Lodovicus
1656 2254 1732 2286 Pius
1745 2267 1756 2287 .·
1786 2260 1885 2287 Armis
1899 2254 2053 2295 depositis,
2076 2263 2134 2296 pu·

1251 2307 1357 2341 blicam
1367 2314 1441 2350 agat
1448 2310 1677 2347 poealtentiam.
1710 2304 1814 2351 Qod
1835 2304 1939 2347 ipsum
1955 2305 2136 2341 Decretum

1254 2359 1311 2391 suo
1332 2355 1516 2399 capitulari
1539 2355 1675 2388 inseruit
1695 2352 1782 2387 Isaac
1805 2353 1987 2397 Episcopus
2011 2355 2139 2399 Lingo-

1254 2406 1412 2441 nenfis.Et
1425 2404 1621 2439 habitumin
1632 2402 1804 2439 Ticinenfi
1815 2406 2014 2438 Francorum
2029 2404 2136 2449 Regia

1255 2456 1447 2491 Concilium
1470 2455 1583 2488 statuit
1604 2454 1646 2488 de
1669 2455 1794 2487 cunetis
1820 2453 1949 2497 publice
1975 2456 2137 2497 poeniten-
2179 2490 2185 2498 ,

1254 2507 1361 2542 tibus:
1387 2506 1482 2539 Nullo
1503 2506 1622 2538 militiae
1641 2503 1796 2544 saecularis
1818 2506 1950 2539 Concilio
1960 2509 2006 2539 uti
2015 2505 2136 2545 poffint.
2151 2493 2308 2524 T¹‘·²·c'⁶·

1254 2558 1366 2604 Qam
1390 2553 1554 2600 Regulam
1583 2555 1617 2587 in
1644 2555 1714 2598 ipso
1726 2554 1823 2588 etiam
1838 2554 1930 2599 Rege
1951 2554 2136 2598 aclmpera-

1254 2618 1326 2642 tore
1349 2605 1523 2640 obtinuisse
1545 2603 1643 2638 docet
1667 2604 1789 2638 laudati
1817 2604 1981 2638 Ludovici
2002 2603 2133 2646 publica

1256 2657 1469 2700 poenitentia:
1498 2656 1547 2688 Ad
1566 2656 1709 2693 militiam
1727 2653 1902 2698 saecularem
1927 2664 1985 2685 non
2012 2653 2132 2686 redeat.»

1254 2707 1302 2743 Ita
1327 2708 1386 2743 suo
1407 2707 1551 2742 Decreto
1572 2704 1691 2738 diserte
1713 2703 1847 2738 inseruit
1859 2701 2133 2746 Compendienfis

1253 2757 1407 2802 Synodus
1427 2781 1434 2789 .
1461 2755 1565 2803 Qod
1577 2754 1706 2799 publica
1719 2752 1911 2799 poenitentia
1936 2753 2028 2797 ipso,
2053 2763 2134 2795 quo·

1253 2809 1343 2844 niam
1367 2808 1435 2840 line
1449 2806 1546 2839 armis
1556 2805 1626 2850 geri
1641 2816 1709 2839 non
1724 2803 1827 2847 potest
1840 2827 1851 2843 ,
1878 2802 2000 2847 Regno
2011 2812 2110 2837 exuat
2122 2825 2134 2842 ,

1253 2858 1350 2893 docet
1363 2857 1398 2890 in
1414 2855 1558 2889 chartula
1570 2880 1580 2896 ,
1607 2853 1744 2889 Lorario
1765 2853 1881 2890 Caesari
1897 2852 1979 2896 apud
1994 2852 2134 2898 eandem

1254 2907 1427 2951 Synodum
1465 2904 1573 2940 oblata
1588 2930 1599 2946 ‚
1628 2902 1826 2948 Agobardus
1858 2902 2135 2946 Archiepiscopus

1254 2956 1479 3002 Lugdunensis
1503 2981 1510 2988 .
1537 2956 1610 2989 Nec
1635 2954 1725 2989 aliud
1749 2953 1876 2990 censuit
1903 2953 1970 2996 ipse
1992 2953 2136 2988 Ludovi·

1253 3019 1329 3043 cus.
1357 3008 1450 3040 Licet
1460 3006 1551 3040 enim
1577 3003 1729 3048 injustam
1743 3012 1841 3046 atque
1853 3002 2029 3038 invalidam
2049 3012 2137 3037 acce·

1254 3059 1345 3102 piffet
1359 3056 1586 3101 paenitentiam
1600 3078 1611 3094 ‚
1633 3065 1721 3089 arma
1733 3064 1842 3087 tamen
1855 3053 1888 3086 δε
1901 3052 2078 3097 Imperium
2090 3062 2138 3087 re·

1254 3110 1375 3142 sumere
1398 3118 1463 3140 non
1502 3105 1695 3149 praesumpfit
1718 3127 1730 3144 ,
1757 3104 1815 3137 nifi
1849 3102 2064 3146 Synodaliter
2080 3111 2137 3136 ete

2147 2143 2220 2174 Can.
2239 2153 2268 2180 4.

2149 2684 2174 2714 C
2199 2694 2242 2715 η.

316 3171 382 3204 qua
406 3160 492 3194 idem
518 3158 634 3194 Petrus
660 3159 695 3194 in
721 3158 788 3192 vita
823 3157 931 3192 Sancti
958 3158 1098 3195 Abbatis
1124 3159 1189 3193 Ro·
1232 3153 1652 3203 lpurgatus&absolutus.
1681 3153 1775 3190 Etde
1788 3152 1961 3195 Wimaro,
1988 3151 2033 3188 ob
2050 3150 2138 3186 ocri}-

317 3209 441 3246 mualdi
464 3222 472 3242 :
500 3208 556 3244 Ab
576 3208 726 3253 imposita
750 3219 805 3252 per
837 3208 1006 3243 laudatum
1032 3209 1191 3245 Romual-
1232 3189 1235 3244 i
1254 3211 1305 3247 (οε
1326 3219 1388 3242 tres
1408 3208 1493 3242 filios
1512 3204 1691 3240 redactura
1704 3203 1868 3247 publicam
1882 3202 2134 3246 poenitentiam,

317 3258 400 3294 dum
423 3259 615 3303 poenitentia
634 3260 730 3294 refert
753 3257 935 3293 olibanum
958 3259 1126 3295 Comitem
1140 3269 1190 3302 ap·
1234 3261 1236 3274 ·'
1254 3259 1295 3293 ad
1309 3256 1534 3292 Rivobradum
1550 3254 1748 3299 Episcopum
1761 3254 1879 3297 scripsit
1901 3252 2062 3287 Nicolaus
2073 3250 2133 3294 pri·
2148 3260 2232 3301 Epist.
2244 3270 2272 3300 5,

317 3308 445 3353 pellaffe
471 3308 512 3342 ad
533 3309 638 3352 plures
670 3308 850 3353 Episcopos
879 3309 915 3342 δε
946 3308 1093 3344 Abbates
1114 3333 1125 3350 ‚
1153 3320 1190 3342 ac
1254 3319 1327 3344 mus
1346 3322 1353 3341 :
1383 3313 1474 3342 Arma
1496 3304 1554 3347 nist
1559 3314 1662 3341 contra
1683 3307 1819 3348 Paganos
1835 3314 1891 3337 non
1895 3302 2000 3344 ferat.
2027 3301 2072 3342 Et
2095 3301 2132 3334 in

316 3358 389 3402 ejus
408 3356 568 3400 judicium
594 3359 685 3393 fuiffe
710 3357 928 3395 nihilominus
952 3358 995 3393 ab
1021 3359 1086 3394 illis
1111 3371 1192 3394 con-

317 3408 483 3444 firmatum
510 3431 518 3439 .

1255 3360 1370 3393 litteris
1396 3358 1437 3392 ad
1460 3354 1676 3399 Rudolphum
1698 3352 1993 3397 Archiepiscopum
2015 3350 2134 3386 Bituri-

554 3407 761 3443 Graffabatur
786 3409 821 3445 &
844 3408 928 3443 alius
962 3409 1082 3444 abusus
1107 3433 1119 3450 ,
1156 3410 1191 3444 in
1236 3410 1406 3444 v*censemz
1436 3411 1483 3441 De
1504 3405 1552 3439 bis
1574 3411 1626 3448 qur·
1642 3413 1699 3447 pro
1723 3402 1896 3438 criminibus
1920 3406 2133 3444 paenitentiam
2151 3412 2290 3456 EP-39-c-

316 3469 417 3507 quem
440 3455 548 3496 rursus
567 3457 608 3492 ad
630 3458 738 3495 nescio
761 3469 858 3503 quem
877 3458 1088 3496 Monachum
1101 3458 1191 3496 idem
1236 3446 1239 3469 ³
1251 3468 1383 3508 gerunt,
1410 3460 1444 3492 eb·
1466 3458 1512 3490 ad
1533 3456 1681 3500 cingulum
1703 3454 1820 3488 mtltttae
1833 3460 2045 3491 revertuntur,
2069 3461 2135 3484 con·
2149 3469 2175 3493 4,

1235 3513 1244 3558 ί
2022 3499 2086 3544 fiat
