2372 3756
117 2233 177 2266 Lib.
202 2237 228 2263 8.

122 2277 170 2311 Ep.
203 2291 231 2309 2.

388 151 451 200 28

312 240 378 284 puli
401 238 538 272 maxima
556 235 748 271 multitudine
766 241 951 282 congregatis
966 259 976 275 ,
995 234 1062 278 fuit
1083 236 1194 268 dlutius

316 291 489 325 altercatum
502 310 513 327 ,
539 287 644 328 clero,
668 287 805 327 Militia,
829 289 862 323 Θ
875 286 985 328 Populo
1000 285 1126 326 fortiter
1139 283 1200 325 refi-

309 339 450 381 stentibus
464 349 501 372 ne
512 338 631 380 officium
643 345 808 371 mutaretur
818 362 829 378 ,
854 341 934 380 Rege
946 338 967 368 ἃ
982 339 1096 379 Regina
1112 332 1199 377 suaso

314 393 491 424 contrarium
504 412 515 429 ‚
541 393 631 421 minis
657 389 691 422 Θ
714 387 876 421 terroribus
897 393 1051 419 intrante.
1081 387 1132 418 Ad
1149 383 1199 416 hoc

313 441 416 474 ultimo
433 450 481 472 res
497 444 639 481 pervenit
659 462 671 478 ‚
711 439 839 470 militari
855 442 1022 479 pertinacia
1044 436 1198 469 decernen-

313 500 343 527 te
353 515 364 533 ‚
389 498 422 523 ut
435 488 497 523 baec
508 487 632 532 dissensio
644 489 734 521 duelli
743 493 902 520 certamine
908 485 1062 529 sedaretur
1071 510 1078 517 .
1107 490 1197 517 Cum-

311 552 369 585 que
379 541 437 575 duo
446 539 554 573 milites
557 538 679 581 fmffi'm
692 537 772 571 eleHi
784 561 795 577 ,
821 549 896 570 unus
907 538 926 568 ci
938 539 1016 580 Rege
1032 561 1041 576 ‚
1069 540 1120 578 qui
1139 543 1196 575 pro

309 592 397 635 «fficio
418 590 591 629 Gallicano,
618 588 693 621 alter
715 590 736 620 ἃ
759 588 915 620 Militia&
922 588 1030 629 populo
1044 610 1054 625 ‚
1081 591 1132 627 qui
1140 594 1196 626 pro

308 643 450 677 Toletano
455 645 575 683 pariter
594 639 778 672 decertarent
791 662 801 678 ,
828 638 914 671 miles
937 640 1026 680 Regis
1053 636 1128 668 illico
1150 640 1196 667 vi-

308 692 372 727 c‘lus
390 691 458 733 fuit
475 714 486 730 ,
517 690 638 731 populis
666 687 873 722 exultantibus
900 689 979 729 quod
1005 686 1100 720 vic‘lor
1126 692 1192 718 erat

307 743 391 776 miles
413 740 495 783 officii
517 739 672 772 Toletani.
699 739 760 773 Sed
783 742 851 771 Rex
876 740 949 771 adeo
966 737 1063 779 fuitei
1077 739 1195 778 Regina

306 791 484 831 Constantia
494 788 664 829 stimulatus
674 811 685 828 ,
710 790 790 831 quod
805 790 826 820 ὰ
833 787 974 830 proposito
987 798 1043 820 non
1054 783 1172 828 discefflt
1183 808 1193 824 ,

305 843 433 877 duellum
449 840 596 883 judicans
611 841 667 881 jus
687 849 744 871 non
764 838 815 881 effe
827 864 834 871 .
862 839 951 870 Miles
969 845 1068 869 autem
1079 840 1191 877 quipu-

301 899 457 939 gnaverat
472 898 527 933 pro
546 890 634 933 officio
656 890 815 928 Toletano,
834 888 903 929 fuit
928 889 966 921 de
978 888 1061 919 domo
1072 888 1192 918 Maran-

303 948 358 976 tiae
381 949 473 984 prope
499 938 662 983 Pifhricam
684 962 695 979 ,
734 940 821 977 cujus
847 937 933 970 bodie
954 948 1048 980 genus
1075 935 1186 975 exstat.

303 995 437 1034 Cumque
443 988 535 1033 super
556 988 606 1021 boc
617 998 727 1032 magna
745 985 852 1031 seditio
874 995 908 1021 in
931 987 1044 1020 Militia
1055 987 1089 1020 (π
1095 993 1188 1027 popu-

300 1042 328 1076 lo
350 1047 496 1078 oriretur,
521 1039 639 1072 demum
658 1039 794 1080 placuit,
820 1045 853 1070 ut
877 1037 951 1071 liber
962 1038 1042 1079 officii
1054 1036 1188 1069 Toletani

301 1093 336 1126 ὃ·
360 1091 431 1125 liber
457 1089 542 1133 officit²
558 1089 707 1122 Gallicani
728 1093 762 1121 in
779 1099 889 1132 magna
908 1093 986 1131 ignis
999 1092 1129 1130 congerie
1135 1095 1186 1128 po-

300 1150 460 1176 nerentur.
488 1142 534 1172 Et
556 1139 665 1173 indie‘lo
686 1138 823 1171 omnibus
836 1140 956 1180 jejunio
981 1139 1001 1169 a
1026 1140 1184 1176 Primate,

300 1195 414 1236 Legata
431 1192 465 1224 Θ·
485 1190 570 1223 Clero
583 1214 593 1230 ,
619 1190 654 1223 Θ
680 1194 807 1222 oratione
828 1189 867 1221 ab
876 1187 1008 1221 omnibus
1021 1187 1182 1228 devote'pe-

298 1242 403 1280 racia,
428 1246 493 1284 igne
504 1238 680 1282 consumitur
691 1239 765 1273 liber
775 1239 856 1281 officii
876 1240 1047 1279 Gallicani,
1075 1239 1108 1270 ὢ·
1115 1244 1182 1278 pro-

290 1290 363 1334 filiit
371 1291 458 1335 super
469 1301 567 1324 omnes
577 1290 717 1331 flamma:
741 1290 890 1329 incendii,
915 1288 1027 1323 cunHis
1053 1288 1179 1321 videnti-

295 1338 350 1374 bus
363 1343 397 1376 (9⁸
411 1344 569 1374 Dominum
579 1339 774 1373 laudantibus
788 1363 799 1379 ,
824 1339 897 1372 liber
919 1340 1000 1380 officii
1025 1339 1158 1370 Toletani
1174 1358 1182 1374 ,

295 1390 407 1434 illaesus
418 1393 533 1424 omnino
553 1414 563 1431 ,
589 1392 609 1423 ᾶ
619 1389 806 1429 combustione
817 1391 949 1422 incendii
963 1388 1095 1420 alienus.
1122 1386 1183 1418 Sed

293 1442 357 1476 cum
365 1445 433 1475 Rex
443 1442 510 1486 effet
523 1445 734 1484 magnanimus
746 1463 757 1479 ‚
783 1440 817 1472 &
823 1437 888 1480 suae
901 1438 1068 1471 voluntatis
1085 1440 1177 1477 perti-

291 1502 356 1526 nax
368 1500 519 1530 executor,
544 1501 596 1523 nec
604 1489 744 1522 miraculo
754 1493 880 1521 territus
897 1512 907 1528 ‚
933 1498 981 1520 nec
990 1485 1176 1528 supplicatio·

291 1540 443 1584 nesuasus
457 1541 552 1574 voluit
563 1539 703 1572 inclinari
715 1562 725 1577 ‚
745 1537 805 1577 sed
816 1542 920 1570 mortis
926 1535 1076 1579 supplicia
1087 1537 1120 1568 ό·
1134 1536 1174 1567 di·

290 1595 451 1633 reptionem
463 1595 610 1622 minitans
635 1585 823 1627 refistentibus
837 1609 847 1625 ,
867 1591 1013 1628 praecepit
1033 1594 1065 1618 ut
1085 1586 1176 1617 Galli-

289 1651 396 1675 canum
408 1640 527 1680 officium
538 1644 570 1670 in
581 1636 714 1670 omnibus
727 1639 824 1679 Regni
842 1635 891 1679 sui
908 1636 1022 1679 finibus
1041 1633 1178 1679 servare-

289 1699 339 1726 tur
351 1715 359 1723 .
386 1692 432 1724 Et
443 1697 512 1722 tunc
523 1687 636 1721 cunetis
644 1686 784 1728 flentibus
808 1687 843 1719 (9·
863 1687 1029 1720 dolentibus
1051 1686 1176 1719 inolevit

285 1739 498 1785 proverbium:
528 1740 597 1781 ,ραὸ
610 1739 719 1771 volunt
730 1739 822 1780 Reges
837 1761 848 1777 ‚
876 1738 994 1771 vadunt
1007 1736 1100 1780 leges.
1131 1739 1177 1769 Et

290 1802 328 1825 ex
340 1799 411 1824 tunc
422 1790 609 1824 Gallicanum
621 1789 741 1831 officium
751 1796 815 1821 tam
836 1793 868 1821 in
893 1785 1038 1830 Psalterio
1049 1810 1060 1826 ,
1086 1788 1177 1828 quam

290 1847 322 1875 in
334 1843 402 1874 aliis
414 1865 425 1882 ‚
452 1850 602 1882 nunquam
615 1848 686 1871 ante
691 1834 856 1882 susceptum
868 1860 878 1876 ,
897 1837 965 1880 fuit
975 1843 1007 1870 in
1019 1834 1177 1879 Hispaniis

288 1889 480 1935 observatum
490 1915 497 1922 .
521 1893 604 1924 Licet
614 1890 787 1922 Toletanum
797 1893 830 1920 in
841 1887 987 1930 aliquibus
996 1885 1176 1925 Monasteriis

282 1940 385 1985 fuerit
396 1942 549 1984 aliquanto
559 1947 686 1981 tempore
702 1938 894 1979 custoditum,
925 1939 958 1971 t&
983 1942 1073 1970 etiam
1095 1945 1177 1970 tran·

289 1992 376 2024 slatio
389 1989 531 2034 psalterii
543 1996 574 2024 in
583 1991 724 2032 plurimrs
739 1987 873 2030 Ecclefiis
885 1986 1118 2021 Cathedralibus
1144 1989 1177 2022 δ’

291 2041 475 2083 Monasteriis
488 2041 586 2074 adhuc
597 2039 682 2073 bodie
705 2045 846 2073 recitatur
861 2063 868 2070 .
896 2039 1091 2073 Romanum
1109 2038 1177 2071 offi-

289 2093 397 2133 cium‚-
425 2091 524 2135 utipsi
541 2090 698 2126 invidiam
711 2089 832 2129 faciat,
858 2089 1027 2130 Hispanus
1045 2088 1178 2131 Episco-

289 2152 348 2187 pus
362 2150 458 2175 vocat
470 2140 680 2174 Gallicanum
693 2162 700 2172 .
1055 2145 1059 2148 ’

340 2191 480 2225 Causam
494 2214 504 2230 ,
530 2201 571 2223 ex
584 2201 646 2235 qua
659 2188 842 2223 totlitteras
864 2187 1011 2221 debuerit
1037 2187 1072 2220 in
1093 2185 1177 2220 hanc

289 2251 359 2278 rem
371 2239 507 2274 scribere
519 2264 529 2280 ‚
555 2239 693 2281 exponit
706 2238 886 2282 Gregorius
898 2237 932 2270 in
945 2236 1009 2270 alia
1021 2236 1107 2279 apud
1122 2236 1177 2270 Al·

291 2291 455 2336 phonsum
468 2289 595 2332 Regem
610 2287 753 2331 Epistola
766 2300 777 2322 ,-
798 2291 926 2320 Remove
937 2288 957 2319 ἃ
967 2295 996 2320 te
1006 2292 1178 2329 quantocius

291 2340 475 2383 Confilmrios
484 2337 644 2382 falsitatis.
672 2339 994 2379 corrumpuntquippe*
1015 2348 1112 2370 mores
1133 2337 1179 2370 bo·

293 2404 346 2426 nos
357 2391 495 2433 colloquia
517 2396 638 2431 prava.
669 2387 712 2422 Et
738 2387 772 2421 in
796 2387 912 2422 litteris
933 2386 972 2420 ad
995 2388 1178 2431 Hugonem

293 2440 516 2477 Cluniacenfis
528 2436 717 2473 Monasterii
735 2437 920 2472 Abbatem:
941 2439 1068 2480 ,Quanta
1080 2443 1179 2478 impie·

291 2501 345 2526 >tas
359 2493 375 2525 e*
386 2489 558 2530 Monasterio
568 2488 662 2530 vestro
667 2497 722 2530 per
731 2487 851 2522 Roberti
861 2485 949 2525 vestri
963 2486 1101 2520 Monacbi
1110 2494 1177 2527 prq-

292 2541 487 2586 sumptionem
495 2545 601 2574 exierit
613 2563 623 2579 ,
649 2550 686 2571 ex
697 2541 808 2573 litteris
821 2536 964 2571 Richardi
975 2540 1081 2581 Legati
1095 2535 1181 2578 nostri

292 2600 377 2635 potes
402 2589 559 2636 cognoscere
579 2614 586 2621 .
614 2591 677 2632 ‚Qui
698 2589 837 2623 nimirum
859 2585 1002 2622 Robertus
1017 2611 1027 2627 ,
1054 2589 1180 2621 Simonis

297 2645 382 2685 Magi
393 2639 634 2682 imitator-saclas
649 2663 659 2679 ,
669 2648 784 2680 quanta
789 2643 885 2680 potuit
897 2639 1095 2681 malignitatis
1108 2635 1180 2676 astu-

294 2696 344 2725 eia
354 2693 498 2725 aduersus
511 2691 602 2723 Beati
615 2691 696 2722 Petri
706 2688 912 2722 auc‘loritatem
937 2698 994 2722 non
1017 2691 1116 2720 timuit
1137 2692 1179 2721 in¹

294 2739 414 2784 [urgere
425 2764 436 2780 ,
465 2742 499 2774 (tt
511 2748 625 2772 centum
636 2740 729 2772 millia
741 2738 891 2772 bominum
902 2761 912 2778 ,
939 2742 989 2780 qui
1000 2737 1109 2771 laboris
1134 2747 1182 2770 no-

295 2790 350 2833 stri
362 2792 515 2834 diligentia
528 2789 571 2822 ad
579 2794 663 2821 viam
676 2793 815 2822 veritatis
824 2789 919 2821 redire
931 2795 1079 2829 coeperant
1092 2810 1102 2827 ,
1125 2795 1183 2828 per

293 2838 504 2884 suggestionem
509 2837 598 2880 suam
608 2844 639 2873 in
645 2836 801 2879 pristinum
808 2848 931 2871 errorem
941 2838 1087 2871 reducere.
1114 2836 1182 2870 Ad-

298 2888 408 2923 firmat
419 2887 674 2930 Hispaniensem
685 2886 861 2921 Ecclesiam
874 2886 915 2921 ab
935 2888 995 2921 illo
1017 2886 1182 2923 induetam

298 2939 333 2975 in
346 2936 527 2982 periculum
537 2959 547 2975 ‚
573 2937 765 2981 Regemque
775 2936 940 2971 seduetum
953 2935 993 2971 ad
1018 2935 1183 2980 Apostoli-

298 3000 376 3024 cum
396 2988 497 3023 etiam
514 2987 678 3030 Legatum
700 2985 786 3022 male
807 2985 1027 3021 tractandum.
1054 2985 1184 3029 Nempe

300 3038 465 3073 Robertus
477 3036 605 3082 Regem
616 3035 784 3070 seduxerat
805 3034 845 3070 ad
864 3037 1096 3071 excutiendum
1119 3036 1183 3071 Ro-

302 3099 439 3124 manum
471 3087 621 3123 officium
641 3110 652 3127 ,
687 3086 722 3120 &
747 3085 998 3122 Mozarabicum
1025 3088 1184 3121 resumen-

302 3137 384 3172 dum
395 3162 403 3169 .
428 3139 471 3173 Et
482 3138 558 3184 quia
571 3135 677 3182 ipsum
689 3135 845 3171 Pontifex
859 3147 952 3171 vocat
963 3136 1105 3173 Simonis
1117 3137 1184 3170 Ma·

304 3187 339 3232 gi
352 3187 570 3229 imitatorem,
596 3185 754 3222 videtura
765 3186 981 3229 pertinacibus
1001 3187 1096 3231 hujus
1117 3186 1185 3221 offi-

305 3237 351 3271 cii
362 3236 554 3274 zelatoribus
565 3238 659 3272 fuisse
669 3235 804 3281 pecunia
828 3247 956 3281 emptus
969 3263 976 3271 .
1002 3236 1185 3285 Qomodo

303 3284 409 3323 horno
430 3286 545 3321 Gallus
565 3287 776 3323 Gallicanum
792 3288 941 3322 officium
962 3287 1056 3323 aliter
1082 3287 1183 3330 impu-

304 3338 431 3383 gnasset
442 3337 456 3371 i>
481 3336 574 3371 Hinc
585 3338 681 3382 igitur
691 3335 756 3372 hoc
766 3337 910 3372 officium
923 3346 973 3373 tot
984 3336 1184 3382 Apostolicis

305 3384 468 3422 mandatis
479 3397 518 3423 ac
539 3386 653 3422 litteris
679 3387 792 3423 debuit
810 3387 989 3436 Gregorius
1009 3389 1046 3424 in
1068 3387 1185 3431 Hispa-

303 3437 360 3473 nia
372 3437 498 3473 firmare
507 3461 516 3472 .

718 151 760 199 S.
795 149 1125 197 Guecoktl
1161 162 1393 204 sem-lm
1429 147 1801 197 PONT11=1cls

1313 232 1469 268 Attamen
1482 232 1539 267 ista
1563 233 1718 282 Rodyerici
1739 234 1881 269 narratio
1900 234 2150 282 in²quibusdam

1265 283 1393 318 videtur
1417 283 1570 318 vacillare
1591 308 1599 316 .
1637 283 1770 319 Etenim
1791 285 1825 319 in
1848 285 1962 320 litteris
1983 310 1995 327 ,
2030 287 2150 331 quibus

1264 332 1614 368 Pseudo-Monachum
1627 334 1744 378 expelli
1759 334 1775 368 ὲ
1789 334 1883 380 Rege
1894 334 2070 380 Alphonso
2087 336 2152 379 jus·

1263 383 1320 423 sit,
1347 384 1527 429 Gregorius
1542 385 1629 427 Papa
1642 383 1767 418 addidit
1777 398 1788 418 :
1799 386 1939 421 Illicitum
1951 385 2127 420 connubium
2138 412 2151 429 ,
2165 389 2225 421 Lib.
2249 394 2274 419 8.

1261 435 1342 476 quod
1349 445 1413 467 cum
1424 441 1526 468 uxoris
1538 444 1597 468 tuae
1609 433 1820 478 consanguinea
1829 437 1909 476 inisti
1918 461 1930 477 ,
1950 442 2078 479 penitus·
2087 436 2152 479 res·
2167 434 2215 470 ΕΡ·
2244 439 2271 467 3·

1256 492 1333 524 pue.
1361 483 1505 519 Proinde
1516 494 1642 519 mortua
1654 496 1732 519 tunc
1743 494 1808 519 erat
1820 484 2013 521 Constantia
2027 510 2038 527 ‚
2049 495 2148 530 atque

1261 534 1306 566 ita
1328 534 1386 568 sub
1410 534 1541 568 Urbani
1567 535 1767 569 pontificatu
1803 535 1916 578 nequit
1936 536 2141 580 superfuisse.

1259 584 1322 617 Sex
1335 584 1503 619 successive
1515 596 1631 619 uxores
1643 585 1758 620 habuit
1769 584 1979 629 Alphonsus:
1997 586 2040 621 Et
2051 585 2144 631 quod

1260 633 1462 668 Constantiae
1475 635 1576 669 Gallae
1589 634 1708 669 Bertha
1732 634 1867 669 Thusca
1878 659 1888 676 ,
1911 635 2056 678 adeoque
2073 647 2144 670 non

1257 684 1498 729 consanguinea
1513 685 1690 719 successerit
1700 710 1711 726 ‚
1738 685 1874 720 testatur
1886 686 1951 730 ipse
1963 685 2030 729 jam
2040 685 2144 720 dietus

1257 734 1438 769 Rodericus
1450 760 1457 767 .
1485 735 1615 779 Nempe
1627 734 1784 769 Pontifici
1798 736 1871 770 Rex
1886 736 2013 770 obediit
2022 759 2033 776 ‚
2045 736 2079 770 ὃς
2090 735 2145 770 ad·

1256 784 1354 818 finem
1366 785 1473 828 ejecit.
1503 786 1546 819 Et
1558 785 1636 819 hinc
1647 786 1680 820 in
1694 785 1809 820 litteris
1818 810 1828 826 ,
1842 785 1960 829 quibus
1970 786 2064 820 illum
2077 785 2144 820 lau·

1253 833 1307 868 dat
1318 835 1362 868 ob
1383 837 1582 879 resumptum
1606 837 1796 870 Romanum
1817 836 1964 870 officium
1978 861 1989 877 ‚
2014 836 2144 871 nullam

1253 894 1307 919 aut
1322 885 1503 930 illegitimae
1516 886 1628 920 uxoris
1642 910 1654 926 ,
1679 896 1734 920 aut
1747 884 1884 920 Roberti
1897 884 2060 921 Monachi
2081 885 2142 920 Pa·

1255 946 1291 977 pa
1304 936 1381 969 fecit
1395 937 1600 970 mentionem
1616 960 1624 968 .
1659 937 1703 971 Et
1726 947 1802 971 ante
1827 936 1979 980 Gregorii
1999 945 2141 970 mortem

1256 984 1438 1020 Richardus
1452 986 1637 1021 Cardinalis
1648 986 1790 1021 Romam
1804 986 1898 1020 rediit
1910 1008 1917 1015 -
1930 986 2063 1020 Etenim
2075 986 2140 1020 un&

1252 1045 1326 1069 cum
1341 1036 1414 1069 aliis
1429 1036 1661 1071 Cardinalibus
1671 1037 1770 1081 elegit
1791 1036 1959 1070 Victorem
1982 1037 2115 1071 tertium
2127 1059 2140 1076 ,

1251 1086 1284 1119 &
1307 1085 1351 1119 ob
1373 1086 1471 1121 initas
1485 1086 1578 1120 simul
1599 1086 1844 1131 cum-Hugone
1865 1085 2139 1131 Lugdunensium

1252 1134 1304 1168 Pri
1312 1145 1397 1170 mate
1409 1136 1559 1171 adversus
1573 1137 1667 1171 illurn
1679 1137 1836 1172 factiones
1847 1137 1910 1170 fuit
1922 1136 1963 1171 ab
1973 1135 2089 1172 eodem
2100 1137 2138 1171 in

1249 1183 1479 1221 Beneventana
1489 1187 1628 1230 Synodo
1641 1187 1831 1221 damnatus.
1863 1187 1968 1221 Lucet
1979 1198 2020 1221 ex
2042 1185 2138 1220 Actis

1249 1234 1336 1268 istius
1349 1235 1493 1279 synodi.
1520 1237 1686 1284 roirca
1698 1237 1756 1271 sub
1770 1236 1916 1271 Urbano
1927 1228 2072 1271 secundo
2082 1247 2139 1271 ne-

1247 1285 1319 1326 quit
1331 1286 1424 1319 fuifle
1438 1287 1472 1320 in
1487 1287 1648 1328 Hispania
1658 1310 1669 1326 ,
1694 1299 1754 1321 nec
1768 1298 1821 1330 per
1833 1287 1937 1331 ipsum
1949 1296 2136 1321 revocatus.

1249 1333 1289 1365 Et
1301 1331 1380 1367 hinc
1391 1333 1543 1367 existimo
1555 1335 1700 1368 Romani
1714 1337 1817 1369 officii
1830 1337 1865 1370 in
1879 1337 2043 1381 Hispania
2054 1360 2066 1377 ,
2086 1336 2138 1371 uti

1245 1382 1425 1417 exordium
1442 1407 1453 1423 ,
1481 1384 1525 1417 ita
1546 1384 1580 1417 ἃ
1604 1385 1794 1419 firmitatem
1815 1385 1880 1419 esse
1905 1397 1989 1427 opus
2008 1384 2140 1428 septimi

1245 1432 1402 1477 Gregorii
1426 1457 1434 1465 .
1462 1432 1516 1466 De
1537 1433 1620 1466 olim
1651 1434 1815 1467 consuetis
1834 1446 1890 1476 per
1910 1434 2059 1469 duellum
2080 1443 2139 1469 aut

1245 1482 1356 1526 ignem
1368 1481 1618 1527 probationibus
1632 1484 1677 1518 est
1691 1483 1749 1517 suo
1762 1483 1840 1518 loco
1852 1482 2030 1518 dicendum
2041 1507 2051 1517 .

1324 1705 1922 1754 DECRETUM
1991 1708 2050 1755 V.

1339 1837 1487 1873 Uintum
1500 1837 1594 1882 hujus
1605 1838 1732 1882 Synodi
1747 1839 1928 1873 Decretum
1951 1834 2054 1871 edicit
2076 1844 2138 1869 no·
2155 1846 2187 1877 1..‘
2218 1855 2242 1876 ι,
2269 1846 2302 1877 1-2-

1333 1899 1336 1903 ·
1361 1889 1422 1923 ster
1446 1889 1628 1933 Gregorius
1651 1890 1686 1922 in
1711 1889 1858 1933 Epistola
1880 1887 1921 1923 ad
1943 1884 2135 1921 Canonicoe
2156 1883 2219 1925 pist.
2241 1894 2287 1921 54·

1390 1939 1498 1973 Sancti
1511 1939 1634 1974 Hilarii
1645 1939 1852 1975 Pistavienfis
1875 1951 1883 1971 :
1911 1942 2025 1971 Notum
2046 1933 2134 1969 vobis

1240 1989 1440 2032 essevolumus
1453 2014 1464 2030 ,
1492 1991 1571 2031 quod
1583 1994 1727 2024 Canonici
1740 1987 1945 2031 Pic‘lavienses
1967 1994 2000 2020 in
2024 1985 2133 2026 synodo

1240 2038 1338 2080 nostra
1351 2039 1494 2081 conquesti
1500 2039 1573 2083 sum
1585 2063 1596 2080 ,
1622 2051 1677 2073 vos
1690 2042 1836 2084 denegare
1846 2063 1857 2079 ‚
1885 2040 1919 2073 ἐν
1929 2037 2131 2071 contradicere

1240 2090 1302 2122 illis
1315 2088 1573 2132 consuetudinem,
1601 2101 1691 2131 quam
1703 2096 1745 2133 in,
1762 2088 1889 2130 Ecclesia
1907 2086 2132 2121 sanciendam

1239 2138 1347 2172 habere
1359 2139 1485 2172 debent.
1509 2140 1649 2171 Videlicet
1656 2148 1688 2171 ut
1699 2145 1732 2171 in
1736 2139 1909 2180 festivitate
1919 2138 2049 2170 omnium
2058 2136 2135 2168 San-

1239 2189 1349 2222 ciorum
1363 2190 1397 2223 ἐν
1412 2188 1512 2222 san&
1522 2190 1637 2221 Hilarii
1647 2213 1657 2229 ‚
1684 2189 1748 2221 cum
1760 2190 1828 2222 illue
1841 2200 1879 2223 ex
1892 2199 1971 2220 more
1985 2197 2050 2220 cum
2063 2193 2135 2226 pro-

1239 2240 1348 2278 ceffione
1369 2243 1496 2271 veniunt
1521 2261 1532 2278 ,
1552 2236 1583 2278 fi
1598 2235 1759 2279 Epist-opus
1782 2237 1900 2276 aderit,
1926 2234 1990 2278 ipse
2014 2235 2132 2277 Msffiem
2181 2274 2184 2277 Ι

1240 2287 1362 2322 celebret
1374 2311 1383 2326 ‚
1404 2286 1436 2329 fi
1441 2295 1540 2319 autem
1552 2297 1610 2320 non
1621 2285 1695 2327 adfit
1709 2285 1874 2329 Episcopus
1889 2309 1899 2326 ,
1926 2289 2065 2318 Decanus
2077 2290 2131 2316 aut

1242 2339 1351 2380 aliquis
1361 2338 1398 2370 de
1409 2336 1573 2376 majoribus
1596 2340 1754 2370 Canonicis
1777 2333 1973 2377 PicPavienfis
1995 2332 2131 2376 Ecclefiae

1240 2388 1363 2429 officium
1386 2385 1607 2429 Vice-Episbopi
1628 2395 1770 2430 peragere
1789 2386 1896 2420 debeat
1916 2410 1923 2417 .
1951 2384 2131 2428 ,Quodsr'tm

1241 2439 1322 2480 apud
1332 2449 1389 2470 nos
1401 2437 1434 2470 ln
1440 2436 1560 2478 publico
1571 2439 1699 2470 Concilio
1710 2443 1856 2480 agitatum
1870 2436 1992 2479 fuerit,
2003 2447 2008 2455 ¹
2019 2434 2130 2468 Gazett-

1241 2499 1276 2520 no
1290 2485 1505 2530 Burdigalenfi
1525 2486 1743 2531 Arcbiepiscopo
1765 2486 1885 2530 causam
1915 2484 2042 2526 vestram
2065 2494 2130 2517 cum

1243 2535 1422 2580 quibusdam
1433 2538 1501 2569 aliis
1511 2536 1707 2578 defendente,
1725 2535 1854 2582 scientes·
1874 2538 1966 2570 talem
1984 2530 2130 2577 consuetu*-

1245 2589 1346 2620 dinem
1359 2593 1392 2621 in
1403 2590 1540 2620 Romana
1551 2587 1677 2629 Ecclefia
1682 2595 1739 2629 per
1756 2586 1890 2632 fingulas
1907 2585 2068 2624 stationes,
2094 2584 2129 2616 U

1235 2637 1307 2681 fere
1316 2645 1373 2678 per
1385 2636 1559 2680 universum
1569 2637 1667 2671 orbem
1679 2642 1713 2671 in
1721 2636 1793 2671 altis
1805 2633 1940 2676 Ecclefits
1952 2634 2011 2667 rite*
2023 2634 2058 2674 6,*
2078 2643 2128 2666 ra-

1244 2687 1426 2722 tionabiliter
1450 2692 1543 2721 teneri
1564 2710 1575 2730 ,
1605 2688 1790 2728 dijudicante
1807 2684 1936 2719 Concilio
1949 2681 2063 2724 justam
2080 2692 2129 2716 eos

1243 2742 1392 2782 requirere
1417 2735 1543 2782 ttmcscrm⁴
1574 2737 1826 2779 comprobavimus
1852 2758 1864 2777 ,
1898 2734 1932 2767 (θ’
1948 2731 2130 2776 praedtclum

1240 2785 1322 2830 usum
1343 2799 1391 2823 eos
1402 2787 1531 2822 obtinere
1541 2787 1667 2829 debere,
1689 2784 1847 2828 Apostolica
1867 2783 2044 2817 auc‘loritate
2065 2790 2131 2816 cen·
2184 2798 2187 2800 ·

1240 2836 1349 2878 [ulmus
1376 2861 1382 2870 .
1410 2835 1577 2879 Synodale
1606 2837 1670 2872 hoc
1688 2835 1848 2880 judicium
1868 2833 2004 2882 mandat
2028 2829 2131 2867 dedu·

1242 2889 1273 2921 ci
1301 2887 1335 2921 in
1356 2886 1522 2929 pacificam
1547 2886 1777 2926 executionem
1798 2907 1810 2925 ,
1842 2895 1881 2919 ac
1907 2882 2002 2927 plene
2025 2881 2133 2918 obser-

1242 2937 1328 2970 vari.
1355 2936 1591 2982 Vernmcqudd
1613 2936 1721 2972 Sansti
1742 2933 1866 2970 Hilarii
1887 2933 2031 2968 Ecclesia
2059 2943 2131 2968 non

1244 2985 1404 3021 obedierit
1431 3009 1442 3026 ‚
1477 2988 1584 3023 lucere
1610 2985 1736 3022 videtur
1761 2995 1803 3018 ex
1827 2983 2001 3019 Pontificis
2026 2982 2132 3021 nostri

1245 3035 1390 3080 Epistola
1425 3037 1465 3070 ad
1495 3035 1710 3072 'lsembertum
1736 3034 1969 3071 pictaviensem
1996 3032 2134 3078 Episco-

1247 3099 1345 3130 pum:
1374 3088 1481 3121 Clerici
1505 3091 1737 3130 congregatiom'r
1762 3084 1864 3121 5anHi
1887 3086 1998 3118 Hilarii
2022 3092 2130 3118 venere

1244 3138 1289 3170 ad
1308 3148 1360 3170 nos
1386 3160 1397 3176 ‚
1435 3145 1641 3179 conquerentes
1659 3135 1693 3179 se
1713 3147 1752 3169 ex
1769 3139 1898 3178 antiqua
1917 3132 2130 3178 consuetudine

1245 3199 1310 3221 cum
1334 3186 1451 3220 Sanc‘lis
1473 3188 1618 3229 Reliquiis
1641 3187 1676 3220 ό·
1701 3183 1854 3228 Plebesua
1864 3188 2019 3220 Matricem
2029 3182 2131 3216 Eccle-

1241 3237 1316 3280 fiam
1341 3242 1373 3270 in
1394 3237 1604 3282 Rogationibus
1624 3235 1724 3280 adime
1734 3259 1745 3276 ‚
1770 3235 1834 3270 &d
1846 3231 2074 3275 Canonicissuis
2085 3231 2132 3264 ad

1249 3285 1523 3331 contumeliam-sibi·
1541 3284 1654 3332 clausas
1672 3294 1779 3330 portas
1797 3284 1947 3327 Ecca-fiae,
1973 3283 2008 3316 δ’
2028 3284 2129 3315 introi-

1247 3346 1310 3372 tum
1335 3347 1473 3381 negatum
1488 3336 1596 3381 fuiffe.
1620 3336 1762 3374 Causam
1782 3335 1917 3369 mandat
1939 3331 2065 3366 trastari
2091 3331 2128 3364 in

1247 3388 1433 3422 Provinciae
1454 3386 1618 3434 synodo,
1655 3386 1707 3422 vel
1726 3383 1838 3422 ambas
1858 3392 1962 3430 partes
1979 3378 2129 3420 accedere

1250 3438 1410 3474 Romam.
2006 3440 2010 3443 ⁴
2035 3480 2067 3521 s.
2120 3447 2123 3451 ·

2020 3495 2023 3498 .
2059 3492 2083 3520 ι,

2147 3009 2230 3050 Epist.
2249 3021 2259 3041 ι
2267 3015 2296 3048 74
