2372 3756
127 995 263 1032 διες·

152 3307 224 3345 Cap.
246 3313 272 3341 3.

372 152 471 211 '178

309 239 390 268 nium
410 235 561 268 conditori
579 234 694 279 placere
708 233 858 274 studemu:
871 258 881 274 ‚
907 244 969 267 cum
984 232 1119 274 precibus
1145 232 1178 264 (τ

306 290 475 329 gratiarum
483 292 540 326 pro
552 282 696 325 beneficiis
719 288 844 326 acceptis
862 283 974 316 afflone
996 283 1108 315 oblatos
1123 290 1179 323 pa·

309 346 363 368 nes
385 335 500 367 edimus
521 357 533 373 ‚
557 342 659 376 corpus
678 336 748 375 jam
768 343 822 376 per
843 338 1040 377 precationem
1052 331 1178 373 falles,

310 383 448 417 Sannum
465 385 615 426 quoddam
635 385 669 417 ό·
685 383 877 427 sanHificans
893 407 903 422 ‚
930 390 1047 416 utentes
1068 393 1099 415 eo
1115 391 1181 414 cum

306 433 383 477 sano
393 431 548 475 Proposito.
573 434 669 468 Dicit
689 434 819 467 oblatos
838 443 937 475 panes
961 442 1016 474 per
1027 431 1181 475 precatio·

310 495 388 518 nem
409 484 479 518 fieri
502 494 617 526 corpus
631 497 642 517 .-
669 483 747 517 Hoc
767 483 811 516 est
825 506 835 522 ‚
863 482 898 516 in
922 480 1045 515 Christi
1064 486 1186 521 corpus

309 534 535 568 transmutari.
564 533 609 565 Et
629 533 732 574 ipsum
754 533 816 566 effe
839 533 992 566 Sanctum
1017 529 1182 573 quoddam

309 594 407 626 atque
428 582 648 617 sanctificans.
677 580 813 624 Utique
832 581 918 615 istud
941 582 1116 618 Sanctum,
1142 578 1183 611 de

307 645 376 676 quo
399 633 440 667 ad
463 632 693 666 sacrosanfiam
720 630 897 677 Virginem
925 631 1011 664 dixit
1031 629 1183 672 Angelus

306 682 442 718 Gabriel
456 696 467 714 .·
495 680 732 725 ,Quodnascetur
755 694 795 715 ex
805 691 833 715 te
845 680 1006 719 sumtum,
1031 678 1183 712 vocabitur

306 735 407 769 Filius
419 735 493 765 Dei.
522 730 655 765 Etenim
675 742 785 777 praeter
800 732 909 765 Deum
934 740 1032 763 nemo
1056 728 1101 762 est
1115 729 1184 762 san-

306 786 375 817 stus
396 781 490 815 simul
506 781 769 816 &sanctific-ans.
798 778 1041 813 Eucharistiam
1066 777 1183 812 eodem

304 832 407 867 titulo
429 827 634 866 honorarunt
657 833 791 866 Sanetus
811 829 998 873 Cyprianus
1012 853 1022 869 ‚
1050 827 1184 863 Tertul-

301 882 413 917 lianus
423 907 433 922 ,
444 882 478 916 &
488 881 544 916 alii
559 881 685 915 Patres.
713 878 815 915 Porro
829 879 974 914 laudatas
984 878 1026 913 ab
1038 879 1184 923 Origene

303 935 338 968 ἂ
350 932 477 976 Iustino
502 940 609 974 preces
631 931 741 964 laudat
763 930 862 964 etiam
875 930 1009 963 sanetus
1026 929 1182 970 irenaeus,

300 982 446 1018 :scribens
467 982 509 1015 de
530 981 646 1014 Marco
667 979 830 1014 Gnostico
851 992 858 1011 ;
887 984 992 1023 Fingit
1006 977 1039 1022 se
1061 986 1182 1024 gratias

300 1044 410 1077 agere,
436 1030 605 1064 &multum
625 1032 762 1063 extendit
771 1028 936 1073 sermonem
959 1035 1156 1064 invocationis
1169 1057 1176 1064 .

302 1083 413 1117 Notat
433 1080 585 1114 Marcum
595 1081 686 1124 quod
703 1080 837 1124 fingeret
858 1080 992 1114 Miffam
1005 1079 1180 1115 Catholica

299 1134 402 1168 Missa
426 1132 630 1175 longiorem.
658 1131 702 1164 Et
724 1131 765 1164 de
787 1130 912 1164 infante
936 1142 990 1173 per
1012 1140 1180 1174 parentum

297 1181 525 1220 idololatriam
536 1181 695 1214 maculata
707 1180 848 1223 puellula
867 1180 977 1214 scribit
987 1180 1020 1214 in
1034 1182 1181 1215 sermone

299 1234 344 1268 de
366 1233 473 1277 Lapfis
494 1231 628 1265 Sanetus
645 1230 848 1274 Cyprianus:
875 1230 1113 1272 sacrificantibus
1134 1243 1178 1264 nov

299 1284 351 1318 bis
363 1295 428 1317 eam
435 1281 535 1325 secum
544 1290 643 1314 mater
658 1283 777 1314 intulit.
805 1282 865 1315 Sed
875 1287 953 1314 em'm
971 1281 1070 1323 puella
1081 1287 1180 1314 mixta

299 1345 366 1369 cum
381 1333 499 1376 sanWs
522 1357 532 1372 ,
554 1337 653 1373 precIs
676 1331 779 1370 nostrae
812 1333 997 1365 &orationis
1019 1336 1179 1372 impatiem

300 1390 388 1426 coepit
397 1386 519 1426 ploratu
530 1389 659 1415 concuti.
688 1382 730 1415 Et
750 1383 783 1415 in
798 1383 946 1414 sermone
967 1380 1008 1414 de
1028 1382 1179 1415 oratione

299 1435 502 1468 Dominica:
531 1431 781 1475 ,Quandostamur
792 1432 1027 1470 adorationem,
1054 1433 1181 1474 vigilare

301 1483 511 1518 &incumbere
523 1483 568 1514 ad
572 1489 676 1522 preces
686 1491 746 1513 toto
767 1482 852 1514 corde
872 1481 1009 1513 debemus
1024 1506 1031 1512 .
1058 1485 1178 1525 Cogita-

300 1540 342 1567 tio
352 1539 445 1567 omnis
457 1533 589 1565 carnalis
611 1530 807 1573 &saecularis
833 1529 971 1572 abscedat
984 1544 994 1564 .-
1022 1536 1089 1564 Nec
1097 1532 1179 1573 quid·

299 1597 391 1626 quam
402 1593 473 1617 tunc
483 1587 599 1615 animus
611 1593 703 1623 quam
715 1583 751 1613 id
758 1579 856 1623 solum
875 1585 979 1624 cogitet
993 1582 1070 1622 quod
1075 1590 1179 1623 preca-

297 1646 369 1668 aar.
398 1636 466 1667 Ideo
477 1633 615 1666 sacerdos
628 1642 699 1664 ante
718 1638 877 1664 orationem
897 1631 1082 1672 praefatione
1099 1640 1179 1673 prae-

299 1682 628 1727 wiffaparatsratrum
649 1691 763 1715 menter
777 1705 786 1720 ,
813 1682 951 1714 dicendo:
981 1680 1100 1724 Surfitm
1119 1692 1177 1714 cor·

296 1737 360 1769 eia.
390 1739 428 1767 Ut
448 1734 520 1765 dum
538 1730 692 1773 respondet
713 1731 801 1772 plebs
815 1754 825 1770 ,
852 1731 996 1764 Habemus
1017 1732 1060 1763 ad
1081 1735 1178 1764 Domi·

295 1797 371 1819 mum
387 1809 396 1824 ,
423 1781 719 1815 admoneatur·n1'hil
740 1779 884 1822 aliudse·,
911 1782 1001 1823 qmim
1021 1784 1178 1814 Dominum

297 1842 426 1878 cagitare
449 1833 577 1866 debere.
606 1831 667 1864 Per
686 1833 871 1865 orationem
896 1827 1002 1864 lucide
1023 1831 1179 1875 intelligit

297 1885 404 1919 Missae
427 1885 621 1918 Cononem.
652 1882 695 1915 Et
718 1880 826 1915 rever-a
847 1880 902 1914 hic
915 1881 960 1914 est
978 1881 1180 1924 singulariter

297 1936 426 1970 oratio.
455 1933 507 1967 Ex
528 1931 647 1976 quibus
668 1932 770 1974 liquet
795 1929 993 1965 hodiernum
1020 1931 1116 1973 Miffe
1140 1932 1199 2005 rb!

298 1998 369 2020 tum
381 1985 442 2018 effe
455 1981 597 2018 omnino
618 1981 875 2024 antiqniffimum
887 2006 897 2021 ‚
924 1981 1023 2025 at‘que
1042 1981 1199 2045 Aposto-¹

298 2038 403 2070 licum
424 2034 635 2068 Institutum.
667 2031 713 2066 ita
736 2030 852 2065 diserte
874 2032 1011 2064 affirmat
1035 2031 1069 2064 in
1091 2043 1181 2065 com-

299 2086 464 2120 mentario.
489 2083 687 2125 Apostolicae
708 2082 747 2115 ad
774 2081 907 2114 Galatas
931 2081 1083 2123 Epistolae
1105 2081 1180 2114 San-

299 2139 368 2170 cius
394 2137 533 2178 Joannes
545 2133 816 2173 Chrysostomus.
846 2131 1075 2164 Eteonfirmat
1096 2106 1200 2187 iuli-1

298 2187 367 2221 bris
393 2184 562 2218 adversum
603 2181 820 2214 Nestorianos
855 2182 889 2213 &
917 2177 1200 2250 Eutychianistasl

300 2236 464 2271 Leontius
486 2229 703 2267 scholasticus
715 2230 941 2273 Byzantinus.
970 2231 1052 2263 Item
1078 2230 1199 2292 liquet!

302 2297 359 2321 eos
383 2309 393 2324 ,
418 2283 472 2326 qui
496 2283 513 2314 a
537 2281 759 2316 Dominicum
783 2291 899 2322 corpus
920 2280 1198 2314 consecrantibus¹

305 2334 477 2379 Apostolis
488 2331 676 2365 existimant
700 2331 792 2364 fuisse
804 2329 986 2365 adhibitam
998 2330 1100 2364 solam
1114 2331 1182 2364 Do-

304 2386 463 2421 minicam
476 2381 660 2416 orationem
674 2404 684 2420 ,
712 2381 880 2423 infigniter
890 2380 954 2414 labi
964 2405 971 2412 .

360 2435 468 2468 Etiam
483 2433 515 2464 in
530 2431 626 2466 tertia
638 2431 763 2464 decima
779 2432 869 2473 super
891 2431 1078 2473 vigesimum
1090 2429 1185 2474 quin-

306 2497 378 2522 tum
406 2482 514 2518 Exodi
553 2491 648 2524 caput
684 2480 835 2514 Homilia
864 2480 972 2514 scribit
998 2482 1183 2524 Origenes:

309 2535 412 2576 Nostis
435 2560 445 2575 ,
472 2538 522 2576 qui
545 2536 669 2564 Divinis
695 2530 832 2570 misteriis
852 2530 982 2573 intereffe
1005 2529 1155 2572 consuestis
1170 2553 1180 2569 ,

309 2586 449 2630 quomodo
475 2594 541 2618 cum
554 2580 699 2625 suscipitis·
720 2590 820 2622 corpur
842 2582 963 2613 Domini
982 2590 992 2621 ',
1018 2591 1083 2613 cum
1106 2585 1184 2613 omni

311 2638 425 2670 cautela
447 2636 480 2667 Θ
502 2637 691 2667 veneratione
710 2630 844 2673 servatis
864 2656 874 2671 ‚
903 2642 939 2663 ne
966 2642 1003 2663 cx
1024 2641 1054 2662 eo
1073 2637 1186 2672 parum

312 2688 389 2729 quid
399 2686 538 2724 decidat,
566 2693 602 2716 ne
614 2680 769 2724 consecrati
791 2687 921 2713 muneris
936 2681 1052 2722 aliquid
1072 2680 1185 2713 dilaba-

311 2745 380 2768 tur.
410 2739 486 2767 Reos
497 2738 574 2766 enim
599 2744 654 2766 vos
664 2732 806 2769 creditis,
823 2730 852 2772 fi
858 2732 934 2774 quid
943 2732 1014 2763 inde
1033 2739 1088 2772 per
1100 2731 1187 2774 negli-

310 2789 444 2830 gentiam
468 2784 583 2816 decidat
601 2807 608 2814 .
634 2782 727 2825 ‚Quod
736 2780 767 2822 fi
781 2787 858 2815 circa
879 2789 981 2823 corpus
1003 2782 1068 2821 ejus
1079 2778 1188 2823 conser-

316 2835 454 2868 vandum
474 2841 562 2865 tanta
577 2837 699 2863 ‘utimini
719 2833 833 2864 cautela
846 2856 856 2871 ,
882 2833 1030 2865 &merito
1052 2835 1169 2863 utimini
1176 2841 1186 2871 3

318 2884 456 2926 quomodo
474 2887 594 2924 putatis
615 2887 736 2914 minoris
757 2882 808 2922 effe
827 2884 962 2923 piaculi,
988 2881 1113 2914 verbum
1132 2884 1190 2912 Dei

320 2933 492 2977 neglexisse,
518 2933 611 2973 qutim
632 2939 735 2972 corpus
756 2933 820 2970 ejus
834 2931 850 2961 ἒ
874 2931 999 2966 Ibidem
1013 2931 1102 2975 plura
1113 2940 1189 2964 con-

320 2984 452 3016 firmant
476 2980 730 3014 Eucharisticam
751 2981 919 3013 veritatem
941 3006 949 3013 .
977 2981 1033 3015 An
1056 2981 1120 3015 istae
1137 2979 1191 3013 ho·

321 3033 422 3068 miliae
443 3033 505 3065 fint
526 3031 709 3076 genuinum
723 3029 879 3073 Origenis
899 3042 1001 3073 opus,
1031 3043 1097 3065 non
1115 3042 1192 3063 con-

322 3085 403 3116 ssat:
435 3082 568 3115 Interim
592 3081 664 3113 sunt
684 3079 828 3113 authoris
847 3081 965 3114 eruditi
988 3082 1023 3114 ὃς
1045 3079 1192 3124 antiqui.

327 3134 369 3166 Et
382 3132 421 3165 ab
436 3133 505 3175 ipso
519 3129 683 3164 laudatum
705 3129 745 3163 de
756 3130 975 3164 custodiendis
987 3129 1194 3165 Eucharistiae

328 3183 421 3215 micis
443 3193 567 3216 morem
588 3180 698 3214 laudat
721 3179 819 3213 etiam
842 3180 877 3212 in
903 3180 987 3213 libro
1010 3181 1051 3214 de
1062 3181 1194 3214 Corona

331 3232 444 3265 militis
464 3231 714 3268 Tertullianus,
742 3228 904 3263 adducens
926 3231 1028 3267 varias
1050 3229 1195 3263 Ecclefiae

330 3282 478 3323 antiquas
490 3280 758 3320 consuetudines,
784 3290 879 3323 atque
890 3279 1088 3325 adjungens:
1115 3280 1195 3311 Cali-

331 3336 372 3363 cis
399 3338 449 3360 aut
457 3336 548 3369 panis
572 3337 661 3363 etlam
676 3329 762 3370 nostri
783 3330 899 3371 aliquid
919 3331 1012 3362 decuti
1031 3336 1063 3362 in
1086 3339 1197 3363 terram

332 3380 423 3412 anxie
432 3383 565 3419 patimur
578 3403 584 3410 .
611 3379 654 3412 Et
667 3381 700 3412 in
712 3379 863 3423 vigefima
873 3380 962 3413 sexta
974 3378 1112 3413 homilia
1124 3378 1198 3412 San-

330 3430 398 3469 &us
408 3428 612 3477 Augustinus
633 3429 812 3467 afferitDei
834 3428 967 3467 verbum
982 3440 1050 3466 non
1070 3429 1131 3464 effe
1141 3427 1199 3463 mi-

873 150 1504 194 DISSERTATIO

1248 242 1307 263 nus
1327 231 1424 274 quam
1447 229 1570 264 Christi
1594 242 1734 277 corpus,
1760 234 1794 268 ὃς
1813 237 2017 282 prosequitur
2035 251 2043 271 :
2072 243 2116 272 Ee

1247 282 1310 312 ideo
1320 288 1437 322 quanta
1452 279 1651 324 sollicitudine
1670 282 1883 326 observamus,
1908 291 2024 329 quando
2033 290 2119 323 nobis

1248 328 1357 369 Christi
1369 329 1472 372 corpus
1486 329 1670 370 ministratur
1679 357 1690 373 ‚
1717 342 1749 366 ut
1760 334 1839 368 nihil
1845 334 1956 378 ex'ipsb
1968 337 2005 371 de
2015 339 2118 379 nostris

1247 381 1384 413 manibus
1407 387 1440 413 in
1451 391 1562 414 terram
1584 383 1696 423 cadat,
1723 392 1813 417 tanta
1820 384 2120 431 sollicitudineobser-

1246 437 1350 463 vemas
1361 455 1372 470 ‚
1399 439 1432 464 ut
1443 431 1566 464 verbum
1581 435 1657 473 Dei,
1678 436 1759 476 quod
1767 434 1849 467 nobis
1861 435 1996 480 eregatdr
2010 461 2020 476 ,
2046 439 2120 471 dum

1247 481 1368 522 aliquid
1388 491 1442 514 aut
1453 488 1611 524 cogitamus
1623 492 1674 515 aut
1694 483 1838 526 loquimur
1848 484 1870 525 ‚'
1886 487 1924 520 de
1933 486 2018 520 corde
2030 486 2121 527 nostro

1245 527 1378 572 pereat(
1398 533 1482 574 ,Quia
1504 543 1561 564 non
1571 534 1670 566 minus
1690 545 1755 566 reus
1774 541 1833 567 erit
1853 542 1905 578 qui
1928 537 2052 570 verbum
2063 539 2122 570 Det

1249 581 1427 624 negligenter
1451 584 1581 616 audierit
1600 607 1610 623 ,
1639 584 1730 625 quam
1752 590 1804 626 qui
1827 593 1928 627 corpus
1948 586 2058 626 Christi
2086 592 2121 620 in

1248 639 1360 663 terram
1381 632 1482 664 cadere
1486 630 1544 674 sua
1570 634 1743 677 negligentia
1753 634 1918 678 permiserit
1932 661 1941 668 ,
1967 635 2122 671 Euchari-

1248 679 1306 714 stia
1317 681 1406 715 enim
1430 689 1508 714 tunc
1520 683 1643 726 populo
1665 683 1845 718 dabaturin
1868 696 2003 720 manus.
2029 687 2125 721 Con-.

1248 731 1340 764 sonat
1355 731 1388 764 in
1404 731 1562 774 postrema
1575 733 1799 778 mystagogica
1810 735 1976 770 Catechefi
1987 737 2122 771 sanetus

1247 779 1392 823 Cyrillus
1403 782 1642 825 Hierosolymae
1652 783 1834 828 Episcopus
1845 799 1851 818 :
1877 790 2020 820 concava
2027 798 2133 820 manu·

1248 837 1345 872 accipe
1366 842 1468 874 corpus
1492 833 1624 874 Christi,
1653 835 1751 868 dicens
1774 839 1884 869 Amen.
1911 840 1999 871 Cave
2018 846 2122 870 autem
2163 862 2173 867 -

1251 892 1286 914 ne
1296 883 1451 923 quidinde
1462 882 1518 915 tibi
1537 885 1675 917 excidat.
1705 886 1796 928 ,Quod
1803 891 1881 918 enim
1891 892 2016 920 amittas
2030 910 2041 926 ,
2066 886 2119 922 boe

1247 939 1402 973 tamquam
1422 944 1460 966 ex
1470 939 1589 975 proprio
1598 934 1725 967 membro
1737 934 1870 978 amiseris
1881 960 1889 967 .
1917 940 2005 969 Nam
2014 936 2044 977 fi
2050 942 2124 978 qui-r

1247 980 1302 1014 tibi
1314 987 1379 1015 auri
1391 993 1528 1016 ramenta
1545 984 1632 1016 daret
1643 1008 1654 1024 ‚
1681 995 1775 1019 nonne
1786 997 1896 1030 magna
1920 997 1984 1020 cum
1995 987 2121 1030 diligen·

1246 1036 1290 1063 tia
1313 1033 1364 1065 illa
1384 1039 1498 1065 teneres
1519 1057 1530 1073 ‚
1555 1043 1666 1066 cavens
1690 1044 1725 1066 ne
1748 1036 1821 1077 quid
1841 1047 1878 1068 ex
1904 1037 1964 1068 illis
1982 1042 2097 1079 periret
2107 1060 2121 1077 ,

1247 1082 1448 1124 damnumque
1456 1080 1612 1124 sustineres
1624 1084 1637 1116 ?
1662 1085 1692 1115 E
1695 1091 1708 1115 t
1719 1093 1776 1117 non
1786 1087 1877 1118 multo
1886 1091 1983 1130 magia
2005 1088 2039 1120 <·>·
2051 1087 2122 1119 dili-

1222 1173 1225 1177 .
1242 1133 1362 1175 gentius
1375 1134 1412 1165 de
1422 1131 1472 1164 boc
1484 1157 1495 1172 ‚
1521 1134 1600 1175 quod
1620 1144 1691 1165 auro
1711 1144 1745 1167 ac
1751 1140 1874 1177 gemmir
1893 1135 2043 1177 pretiofius
2058 1135 2096 1176 est
2107 1160 2120 1176 ‚

1246 1193 1282 1214 ne
1292 1187 1368 1216 mica
1392 1182 1497 1224 aliqua
1518 1194 1556 1216 ex
1567 1181 1630 1226 ipso
1645 1184 1757 1224 cadat,
1779 1185 1978 1226 providebis?
2005 1186 2120 1232 Qare

1248 1232 1407 1265 famosum
1430 1232 1481 1265 Pii
1503 1233 1598 1276 primi
1613 1232 1787 1267 pontificis
1806 1234 1847 1268 de
1869 1234 1927 1269 ista
1950 1245 1983 1269 re
2001 1236 2121 1269 Decre-

1245 1291 1314 1314 tum
1332 1305 1343 1322 ‚
1371 1280 1446 1315 licet
1470 1282 1705 1325 supposititium
1726 1284 1786 1324 fit,
1813 1296 1881 1319 non
1901 1296 1987 1319 caret
2008 1285 2126 1319 funda-

1247 1341 1375 1364 mento.
1404 1329 1491 1365 Vide
1512 1331 1720 1366 Cardinalem
1730 1333 1947 1375 Jacobum'de
1970 1334 2121 1369 Vitriaco

1247 1383 1278 1413 in
1303 1381 1467 1424 postremo
1499 1381 1606 1425 capite
1632 1380 1772 1416 historiae
1797 1384 2009 1417 occidentalis
2027 1408 2035 1415 .
2074 1384 2120 1418 Et

1246 1430 1323 1464 hinc
1337 1432 1481 1465 eruditus
1496 1431 1778 1465 Aurelianenfium
1791 1432 1972 1477 Episcopus
1984 1433 2121 1467 Gabriel

1247 1480 1494 1525 Albaspinaeus,
1523 1481 1556 1514 in
1579 1482 1722 1524 antiquis
1743 1481 2026 1518 observationibus
2038 1483 2119 1516 affir-

1246 1541 1336 1565 mans
1358 1541 1395 1564 ac
1405 1531 1625 1565 demonstrare
1648 1531 1778 1565 studens
1788 1533 1982 1576 Septimium
1997 1545 2064 1567 non
2078 1533 2119 1567 de

1246 1578 1467 1615 Eucharistico
1492 1606 1502 1621 ‚
1528 1581 1582 1615 sed
1605 1581 1646 1615 de
1666 1582 1836 1617 communi
1858 1582 1961 1618 calice
1978 1582 2014 1617 ὅτ.
2033 1593 2119 1627 pane

1245 1633 1358 1674 loqui,
1385 1630 1528 1665 omnino
1551 1631 1676 1666 videtur
1699 1631 1848 1666 deviare.
1873 1632 2037 1667 Nicolaus
2059 1632 2130 1667 Ri->

1243 1681 1362 1724 galtius
1387 1682 1428 1715 ad
1454 1692 1568 1715 vocem
1593 1705 1604 1721 ‚
1631 1683 1726 1714 Panis
1748 1705 1760 1722 ‚
1785 1681 1828 1716 fic
1855 1692 2116 1717 commentatur:

1243 1734 1350 1764 Etiam
1372 1743 1428 1764 non
1450 1730 1664 1772 Eucharistm,
1688 1738 1780 1764 etiam
1797 1732 1968 1775 prophani.
1994 1732 2119 1767 Censet

1243 1781 1304 1815 effe
1316 1780 1492 1824 emphasim
1507 1781 1540 1814 in
1553 1791 1633 1815 voce
1644 1806 1654 1822 ,
1677 1784 1801 1815 Etiam.
1831 1782 2119 1817 Consuetudinem

1245 1829 1390 1864 extendit
1411 1830 1450 1864 ad
1473 1841 1649 1875 utrumque
1671 1842 1787 1874 panem
1809 1857 1817 1864 .
1845 1833 1889 1866 Et
1909 1831 1996 1867 certe
2016 1832 2119 1868 etiam

1247 1879 1343 1924 Hodie
1366 1881 1408 1924 pii
1421 1876 1530 1915 fideles
1550 1879 1634 1924 lapsa
1647 1880 1680 1914 in
1703 1891 1820 1916 terram
1830 1883 2015 1916 communis
2027 1882 2119 1925 panis

1244 1931 1402 1975 fragmina
1417 1942 1485 1964 non
1498 1930 1627 1965 tantum
1640 1931 1746 1964 levant
1761 1955 1772 1971 ,
1796 1931 1849 1966 sed
1866 1932 1900 1966 &
1912 1932 2135 1966 osculantur.=

1248 1982 1420 2015 Rationem
1440 1980 1495 2015 dat
1518 1980 1667 2015 laudatus
1687 1980 1869 2025 Episcopus
1891 1995 1903 2015 .·
1930 1983 2029 2022 Hujus
2054 1983 2121 2015 reii-

1239 2036 1337 2074 gionis
1358 2031 1450 2063 aliam
1471 2036 1616 2064 rationem
1636 2042 1693 2062 non
1720 2037 1847 2073 reperies
1868 2056 1879 2072 ,
1904 2030 1961 2073 nifi
1976 2031 2059 2074 quid
2078 2042 2119 2065 ex

1246 2079 1410 2123 hujusmodi
1432 2081 1527 2123 rebut¹
1535 2079 1754 2124 sacrosanei'um
1779 2080 1887 2121 Christi
1904 2089 2010 2122 corpus
2031 2080 2124 2122 confir*

1244 2135 1340 2163 ciatur
1350 2154 1360 2171 ,
1385 2139 1474 2172 atque
1485 2141 1531 2162 ret
1543 2131 1603 2163 illae
1613 2130 1712 2172 aliquo
1724 2128 1825 2163 honore
1842 2131 1944 2174 dignae
1956 2130 2135 2171 Majoribun

1247 2180 1348 2220 nostris
1373 2179 1450 2223 visae
1463 2178 1523 2221 fint
1547 2203 1558 2220 ‚
1587 2190 1654 2222 que
1674 2187 1758 2213 tanto
1775 2179 1903 2220 mysterio·
1920 2178 2099 2221 inservirent
2111 2205 2120 2213 .

1247 2230 1375 2274 Belgica
1390 2229 1479 2273 plebs
1501 2230 1594 2265 istam
1614 2228 1948 2273 reverentianrpotins
1968 2231 2062 2264 refert
2083 2230 2120 2263 in

1243 2280 1428 2313 'orationem
1455 2278 1670 2312 Dominicam
1696 2292 1704 2311 ι
1741 2277 2004 2318 Panem-nostrum
2020 2284 2123 2321 ‘quoti-

1245 2331 1368 2363 dranum
1388 2330 1429 2360 da
1451 2328 1532 2360 nobis
1553 2327 1639 2362 bodie
1660 2352 1667 2360 .
1694 2326 1779 2361 Rem
1802 2351 1812 2366 ‚
1838 2338 1938 2371 quam
1959 2328 1988 2363 ὲ,
2002 2327 2120 2367 nobis,

1246 2378 1449 2423 quotidianis
1469 2389 1544 2412 ante
1567 2378 1678 2422 magni
1700 2377 1805 2412 Patris
1828 2378 1969 2412 familias
1988 2376 2122 2419 januam

1244 2428 1424 2469 mendicis,
1451 2428 1484 2461 in
1507 2428 1575 2462 dies
1594 2427 1771 2471 postulari,
1796 2428 1828 2462 ἀ
1854 2426 2123 2471 precario-accipi

1245 2475 1330 2528 juffit
1340 2478 1537 2519 Dominus,
1562 2477 1743 2520 judicamus
1764 2478 1799 2511 in
1821 2489 1901 2512 terra
1925 2475 1985 2512 sub
1994 2476 2123 2512 calcan-

1246 2526 1330 2562 tium
1342 2526 1477 2573 pedibus
1495 2539 1562 2562 non
1574 2527 1781 2562 deserendam
1791 2552 1799 2561 .

1317 2688 1476 2741 SanHus
1500 2695 1776 2740 ArHANAsms
1812 2688 2052 2738 Alexandriae

1504 2754 1510 2760 ι
1571 2759 1797 2830 Episcopus.

1330 2880 1470 2914 Amdem
1491 2880 1587 2915 fidem
1609 2881 1715 2915 tenuit
1735 2879 1912 2914 orientalis
1923 2878 2061 2914 Ecclesia
2078 2886 2123 2914 et-

1354 2932 1418 2964 iam
1443 2931 1512 2974 post
1524 2931 1632 2965 datam
1651 2931 1668 2964 ἒι
1681 2941 1802 2974 magno
1827 2930 2050 2964 Constantino
2070 2940 2138 2972 pam

1251 2993 1337 3015 cem.
1366 2981 1499 3015 Etenim
1521 2980 1554 3014 in
1566 2979 1774 3014 circularibus
1785 2979 1825 3013 ad
1837 2990 1953 3013 omnes
1964 2979 2021 3012 sub
2034 2979 2133 3014 coelo=

1256 3032 1433 3074 Episcopos
1468 3031 1582 3064 litteris
1619 3041 1677 3073 pro
1712 3030 1829 3062 SanEio
1850 3029 1908 3063 suo
1935 3027 2124 3063 patriarcha

1255 3080 1455 3121 Athanasio,
1483 3090 1577 3123 quem
1590 3080 1630 3113 de
1650 3079 1751 3113 effuso
1773 3080 1858 3112 intra
1872 3079 2045 3113 Ecclesiam
2056 3079 2125 3113 san-

1256 3132 1355 3176 guine
1379 3129 1546 3165 accusabat
1573 3128 1753 3163 Eusebiana
1778 3129 1979 3163 Arianorum
2004 3130 2125 3168 factio,

1258 3180 1372 3223 [cripfit
1402 3179 1625 3215 Alexandrina
1651 3180 1754 3213 totius
1780 3179 1927 3224 AEgypti
1953 3178 2125 3221 Synodus:

1259 3233 1366 3264 Caedes
1390 3231 1553 3263 &vincula
1561 3229 1633 3272 sunt
1655 3231 1784 3262 alienati
1800 3229 1896 3269 nostra
1906 3226 2047 3268 Ecclefia.
2072 3230 2138 3260 Sa·-

1258 3292 1361 3323 craque
1385 3279 1497 3319 nostra,
1523 3289 1556 3312 ut
1578 3286 1611 3312 in
1626 3278 1787 3323 praesentia
1803 3305 1813 3320 ,
1839 3284 1884 3312 ita
1903 3280 2006 3312 etlam'
2011 3274 2126 3319 semper

1258 3339 1335 3372 pura
1357 3332 1562 3364 &innocentia
1564 3329 1710 3370 fuerunt,
1737 3341 1795 3362 non
1813 3324 2136 3370 nifiCbristisanguine·

1261 3379 1377 3422 ejusque
1388 3378 1656 3422 cultusaneiificata
1668 3405 1674 3411 .
1688 3379 1720 3412 Si
1735 3376 1933 3411 Eucharistia
1945 3386 2012 3410 non
2023 3378 2130 3410 conti-

1264 3441 1336 3464 neat
1347 3440 1458 3464 verum
1470 3429 1591 3464 Christi
1610 3428 1798 3474 sanguinem
1812 3451 1824 3468 ,
1851 3426 1910 3461 ista
1920 3425 2072 3470 apologia
2084 3425 2131 3460 est

1955 3487 2084 3520 pennus
