2372 3756
406 112 504 181 22'8
636 141 637 148 κ
717 109 759 155 S.
800 106 1113 156 Gnteontt
1150 102 1391 157 sup-run
1426 113 1781 162 PONT11=1018

414 199 535 242 Inter
564 208 676 259 quos
701 191 942 260 specialiter
967 194 1182 240 Heni-icus
1207 225 1221 250 ,
1255 208 1386 256 quem
1409 191 1562 243 dicunt
1587 198 1752 257 Rege-m
1781 200 1961 250 Henrici
1981 203 2146 272 'Impe-

341 262 659 334 ratoris'filium
686 299 700 324 ,
735 279 889 311 contra
923 261 1106 311 vestram
1132 260 1383 328 calcaneum
1422 267 1560 314 ,erexit
1588 266 1822 314 Ecclesiam
1845 304 1858 328 ‚
1895 269 2005 320 sacza
2042 292 2143 323 cum

340 335 490 385 multis
515 333 738 401 Episcopis
763 334 1141 382 Ultra-Montanis
1176 334 1219 378 δι
1246 333 1413 380 Italicis
1437 332 1779 400 conspiratione,
1815 341 2016 388 annitens
2037 361 2143 399 me..

338 404 584 472 dejiciendo
605 422 702 455 eam
728 404 805 452 fibi
830 401 1051 467 subjugare
1075 423 1088 451 ε
1136 404 1274 464 Cujus
1298 401 1502 469 superbiae
1519 405 1666 454 vestra
1690 407 1839 457 refistit
1875 413 2104 462 audieritas
2127 451 2143 475 ,

336 495 521 546 eamque
547 475 688 525 nostra
715 472 920 525 destruxit
944 471 1157 539 potestas.
1199 474 1291 543 Qi
1308 473 1508 528 confusus
1544 481 1588 531 δε
1615 475 1867 530 humiliatus
1905 479 1963 528 ad
1998 499 2068 531 me
2096 485 2143 532 in

335 545 685 612 Longobardiam
724 545 897 592 veniens
922 577 935 603 ,
973 540 1286 590 absolutionem
1325 543 1382 593 ab
1430 550 1880 598 excommunicatione
1908 551 2104 618 quaesivit
2128 588 2143 601 .

337 626 485 690 Qem
510 634 594 679 ego
618 613 770 676 videns
794 613 1067 665 humiliatum
1093 647 1106 671 ‚
1141 614 1290 666 multis
1314 614 1371 663 ab
1401 632 1456 668 eo
1485 617 1830 682 promissionibus
1859 625 2049 690 acceptis
2087 621 2143 670 de

330 688 414 740 suae
434 691 536 737 vitae
556 682 859 735 emendatione
883 720 896 744 ,
933 680 1064 739 solam
1093 682 1135 730 ei
1160 688 1511 740 communionem
1540 686 1736 749 reddidi,
1771 707 1859 739 non
1886 705 2033 739 tamen
2056 687 2143 741 Re-

330 776 446 822 gno,
481 756 508 807 a
533 774 624 824 quo
649 773 746 805 eum
774 757 819 808 in
843 757 1046 802 Romana
1068 752 1246 824 Synodo
1269 753 1570 825 deposueram,
1604 759 1832 811 instauravi
1857 780 1873 809 1:
1911 765 2012 815 Nec
2037 760 2143 811 fide-

329 830 504 878 litatem
521 829 721 880 ‚omnium
746 861 760 886 ,
794 826 872 891 qui
899 822 976 872 fibi
999 828 1243 888 juraverant
1270 861 1283 885 ,
1318 829 1386 879 vel
1411 844 1532 879 erant
1555 833 1736 894 juraturi
1774 867 1789 893 ,
1822 828 1852 885 ,ὲ
1877 849 1965 898 qua
1989 849 2144 882 omnes

329 899 496 949 absolvi
521 900 568 949 in
592 896 743 947 eadem
766 893 950 966 Synodo
972 930 985 954 ,
1021 910 1069 943 ut
1095 893 1172 943 fibi
1197 892 1427 946 servaretur
1465 903 1646 968 praecepi
1665 937 1676 948 .

403 973 462 1017 Et
488 969 576 1017 haec
603 965 705 1016 ideo
728 964 896 1028 detinui
916 1001 930 1024 ,
966 979 1015 1020 ut
1044 967 1157 1021 inter
1181 983 1280 1026 eum
1314 971 1356 1019 &
1381 966 1618 1036 Episcopos
1642 1007 1655 1031 ,
1691 972 1761 1023 vel
1801 960 2023 1040 Principes
2055 974 2141 1022 Ul-

326 1046 674 1098 tra-Montanos,
712 1037 790 1103 qui
813 1037 855 1085 ei
880 1033 1003 1084 causa
1034 1034 1224 1100 juffionis
1248 1037 1390 1085 vestrae
1414 1039 1608 1087 Ecclesiae
1633 1040 1895 1103 restiterant,
1930 1044 2139 1108 justitiam

325 1110 540 1169 facerem,
575 1108 645 1157 vel
675 1124 827 1175 pacem
850 1122 1178 1177 componerem,
1215 1107 1322 1161 ficut
1354 1106 1443 1176 ipse
1469 1111 1683 1165 Henricus
1709 1128 1786 1178 per
1813 1110 1922 1163 duos
1960 1113 2141 1181 Episco-

322 1199 411 1253 pos
442 1180 552 1229 mihi
591 1178 787 1247 promisit
808 1213 822 1227 .
1372 1177 1376 1180 ’

331 1268 344 1281 ²
397 1250 590 1303 Praediffi
613 1264 757 1298 autem
782 1244 984 1315 Episcopi
1019 1251 1061 1295 δε
1087 1248 1309 1315 Principes
1336 1249 1687 1299 Ultra-Montani
1711 1288 1724 1312 ,
1758 1251 1981 1301 audientes
2015 1253 2141 1302 illum

324 1341 416 1374 non
440 1320 606 1377 servare
633 1319 741 1368 mihi
767 1317 889 1385 quod
911 1316 1187 1384 promiserat,
1223 1318 1343 1385 quasi
1364 1317 1577 1386 desperati
1604 1319 1658 1369 de
1677 1339 1756 1381 eo,
1792 1321 1879 1373 fine
1904 1340 2003 1372 meo
2033 1341 2140 1373 con-

324 1392 447 1453 filio,
483 1391 608 1442 vobis
636 1389 812 1440 testibus
837 1424 850 1447 ,
885 1390 1107 1450 elegerunt
1133 1387 1210 1436 fibi
1237 1387 1520 1456 Rudolphum
1548 1394 1717 1442 Ducem
1743 1393 1790 1439 in
1814 1394 2005 1454 Regem.
2044 1387 2140 1464 Qi

323 1467 425 1512 Rex
449 1460 710 1526 Rudolphus
737 1458 984 1507 festinanter
1009 1455 1065 1505 ad
1093 1475 1161 1506 me
1187 1457 1308 1507 misso
1334 1459 1489 1508 nuntio
1513 1458 1728 1511 indicavit
1754 1459 1796 1510 se
1825 1466 2019 1517 coatstum
2053 1466 2141 1511 Re-

322 1536 400 1596 gni
424 1530 713 1595 gubernacula
736 1526 978 1595 suscepisse,
1003 1543 1150 1575 tamen
1177 1527 1258 1576 sese
1290 1546 1485 1595 paratu-m
1514 1531 1623 1579 mihi
1650 1530 1852 1580 omnibus
1876 1530 2020 1580 modis
2033 1532 2140 1582 obe-

321 1603 416 1653 dire
446 1639 459 1651 .
497 1605 555 1666 Et
589 1615 638 1649 ut
661 1600 744 1653 hoc
771 1599 911 1654 verius
940 1596 1137 1652 credatur
1172 1635 1185 1658 ,
1233 1597 1395 1667 semper
1423 1618 1476 1648 ex
1521 1619 1576 1656 eo
1600 1617 1795 1668 tempore
1819 1600 2001 1650 eundem
2027 1602 2138 1651 mihi

321 1674 439 1723 misit
464 1671 726 1731 sermonem,
762 1668 968 1734 adjiciens
992 1670 1124 1716 etiam
1148 1667 1240 1716 filio
1257 1667 1533 1731 suohobfide,
1569 1675 1614 1720 &
1638 1670 1778 1720 fidelis
1799 1669 2019 1725 ‚suiDu-cis
2044 1678 2142 1722 Ber.

321 1742 467 1793 tholdi
492 1742 583 1790 filio
605 1778 617 1800 ,
655 1739 779 1807 quod
804 1737 1089 1806 promittebat
1112 1737 1277 1787 firmare
1294 1776 1306 1786 .

397 1810 567 1862 Interea
583 1813 796 1858 Henricus
820 1811 957 1876 coepit
984 1826 1052 1856 me
1076 1811 1264 1874 precari,
1301 1824 1349 1858 ut
1374 1811 1497 1858 illum
1522 1826 1678 1861 contra
1703 1809 1948 1880 praediffurn
1971 1810 2143 1863 Rudola

324 1886 459 1953 phuni
486 1881 755 1946 adjuvarem.
795 1882 884 1929 Cui
897 1877 1092 1946 respondi
1121 1897 1189 1927 me
1213 1879 1407 1936 libenter.
1423 1880 1589 1942 facere,
1625 1880 1775 1930 audita
1796 1881 2018 1947 utriusque
2042 1899 2143 1950 par-

324 1960 383 2004 tis
414 1956 582 2003 ratione
608 1989 621 2012 ,
657 1968 707 1999 ut
734 1950 909 2010 scirem,
943 1951 1013 1996 cui
1040 1949 1200 2014 justitia
1227 1952 1363 2012 magis
1389 1950 1552 1999 faveret
1580 1988 1593 1999 .
1631 1952 1711 1999 Ille
1738 1950 1844 2001 vero
1871 1967 2028 2019 putans
2058 1950 2142 2001 suis

219 2070 224 2080 ,
289 2076 291 2078 ,
324 2025 490 2075 viribus
517 2041 614 2072 eum
641 2020 754 2089 posse
777 2020 1008 2069 devincere
1032 2057 1045 2080 ,
1084 2036 1222 2069 meam
1250 2021 1509 2088 contempsit
1532 2019 1865 2087 responsionem.
1907 2021 2142 2088 Postquam

323 2112 471 2145 autem
512 2092 710 2160 persensit
740 2091 779 2139 se
805 2109 892 2138 non
918 2087 1033 2156 posse
1050 2125 1062 2148 ,
1098 2089 1204 2137 ficut
1233 2088 1442 2156 speravit,
1476 2107 1627 2152 agere,
1662 2090 1750 2140 duo
1778 2089 2005 2159 Episcopi,
2043 2093 2144 2141 Vir·-

325 2164 524 2214 dunenfis
554 2162 793 2219 videlicet,
830 2165 872 2208 δε
896 2158 1248 2221 Osemburgenfis
1276 2196 1289 2220 ,
1325 2159 1380 2208 de
1408 2160 1704 2210 consentaneis
1742 2159 1827 2212 suis
1857 2164 2045 2210 Romam
2069 2179 2143 2211 ve-

328 2251 512 2294 nerunt,
548 2237 590 2282 &
616 2235 660 2280 in
688 2229 870 2299 Synodo
896 2248 948 2278 ex
973 2247 1096 2297 parte
1124 2232 1304 2278 chrici
1330 2248 1430 2290 me,
1466 2247 1515 2278 ut
1549 2233 1611 2279 eis
1643 2231 1848 2294 justitiam
1886 2230 2143 2292 facerem-⁴,

330 2319 612 2370 rogaverunt.
653 2301 791 2373 Qod
815 2305 856 2353 &
882 2302 1042 2349 Nuntii
1068 2299 1289 2366 Rudolphi
1317 2299 1407 2348 fieri
1432 2299 1737 2350 laudaverunt.
1774 2298 1973 2349 Tandem
2002 2298 2144 2367 adsp'iss

330 2393 455 2429 rante
493 2380 596 2423 Deo
618 2411 631 2433 ,
667 2373 773 2420 ficut
806 2370 936 2419 credo
959 2407 972 2431 ,
1009 2370 1135 2418 statui
1173 2372 1218 2417 in
1252 2368 1401 2418 eadem
1429 2369 1606 2437 Synodo
1633 2406 1647 2430 ,
1684 2372 1730 2424 in
1770 2370 1966 2437 partibus
1992 2372 2147 2421 ultra-

332 2449 575 2499 Montanis'
595 2443 684 2492 fieri
708 2443 977 2507 colloquium
1003 2476 1017 2500 ,
1051 2455 1101 2488 ut
1127 2441 1219 2488 illic
1239 2455 1313 2488 aut
1337 2457 1421 2507 pax
1448 2441 1726 2500 statueretur,
1761 2440 1929 2489 aut‘cui
1958 2441 2144 2508 amplius

332 2519 495 2585 justitia
529 2516 688 2564 faveret
715 2551 728 2574 ,
774 2509 1102 2575 cognosceretur
1127 2547 1141 2558 .
1190 2514 1284 2572 Ego
1307 2513 1453 2570 enim,
1499 2511 1605 2559 sicut
1642 2527 1722 2560 vos
1755 2510 1865 2561 mihi
1894 2508 2018 2560 testes
2039 2510 2147 2561 *estis

332 2594 486 2638 Patres
526 2591 567 2634 &
594 2585 812 2643 Domini,
852 2580 983 2647 usque
1021 2579 1151 2629 hodie
1179 2581 1341 2628 nullam
1367 2597 1535 2648 partem
1570 2578 1758 2647 disposui
1794 2579 1993 2646 adjuvare
2016 2616 2030 2641 ,
2066 2578 2147 2629 nifi

336 2677 432 2707 eam
459 2660 529 2706 cui
556 2656 718 2722 justitia
745 2655 838 2720 plus
866 2653 1052 2701 faveret.
1092 2656 1158 2700 Et
1177 2654 1281 2716 quia
1307 2652 1543 2719 putabam,
1577 2650 1699 2718 quod
1723 2651 1914 2716 injustior
1930 2667 2031 2717 pars
2058 2651 2147 2705 coL

300 2759 305 2763 -
336 2731 532 2795 loquium
563 2728 699 2775 nollet
722 2724 812 2773 fieri
848 2761 860 2784 ,
897 2722 969 2770 ubi
995 2722 1156 2788 justitia
1180 2720 1298 2769 suum
1323 2723 1466 2771 locum
1493 2721 1705 2780 servaret,
1744 2722 2146 2782 excommunicavi,

338 2803 382 2847 &
408 2798 683 2846 anathemate
705 2796 882 2857 alligavi
909 2810 1059 2840 omnes
1086 2789 1306 2861 personaS,
1342 2794 1428 2842 sive
1457 2794 1614 2855 Regis,
1642 2791 1726 2840 five
1751 2794 1916 2851 Ducis,
1944 2806 2020 2840 aut
2043 2792 2147 2856 Epia

338 2868 460 2935 scopi
492 2904 504 2925 ,
540 2882 614 2914 aut
641 2868 819 2929 alicujus
843 2865 1031 2911 hominis
1061 2899 1075 2922 ,
1108 2864 1187 2929 qui
1217 2864 1486 2931 colloquium
1517 2865 1666 2929 aliquo
1690 2864 1867 2922 ingen-io
1891 2858 2149 2927 impediret,

333 2955 390 2987 >ut
416 2955 505 2986 non
530 2936 674 2984 fieret.
713 2934 940 2983 Praedffltus
968 2950 1112 2983 autem
1145 2936 1356 2982 Henricus
1379 2952 1479 2982 cum
1503 2932 1584 2982 suis
1608 2932 1847 2981 fautoribus
1876 2948 1964 2979 non
1989 2933 2150 2981 timeas

339 3008 584 3077 periculum
619 3004 921 3052 inobedientiae
951 3041 963 3063 2
999 3003 1120 3070 quod
1142 3003 1207 3050 est
1230 3003 1362 3052 scelus
1387 3004 1668 3059 idololatriae,
1715 3003 1984 3068 colloquium
2010 3003 2148 3068 imp&

340 3077 506 3127 diendo
552 3076 1048 3125 excommunicationem
1086 3076 1264 3121 incurrit
1289 3112 1301 3135 ,
1350 3079 1393 3123 &
1430 3072 1605 3141 seipsum
1642 3072 1942 3122 anathematis
1966 3071 2148 3122 vinculo

342 3143 539 3209 alligavit
557 3183 569 3206 ,
607 3162 895 3210 magnamque
920 3140 1241 3192 multitudinem
1271 3145 1612 3196 Christianorum
1642 3145 1775 3192 morti
1798 3142 1950 3200 tradi,
1986 3145 2028 3189 &
2066 3144 2150 3193 Ec,-

340 3219 490 3265 clesias
518 3217 622 3266 fecit
651 3214 835 3282 dissipari
853 3251 865 3274 ,
901 3219 942 3262 δε
972 3230 1113 3262 totum
1142 3214 1634 3280 peneTheutonicorum
1663 3216 1874 3275 Regnum
1891 3208 2149 3260 desolationi

306 3307 310 3310 ·
342 3286 466 3334 dedit
493 3322 505 3332 .
544 3293 823 3356 Quapropter
849 3284 1068 3332 confidens
1099 3283 1152 3332 de
1179 3283 1341 3348 judicio
1369 3289 1411 3333 δε
1441 3282 1730 3332 misericordia
1760 3286 1847 3331 Dei
1870 3319 1883 3344 ,
1935 3277 2151 3344 ejusqueg.

339 3355 534 3425 piiffimae
570 3359 723 3405 Matris
747 3354 911 3423 semper
937 3356 1130 3417 Virginis
1160 3359 1322 3403 MAMAE
1346 3392 1358 3415 ,
1397 3354 1529 3404 fultus
1557 3354 1695 3404 vestra
1716 3356 1973 3402 ,auctoritate
1997 3386 2009 3407 ,
2047 3348 2152 3418 saepe

1948 3436 2089 3470 nomi-
