2372 3756
603 166 670 198 De
706 163 1051 211 QUIBUSDAM
1086 147 1333 192 Primum
1369 140 1581 197 Locrs,

194 243 306 271 menta
324 233 495 279 appellasse
516 232 687 278 antitypa.
714 233 758 268 Et
778 232 813 267 in
841 231 1000 277 opusculo
1025 228 1066 264 de

195 283 403 319 Eucharistiae
423 285 671 320 consecratoriis
691 284 798 318 verbis
810 282 980 317 Dominus
991 280 1068 315 Car-

195 335 318 370 dinalis
327 335 494 370 Bessarion
505 334 604 369 libere
616 334 784 378 profitetur
798 333 951 367 Sanctum
972 332 1069 375 Joan-

197 395 274 419 nem
294 386 537 431 Damascenum
559 385 595 418 in
618 384 684 419 hoc
705 383 948 427 punstoerrass‘e
963 406 970 412 .
997 381 1068 414 Ma-

197 446 283 479 gnus
304 435 509 470 Alexandriae
531 432 721 470 Patriarcha
733 433 917 476 Dionyfius
928 431 1068 474 Pepuze-

197 497 261 519 nos
272 484 493 520 Montanistas
503 510 514 527 ,
541 485 617 520 licet
630 486 663 519 in
674 483 879 518 sacrosanstae
890 480 1070 516 Trinitatis

198 535 337 569 nomine
360 546 428 570 non
450 535 647 579 baptizatos,
674 543 784 568 tamen
808 532 921 567 docuit
941 542 1010 565 non
1025 542 1068 565 re-

199 583 427 628 baptizandos.
458 585 647 620 Admiratus
669 582 736 618 hoc
757 582 820 617 fuit
845 583 882 616 in
893 580 1071 615 Canonicis

198 634 241 668 ad
261 635 413 669 Sanctum
440 633 716 680 Amphilochium
727 633 842 667 litteris
853 633 999 676 Magnus
1012 630 1071 663 Ba-

198 683 306 723 filius,
332 696 430 727 atque
451 686 496 720 ita
519 684 651 730 gloriosi
673 683 830 725 Martyris
855 694 893 716 ac
918 680 1072 714 Dossoris

199 735 426 770 austeritatem
447 746 516 769 non
539 734 692 768 reveritus
717 733 838 776 scripfit
860 745 868 764 :
895 734 990 764 Miror
1007 740 1074 772 quo·

193 786 286 818 mado
297 784 347 818 hoc
358 786 482 818 latuerit
502 782 685 825 Dionyfium,
710 787 856 825 quamvis
876 787 1005 814 omnium
1016 783 1072 811 Ca-

202 845 310 869 nanum
328 834 530 875 peritiffimum
548 859 555 866 .
587 834 668 866 Hoc
690 831 796 876 ipsum
815 831 859 865 de
879 830 997 864 Sansto
1025 830 1074 873 Jo—

203 894 288 918 anne
313 883 522 919 Damascena
543 905 554 921 ‚
580 881 721 926 primum
753 881 803 915 uti
826 880 914 914 filius
943 880 962 913 a
988 889 1075 923 patre

202 942 352 977 precatus
370 933 498 968 veniam
512 957 523 973 ‚
550 931 616 966 hoc
639 931 752 966 nostro
777 931 814 965 in
835 932 956 975 punito
968 927 1076 964 scribit

203 982 391 1018 Cardinalis
416 983 604 1023 Bessarion,
631 981 742 1016 scribit
765 982 987 1015 consecratam
1013 980 1078 1013 Eu-

203 1032 391 1068 charistiam
412 1034 475 1067 esse
497 1032 671 1067 Dominici
694 1030 884 1075 corporis&
908 1029 1078 1075 sanguinis

204 1095 275 1118 non
289 1082 416 1117 tantum
428 1081 594 1117 veritatem
606 1107 618 1123 ‚
644 1081 699 1116 sed
722 1082 822 1116 etiam
846 1080 1025 1125 imaginem
1035 1089 1079 1114 at-

205 1144 271 1177 que
289 1133 429 1178 figuram
451 1157 462 1173 ,
490 1132 631 1177 ideoque
657 1132 806 1176 adjungit
833 1144 844 1164 .·
870 1135 945 1163 Non
965 1130 1073 1169 video,

205 1183 282 1226 quid
291 1183 468 1225 formidans
479 1181 680 1226 Damascenus
692 1180 916 1225 Praefigurativi
924 1178 979 1223 seu
993 1184 1079 1212 Anti-

205 1241 335 1275 typorum
357 1233 531 1270 vocabulum
551 1238 680 1267 timuerit
692 1255 703 1272 ,
727 1240 817 1274 atque
838 1236 883 1264 lta
894 1238 1037 1273 exponere
1040 1227 1081 1272 fit

205 1292 347 1321 conatus.

258 1334 420 1368 Attamen
433 1345 500 1369 non
516 1332 650 1377 persistit
665 1334 699 1367 in
727 1331 792 1367 hoc
808 1331 999 1376 Responso‚
1026 1328 1079 1363 sed

208 1380 361 1428 adjungit
381 1382 446 1418 hoc
467 1393 780 1427 temperamentumr
807 1384 940 1425 Fortaffe
961 1388 1059 1414 autem
1072 1403 1083 1419 ,

208 1434 291 1476 quod
314 1433 475 1474 impoffibile
496 1443 553 1466 non
573 1433 613 1474 est
633 1455 645 1472 ,
669 1435 779 1467 diceret
804 1431 959 1475 quisquam
986 1428 1082 1464 verba

211 1482 267 1516 illa
298 1481 402 1524 Bafflt'i
424 1506 436 1523 ,
460 1483 566 1525 quibus
600 1482 665 1515 baec
694 1493 817 1516 munera
846 1481 1083 1525 praeflgurativa

206 1530 260 1575 [eu
280 1537 415 1573 antitypa
434 1536 625 1574 nominavit,
652 1531 829 1575 Damasi-eni
851 1539 980 1574 tempore
992 1531 1084 1563 locum

210 1592 282 1616 ante
303 1581 399 1615 verba
426 1584 549 1614 Domtnt
566 1587 600 1615 tn
621 1582 707 1625 Missa
731 1582 883 1625 habuffi,
910 1583 1032 1624 ideoque
1054 1591 1085 1613 eo

211 1632 297 1666 modo
319 1633 353 1666 ό·
376 1630 452 1665 rec'le
467 1630 622 1674 exposufflffe
645 1631 863 1675 Damafienum
874 1645 888 1673 ;
915 1642 991 1665 nunc
1013 1631 1085 1663 vera

212 1680 307 1724 nescio
327 1683 467 1724 quomodo
486 1693 521 1715 ea
547 1681 642 1716 verba
657 1680 748 1725 futffe
766 1680 942 1724 transpqlita
954 1704 962 1712 .
987 1680 1086 1712 Multa

212 1737 294 1766 enim
304 1730 370 1765 huic
376 1730 485 1773 fimilta
495 1740 558 1765 tam
567 1734 648 1775 longo
658 1740 819 1774 temporum
831 1730 992 1765 intervallo
1014 1733 1084 1762 acci-

214 1782 344 1817 derunt.
373 1782 563 1816 Graecorum
582 1782 741 1826 Liturgiis
766 1783 868 1816 varias
891 1782 983 1815 vario
1007 1789 1086 1813 tem-

213 1841 297 1876 pore
308 1831 405 1866 factas
431 1831 493 1866 effe
504 1833 704 1867 mutationes
716 1832 750 1866 &
762 1832 1025 1875 transpositiones
1036 1829 1090 1863 de·

216 1881 375 1915 monstrat
385 1882 543 1924 exemplis
554 1906 565 1923 ‚
591 1881 775 1924 ideoque&
801 1879 886 1916 hanc
898 1882 1008 1916 censet
1019 1881 1086 1923 pos-

216 1931 363 1966 sibilem.
392 1930 436 1964 Et
456 1932 550 1966 fuiffe
569 1932 678 1966 revera
698 1933 813 1967 fastam
836 1931 947 1966 suadet
958 1931 1089 1974 antiqua

216 1980 530 2024 Hierosolymitanae
548 1982 696 2016 Ecclefiae
713 1982 862 2027 Liturgia
883 2007 895 2023 ,
919 1981 1011 2025 cujus
1036 1979 1090 2014 ali-

218 2029 309 2074 quod
320 2031 556 2074 compendium
581 2033 641 2066 suae
651 2034 774 2074 quintae'
786 2032 1021 2077 mystagogicae
1030 2030 1090 2064 Ca·

219 2079 336 2116 techefi
357 2081 493 2115 inseruit
513 2082 646 2115 sanctus
658 2082 804 2123 Cyrinus
825 2081 947 2115 ibidem
960 2080 1092 2124 Episco-

220 2141 281 2176 pus
315 2154 324 2162 .
364 2130 514 2165 Canonis
542 2131 578 2168 in
606 2131 664 2165 ista
691 2131 841 2175 Liturgia
871 2132 1092 2174 praefationetn

218 2181 387 2225 eleganter
408 2180 568 2224 exponit,
593 2190 693 2225 atque
721 2181 924 2225 prosequitur
942 2181 984 2214 de
1008 2178 1093 2212 Che·

220 2229 338 2265 rubico
361 2229 516 2273 hymno:
546 2233 707 2273 Propterea
727 2232 875 2264 traditam
900 2230 984 2263 nobis
1017 2228 1094 2262 banc

220 2279 412 2322 seraphicum
432 2279 617 2324 Theolaglam
637 2286 795 2314 recitamus
818 2305 829 2321 ‚
854 2289 887 2314 ut
912 2285 945 2314 tn
970 2280 1024 2313 illa
1043 2291 1096 2313 coe·

223 2329 283 2370 Iestt'
301 2328 454 2369 hymnodia
472 2342 536 2364 cum
555 2329 820 2374 supra-mundana
842 2331 948 2364 militia
972 2340 1095 2363 commu-

224 2385 351 2413 nicemus
364 2403 375 2419 ,
400 2388 488 2422 atque
501 2378 541 2421 fic
560 2389 616 2422 per
637 2380 776 2424 ejusmodi
800 2380 918 2419 hymnos
939 2391 991 2414 nos
1016 2377 1095 2422 ipfhs

219 2427 463 2472 sanffificantes,
491 2433 584 2464 Deum
594 2431 823 2476 benignlffimum
835 2442 955 2465 aramus
969 2454 980 2470 ,
1005 2438 1037 2463 ut
1046 2427 1097 2472 su-

222 2488 279 2522 per
299 2480 375 2519 illa,
401 2478 624 2515 Eucharistica
635 2482 799 2517 elementa
817 2507 830 2523 ,
850 2478 996 2524 propofita
1021 2482 1097 2513 San-

227 2529 307 2563 c‘lum
326 2531 469 2571 spirltum
489 2536 609 2564 emittat
629 2556 640 2572 ‚
666 2533 700 2565 <³5
721 2540 835 2574 panem
859 2531 978 2573 quidem
994 2530 1096 2571 faciat

225 2587 329 2621 corpus
341 2579 469 2621 christi,
497 2585 602 2614 vinum
612 2583 681 2613 vere)
691 2581 800 2621 christi
807 2580 983 2624 sanguinem
996 2605 1004 2612 .
1029 2583 1098 2611 Om-

228 2632 300 2664 mna
337 2635 416 2663 enim
459 2631 540 2673 quod
572 2635 706 2675 attigerit
726 2633 857 2674 Spiritus
872 2631 1023 2670 Sandlus,
1048 2629 1099 2662 boc

224 2677 424 2722 [audificatur
440 2681 474 2713 (ff
499 2679 721 2724 transmutatur
744 2706 750 2711 .
778 2682 895 2714 Deinde
926 2682 997 2713 verb
1027 2679 1099 2722 post·

229 2740 320 2771 quam
339 2729 503 2771 confec‘lum
524 2729 564 2770 est
586 2732 660 2764 illud
674 2730 830 2774 sptrituale
845 2728 1016 2772 sacrificium
1029 2754 1041 2769 ‚
1065 2731 1099 2763 <tt

228 2780 279 2813 ille
289 2780 382 2813 cultus
394 2785 564 2814 incruentus
574 2779 666 2823 super
677 2779 741 2823 ipsa
752 2786 976 2822 propitianonis
986 2779 1077 2819 hostia
1090 2804 1100 2820 ,

229 2827 410 2872 obsecramus
434 2834 530 2865 Deum
548 2839 605 2873 pro
633 2836 775 2864 commum·
795 2827 986 2871 Ecclefiarum
1003 2837 1100 2872 pace,

227 2886 284 2920 pro
304 2881 519 2922 tranquillitate
539 2882 668 2921 mundi,
689 2890 746 2923 pro
767 2880 918 2923 Regibus,
944 2888 999 2921 pro
1022 2881 1101 2913 mtll-

231 2928 315 2963 tibus
329 2953 340 2969 ,
359 2937 415 2971 pro
431 2928 539 2973 foetis,
563 2940 620 2973 pro
639 2937 758 2975 aegrotis
781 2955 792 2971 ,
812 2939 870 2972 pro
892 2928 1038 2971 afflic‘h's,
1067 2931 1100 2963 Θ

229 2976 347 3021 summa
364 2987 419 3019 pro
440 2986 478 3012 ils
498 2986 550 3022 qul
572 2992 655 3025 egent
678 2983 806 3014 auxilio.
834 2980 926 3013 Hinc
937 2980 1019 3014 dicit
1032 2979 1101 3013 sub-

230 3027 321 3071 sequi
338 3032 686 3065 commemorationem
708 3044 745 3065 ac
766 3031 952 3065 orationem
969 3040 1029 3072 pro
1049 3029 1102 3064 de-

232 3076 352 3112 funffis
373 3102 382 3112 .
412 3078 538 3112 Lucide
556 3082 694 3115 affirmat
714 3081 784 3125 post
824 3080 1044 3124 praefationem
1068 3080 1102 3114 &

231 3126 441 3170 Seraphicum
465 3127 626 3169 hymnum
646 3130 794 3175 proxime
804 3132 893 3175 sequi
907 3128 1103 3164 Eucharisti-

228 3189 275 3211 cae
283 3178 630 3213 transelementationis
641 3180 903 3223 expostulatrices
918 3191 1044 3224 preces,
1069 3179 1102 3215 δε

230 3235 311 3261 tunc
332 3226 399 3261 fieri
421 3228 582 3271 spirituale
603 3241 641 3263 ae
668 3231 876 3265 incruentum
887 3230 1102 3271 sacrificium,

232 3277 385 3311 videlicet
406 3277 508 3321 ipsam
531 3289 585 3321 per
608 3279 673 3321 ipsa
692 3280 835 3314 Domini
848 3280 942 3314 verba
954 3280 1101 3315 transele-

232 3327 471 3361 mentationem
493 3354 501 3361 .
528 3326 631 3377 Qod
652 3329 718 3372 ipsa
741 3330 836 3364 verba
857 3342 926 3364 non
948 3330 1102 3373 expresse-

234 3376 298 3416 rit,
318 3378 395 3411 fecit
414 3378 557 3421 apposita
579 3390 657 3412 tunc
681 3378 746 3413 illis
758 3380 811 3413 lex
823 3380 962 3418 Secreti,
980 3391 1023 3413 ex
1037 3391 1102 3424 quo

234 3434 314 3462 tunc
324 3427 434 3469 paffim
446 3429 479 3461 in
492 3429 555 3461 suis
566 3429 690 3472 scriptis
704 3429 739 3463 <Sc
750 3428 844 3465 distis
855 3430 961 3466 Sanffl
987 3429 1101 3466 Patres

333 3475 438 3518 Christ.
450 3482 531 3522 Lupi
543 3483 639 3522 Opera
650 3482 680 3511 T.
692 3483 721 3512 V
719 3482 743 3513 1.

1843 166 1936 212 205

1125 228 1288 264 addebant
1302 241 1309 261 :
1337 232 1459 262 Norunt
1466 229 1571 270 fideles
1584 253 1591 260 .
1612 228 1769 267 Attamen
1779 232 1872 267 verba
1883 233 2000 269 diserte

1125 279 1296 323 expressit,
1323 287 1427 323 atque·
1440 277 1582 322 ipsorum
1604 289 1645 312 ex
1666 291 1762 323 opere
1783 294 1918 326 operato
1941 284 2002 318 vir·

1127 340 1231 364 tutem
1252 329 1383 364 abunde
1402 329 1555 373 exposuit
1588 339 1666 363 cum
1696 331 1814 364 Sancto
1837 334 2002 377 Gregorio

1129 380 1279 423 Nysseno
1301 380 1437 415 Sanctus
1461 379 1602 422 Joannes
1619 378 1890 421 Chrysostomus.
1920 384 2003 418 Lau.

1130 430 1205 464 data
1220 429 1464 472 Hierosolymae
1486 429 1635 474 Liturgia
1663 426 1804 463 eundem
1825 429 2004 474 planecum

1130 481 1255 514 cunstis
1291 479 1483 517 Graecorum
1525 480 1673 524 Liturgis
1703 476 1802 513 habet
1833 479 2005 515 ordinem:

1132 529 1247 564 Unica
1275 529 1455 564 differentia
1473 530 1517 564 est
1532 553 1544 570 ,
1570 527 1662 574 quod
1694 528 1752 564 illa
1785 529 2008 574 postulatrices

1132 579 1483 614 transelementationis
1504 590 1613 623 preces
1631 589 1796 623 praeponat
1815 578 2009 615 Dominicis

1134 629 1240 664 verbis
1263 642 1272 673 3
1299 629 1346 664 hae
1366 630 1565 673 postponant
1589 655 1596 662 .
1624 630 1669 664 Et
1690 629 1740 663 illi
1763 654 1774 670 ,
1801 630 1856 674 qui
1879 630 2010 665 Basilia-

1136 691 1209 714 nam
1230 705 1241 721 ,
1267 679 1408 717 omnino
1431 680 1476 714 ita
1496 680 1672 714 alterarunt
1707 679 1808 714 etiam
1827 679 2011 726 Licurgiam

1136 731 1241 765 Sancti
1263 729 1398 774 joannis
1421 729 1672 772 Chrysostomi,
1697 728 1803 763 immo
1836 729 1870 763 &
1903 730 2013 765 Sanffl

1138 781 1291 824 Apostoli
1316 779 1447 824 Jacobi.
1476 778 1580 827 Quod
1602 792 1672 815 non
1695 779 1755 813 soii
1776 778 2014 815 Constantino-

1138 830 1277 874 politani
1300 827 1516 871 Patriarchae,
1542 830 1594 865 sed
1616 831 1650 865 ὅ(
1669 828 1727 874 ipsi
1744 828 1958 873 Imperatores
1972 832 2014 864 sa-

1137 881 1199 914 cris
1224 881 1382 924 Litus-giis
1405 879 1615 921 addiderint,
1639 879 1861 920 detraxerint,
1886 892 1924 915 ac
1936 881 2015 914 alias

1140 930 1336 964 variationes
1347 930 1540 971 intulerint,
1566 930 1612 965 est
1624 929 1907 966 omnibusnotum
1921 955 1928 962 .
1959 931 2015 964 An

1140 980 1274 1024 praesens
1296 979 1433 1014 variatio
1456 982 1641 1024 procefferit
1651 980 1694 1016 ab
1710 980 1822 1025 aliquo
1832 978 2018 1015 Schismati-

1139 1041 1204 1071 co,
1227 1041 1298 1069 non
1324 1029 1440 1073 poffim
1464 1029 1619 1066 constans
1638 1031 1815 1065 affirmare.
1843 1030 2017 1076 Quidquid

1140 1079 1199 1121 fit,
1227 1080 1284 1113 illa
1305 1078 1517 1114 schismaticis
1540 1079 1676 1123 praebuit
1688 1081 1768 1115 novi
1779 1082 1895 1116 erroris
1904 1081 2019 1116 funda-

1141 1139 1291 1164 mentum
1303 1138 1401 1172 atque
1413 1131 1597 1165 fomentum
1612 1155 1619 1162 .

1192 1180 1318 1214 Poffint
1339 1179 1465 1223 opponi
1489 1179 1559 1214 duo
1574 1205 1581 1212 .
1609 1178 1722 1214 prime>
1741 1179 1921 1217 authoritas
1942 1183 2020 1217 San-

1142 1231 1183 1265 &i
1195 1230 1351 1265 Germani
1365 1228 1557 1264 Patriarehae
1564 1229 1924 1276 Constantinopolitani
1937 1257 1947 1273 ,
1962 1231 2021 1276 qui

1143 1281 1259 1315 Sansto
1282 1279 1402 1324 Ioanni
1424 1280 1630 1315 Damascene
1675 1291 1855 1316 coaetaneus
1877 1306 1888 1322 ,
1913 1282 2023 1315 Litur-

1142 1331 1204 1376 giae
1223 1330 1377 1365 ordinem
1395 1330 1492 1365 refert
1504 1339 1603 1373 atque
1615 1331 1754 1376 exponit
1771 1331 1811 1366 ad
1823 1330 2022 1366 hodiernum

1144 1391 1270 1415 morem
1297 1393 1305 1412 ε
1331 1380 1637 1417 Transmutationis
1665 1380 1888 1425 postulatrices
1911 1392 2020 1424 preces

1145 1430 1315 1465 manifeste
1342 1430 1505 1474 supponit
1536 1432 1600 1465 esse
1630 1431 1890 1467 Dominicorum
1913 1430 2025 1466 verbo-

1146 1493 1216 1516 rum
1246 1480 1438 1515 recitatione
1471 1479 1663 1525 posteriores
1684 1506 1693 1515 .
1719 1481 1874 1516 Secundo
1896 1480 2024 1526 opponi

1147 1530 1252 1575 potest
1290 1529 1472 1565 authoritas
1509 1531 1662 1566 omnium
1700 1529 1801 1566 hodie
1836 1531 2026 1576 Grarcorum

1150 1578 1436 1626 Euchologiorum
1448 1605 1461 1623 ,
1485 1579 1522 1614 in
1534 1580 1654 1622 quibus
1666 1581 1699 1615 δε
1710 1581 1818 1616 Sancti
1830 1579 1964 1625 Iacchi,
1990 1581 2026 1615 &

1148 1631 1256 1666 Sanffi
1294 1631 1405 1664 Basilii
1434 1654 1447 1670 ,
1484 1630 1518 1664 δε
1538 1631 1643 1665 Sancti
1677 1630 1812 1673 Ioannis
1830 1628 2028 1674 chrysosto-

1149 1681 1195 1715 mi
1205 1680 1354 1724 Liturgia
1365 1679 1439 1714 istas
1450 1679 1506 1713 fibi
1522 1691 1631 1722 preces
1657 1682 1790 1716 insertas
1808 1679 1932 1716 habent
1954 1679 2026 1724 post

1148 1730 1345 1765 sacrosancta
1374 1727 1498 1763 Christi
1519 1729 1663 1764 Domini
1681 1728 1776 1765 verba
1798 1755 1806 1763 .
1833 1730 1908 1765 Nec
1933 1728 2030 1775 poffit

1148 1779 1269 1819 adduci
1288 1779 1381 1814 aliud
1402 1778 1586 1824 exemplar.
1619 1780 1695 1815 Nec
1714 1781 1887 1825 antiquum
1899 1791 1960 1815 nec
1972 1790 2029 1814 no⁴

1150 1842 1226 1865 vum
1240 1855 1248 1863 .
1275 1830 1324 1864 At
1347 1829 1422 1864 vero
1446 1827 1514 1865 haec
1539 1829 1653 1865 omnia
1665 1830 1778 1865 vitiata
1789 1841 1846 1865 aut
1856 1829 1942 1866 certe
1953 1830 2030 1865 alte·

1149 1892 1217 1916 rata
1238 1880 1371 1916 asserere
1392 1879 1438 1914 est
1462 1881 1498 1915 in
1520 1881 1656 1925 antiqua
1669 1880 1818 1916 Ecclefiae
1829 1881 2030 1916 documenta

1151 1931 1257 1975 palam
1280 1928 1464 1976 grassandi,
1490 1930 1525 1963 δι’
1549 1932 1710 1966 consueta:
1722 1930 1963 1967 Haereticorum
1975 1941 2032 1966 au·

1150 1981 1248 2017 daciae
1268 1980 1346 2015 dare
1371 1980 1540 2024 peffimum
1562 1981 1752 2025 exemplum
1772 2005 1783 2021 ‚
1810 1983 1845 2016 δι
1868 1982 1909 2017 ab
1934 1981 2030 2016 omni

1151 2030 1400 2065 Christianitate
1434 2030 1621 2065 damnatam
1653 2031 1822 2066 licentiam
1849 2057 1855 2064 .
1885 2032 2035 2076 Respon-

1152 2080 1216 2114 deo
1236 2079 1403 2124 praefatum
1416 2081 1574 2123 opusesse
1595 2080 1687 2116 valde
1697 2082 1892 2126 ambiguum
1905 2106 1917 2122 ,
1942 2082 2033 2117 ideo-

1153 2141 1217 2174 que
1249 2129 1387 2164 modicae
1418 2127 1626 2164 authoritatis
1647 2156 1654 2162 .
1685 2130 1814 2165 Eruditi
1851 2133 1959 2175 plures
1985 2132 2033 2176 ip-

1154 2183 1225 2214 sum
1247 2191 1316 2215 non
1327 2180 1447 2218 Sandio
1461 2178 1631 2214 Germano
1649 2179 1859 2220 adscribunt,
1885 2181 1939 2215 sed
1952 2181 2032 2215 Ger·

1155 2240 1255 2264 mano
1278 2228 1441 2268 secundo,
1468 2229 1539 2264 viro
1560 2228 1790 2273 schismatico,
1816 2230 1910 2275 cujus
1936 2231 1977 2266 de
1987 2230 2034 2265 fa·

1154 2279 1272 2314 cienda
1296 2279 1519 2314 Ecclefiarum
1538 2280 1665 2315 unione
1686 2280 1726 2315 ad
1747 2281 1948 2326 Gregorium
1976 2292 2036 2316 no-

1157 2342 1236 2364 num
1259 2330 1421 2373 Epistolas
1442 2328 1542 2364 habes
1563 2330 1649 2373 apud
1663 2329 1863 2367 Matthaeum
1874 2330 2031 2366 Parifien-

1154 2381 1237 2414 sem.
1267 2379 1321 2414 Ad
1343 2378 1523 2414 secundum
1542 2380 1723 2424 respondeo
1747 2382 1896 2417 Rituales
1920 2381 2034 2416 Eccle-

1155 2430 1271 2464 siarurn
1294 2429 1393 2464 libros
1407 2442 1475 2463 non
1490 2431 1624 2474 spectare
1636 2431 1676 2465 ad
1700 2430 1923 2467 Bibliothecas
1935 2457 1946 2473 ,
1973 2443 2035 2466 nee

1157 2480 1267 2524 paffim
1293 2480 1328 2513 in
1344 2480 1415 2523 ipfis
1434 2480 1595 2514 asservari.
1628 2480 1717 2515 Nam
1728 2481 1761 2515 &
1773 2481 1857 2524 apud
1873 2494 1932 2517 nos
1946 2480 2036 2516 Lati-

1157 2542 1218 2565 nos
1239 2530 1373 2574 plurimi
1394 2529 1474 2564 olim
1497 2532 1629 2565 fuerunt
1654 2530 1928 2572 Poenitentiales,
1955 2531 2034 2565 Miss

1157 2581 1234 2614 sales
1253 2605 1264 2620 ‚
1289 2580 1410 2623 aliique
1432 2580 1561 2614 rituales
1584 2580 1681 2620 libri,
1706 2592 1846 2626 quorum
1872 2581 1962 2615 nulla
1988 2592 2035 2615 re-

1158 2631 1258 2675 perire
1280 2629 1325 2663 est
1349 2627 1536 2664 authentica
1559 2631 1776 2674 exemplaria.
1804 2629 1901 2666 Adeo
1923 2641 1960 2666 ut
1972 2642 2034 2665 neu

1158 2680 1332 2714 habeamus
1344 2678 1512 2721 antiquum
1525 2680 1655 2714 Missale
1667 2680 1773 2715 Sancti
1793 2681 1912 2716 Gelasii
1924 2706 1931 2714 .
1958 2682 2033 2716 Nec

1157 2730 1297 2765 accusari
1320 2728 1375 2762 hic-
1398 2728 1512 2772 poffim
1524 2729 1567 2763 de
1585 2731 1734 2773 usurpata
1757 2730 2036 2776 graffandilicen·

1158 2782 1222 2814 tia.
1250 2779 1382 2813 Etenim
1405 2790 1458 2812 me
1480 2780 1585 2822 palam
1609 2790 1718 2815 tuetur
1744 2780 1975 2827 irrefragabilis
1999 2781 2034 2815 ὅ(

1157 2831 1241 2865 clara
1251 2828 1431 2864 authoritas
1452 2828 1558 2863 Sancti
1573 2830 1691 2873 Cyrilli
1704 2857 1711 2863 .
1738 2829 1783 2865 Et
1796 2831 1906 2867 euasti
1920 2830 2033 2876 passim

1159 2881 1349 2914 Graecorum
1371 2878 1480 2912 Patres
1502 2879 1690 2915 constanter
1723 2881 1921 2925 profitentur
1943 2881 2031 2916 duo.

1160 2929 1272 2964 Primo
1295 2953 1306 2969 ,
1333 2928 1709 2965 transelementationem
1740 2930 1811 2965 fieri
1845 2943 1901 2976 per
1925 2931 2034 2975 fingu-

1160 2982 1226 3016 late
1247 2989 1329 3022 opus
1350 2978 1487 3022 Spiritus
1515 2980 1642 3014 Sancti.
1670 2980 1847 3023 Secundo,
1873 2981 2031 3024 Spiritum

1159 3032 1312 3066 Sanstum
1333 3029 1375 3063 ad
1402 3028 1496 3063 istud.
1509 3029 1699 3074 patrandum
1712 3041 1768 3074 per
1779 3031 1952 3076 singulares
1966 3040 2033 3073 pre-

1159 3092 1209 3115 ces
1218 3080 1237 3114 a
1247 3078 1418 3113 Sacerdote
1427 3079 1579 3114 advocari
1593 3105 1601 3112 .
1616 3080 1816 3115 Profitentur
1828 3081 1863 3114 &
1874 3080 2007 3115 tertium
2023 3092 2031 3113 z

1198 3130 1263 3164 uod
1287 3139 1403 3172 nempe
1423 3129 1486 3163 ista:
1505 3141 1612 3174 preces
1637 3130 1719 3165 illud
1745 3141 1828 3174 opus
1861 3129 2035 3164 antecede·

1159 3190 1247 3215 rent.
1275 3178 1376 3213 Varia
1400 3177 1535 3215 Parrum
1558 3181 1630 3215 loca
1652 3180 1773 3215 adduxi
1793 3179 1937 3223 superius
1952 3203 1960 3212 .
1988 3180 2034 3214 Et

1159 3231 1238 3265 hinc
1255 3229 1345 3263 vides
1370 3229 1579 3265 Franciscum
1597 3229 1801 3264 Turrianum
1821 3241 1860 3264 ac
1874 3229 2033 3273 Iacobum

1158 3281 1295 3315 Billium
1311 3302 1321 3317 ‚
1344 3277 1423 3312 dum
1435 3278 1570 3314 adducta
1582 3281 1690 3314 Saneti
1713 3280 1849 3323 Ioannis
1860 3279 2036 3314 Damasce-

1159 3332 1193 3366 ni
1215 3330 1257 3365 de
1279 3328 1397 3372 Magni
1418 3327 1529 3363 Basilii
1552 3331 1643 3364 sensu
1665 3330 1761 3364 verba
1788 3330 1950 3365 affirmant
1971 3331 2035 3364 effe

1160 3381 1261 3425 spuria
1285 3390 1384 3423 atque
1404 3378 1525 3413 intrusa
1547 3403 1557 3420 ,
1584 3380 1646 3414 esse
1667 3380 1795 3418 locutos
1820 3381 1887 3416 fine
1918 3379 2037 3414 sunda-

1161 3439 1273 3466 mento
1291 3455 1299 3465 .

1637 3481 1658 3516 S
1904 3480 1989 3526 Qae
