2372 3756
118 795 179 828 Lib.
190 806 216 825 2.

120 2070 277 2105 Laea-

367 142 461 173 110

676 122 1073 169 S.GR1;GOR11
1108 135 1340 167 εεΡτΙΜι
1378 123 1736 170 Ponnmcrs

283 205 403 249 ficorum
427 209 512 240 velut
532 212 564 239 tn
583 208 676 240 locum
694 206 850 251 [arrogare
874 207 1035 245 damnati,
1061 214 1164 238 contra
1226 202 1374 236 thedram
1391 203 1580 245 pestilentiae
1598 231 1604 237 .
1631 206 1845 243 Calumniam
1865 211 1957 247 fuisse
1968 224 2109 259 coeptam

274 263 373 298 Tquem
389 258 564 299 pauesffimis
583 258 670 299 ‚Afris
689 264 792 299 partis
809 256 872 299 suae
889 258 989 298 primo
1008 258 1159 288 Interven-

287 314 363 341 tores
386 309 570 340 adventitios
589 307 702 350 furtim
712 309 855 350 longeque
864 305 1048 344 mittebant,
1074 307 1163 338 donec

1226 252 1310 309 prius
1320 253 1378 287 sub
1388 254 1427 289 Sa
1434 256 1495 289 nsti
1507 255 1660 299 Sylvestri
1674 257 1876 295 pontificatu
1888 285 1899 300 ,
1917 261 2026 298 lucide
2038 265 2106 310 sup-

1225 314 1320 346 ponit
1343 314 1437 347 atque
1463 305 1601 340 affirmat
1615 308 1750 342 sanstus
1763 310 1966 355 Augustinus
1979 337 1986 344 .
2013 314 2106 350 Hinc

286 360 417 399 deceptae
434 357 596 399 plebecula
617 357 702 401 quast
715 362 852 399 proprios
872 354 1030 398 Episcopos
1043 357 1162 388 ordina·
1208 339 1316 403 {addit
1329 354 1392 388 esse
1407 356 1509 389 serum
1534 357 1762 392 mendacium.
1791 360 1920 395 Veritas
1940 362 2106 407 enimJam

286 420 372 443 rent.
389 407 473 441 Rem
487 407 628 443 lucidius
640 407 776 450 exponit
787 407 920 439 Sanetus
933 406 1075 448 Optatus
1091 404 1163 447 Epi·
1209 402 1354 438 ¹dudum
1379 405 1559 440 damnasset
1579 408 1615 441 ὅ(
1636 406 1857 444 Melchiadem
1887 412 1919 446 ὅ(
1940 411 2106 448 Marcelli·

287 465 402 506 scopus
419 459 653 494 Milevitanus.
685 457 836 490 Affirmat
858 454 1043 490 Donatistis
1065 455 1165 495 usque

288 514 327 547 ad
340 514 394 547 sua
405 522 550 553 tempora
563 521 630 542 non
652 508 744 541 fuisse
760 507 818 539 nifi
832 507 886 539 sex
908 506 1080 539 Romanos
1095 501 1166 545 Epi<

287 556 424 606 scopos,
450 561 601 594 videlicet
612 557 782 591 Victorem
808 555 1043 594 Garbiensem,
1070 553 1167 585 Boni-

292 614 413 650 facium
436 610 635 645 Ballitanum
659 632 669 647 ,
696 606 916 650 Encolpium,
940 601 1167 640 Macrobium,

290 665 496 699 Lucianum,
526 657 811 693 &Claudianum.
841 655 1000 691 Huncait
1015 664 1082 687 non
1093 652 1165 691 esse,

290 726 352 749 nec
376 714 451 746 istos
475 708 569 743 fuisse
591 717 681 743 veros
703 708 931 741 Romanorum
947 728 957 745 ,
985 702 1036 736 sed
1051 712 1169 744 pauco-

290 776 363 801 rum
388 762 458 795 istic
489 758 668 795 errantium
690 757 847 791 Afrorum
862 754 1025 787 Erraticos
1038 751 1168 794 Episco-

292 825 371 859 pos,
399 822 497 855 atque
519 809 687 853 adjungit:
715 807 804 850 ,Quid
822 804 859 844 est
889 803 940 836 boe
961 826 972 843 ‚
998 804 1078 844 quod
1090 810 1170 843 pars

290 864 390 906 vestra
410 868 442 895 m
465 862 536 895 urbe
560 864 653 892 Roma
674 862 768 890 civem
790 852 967 896 Eptftopum
989 851 1100 886 habere
1113 863 1170 884 non

285 916 412 959 potuit?
438 912 526 955 ,Quid
545 909 583 949 eft
605 908 686 950 quod
706 913 750 939 tot
775 904 843 946 Afrt
867 905 1104 946 &peregrtntin
1117 902 1171 934 illa

292 971 416 998 civitate
432 961 488 1003 fibi
504 957 652 1003 succefflffe
673 954 857 998 noscuntur?
881 958 955 986 Non
975 960 1104 994 apparet
1122 952 1171 984 do-

290 1015 360 1048 lus?
387 1023 443 1044 non
450 1010 547 1051 faesio
557 1034 567 1048 ,
595 1018 661 1050 quae
676 1016 774 1039 mater
783 1003 820 1045 est
829 1001 1025 1047 fthtsmatis?
1049 1003 1170 1035 Interea

292 1065 391 1097 Vmor
403 1060 570 1103 Garbienfis
587 1083 598 1100 ‚
623 1067 657 1091 ut
667 1056 734 1089 binc
741 1060 823 1096 prior
835 1059 1005 1087 mitteretur
1019 1076 1029 1092 ,
1042 1063 1098 1087 non
1110 1052 1172 1084 dico

292 1117 373 1157 lapis
394 1121 426 1147 in
444 1112 585 1156 fontem,
610 1112 681 1150 quta
707 1116 758 1139 nec
777 1104 879 1139 valuit
886 1107 1050 1146 puritatem
1063 1100 1171 1133 Catho-

295 1167 360 1199 ltcae
383 1162 581 1197 multitudinis
598 1155 798 1202 perturbare,
820 1154 879 1197 sed
896 1158 968 1196 quia
989 1149 1171 1194 quibusdam

296 1216 380 1258 Afris
401 1214 501 1247 urbica
521 1212 676 1253 placuerat
692 1209 880 1239 commoratio
892 1227 903 1244 ,
930 1204 964 1236 (9
977 1201 1043 1235 binc
1054 1204 1074 1234 ἃ
1087 1201 1171 1233 vobis

292 1266 420 1309 profellt
443 1262 648 1299 videbantur,
673 1255 729 1299 tpfi
742 1261 893 1298 petierunt
917 1262 950 1285 ut
961 1252 1070 1294 allquts
1083 1249 1171 1288 hine,

296 1322 348 1359 qut·
369 1317 434 1349 illos
462 1313 606 1356 colhgeret
628 1333 638 1349 ‚
664 1313 833 1341 mitteretur
857 1329 864 1336 .
891 1302 992 1345 Mysus
1019 1300 1057 1341 est
1084 1306 1171 1342 igitur

296 1366 413 1401 Vmor.
445 1367 527 1397 Erat
541 1359 671 1402 ibtfilt'us
679 1356 741 1399 fine
749 1363 836 1397 patre
847 1378 858 1394 ,
884 1361 941 1391 tyro
945 1350 1006 1393 fine
1019 1353 1170 1391 Principe,

294 1416 457 1460 difi·tpulus
472 1412 534 1455 fine
556 1407 690 1452 magtstro
703 1430 713 1445 ,
736 1403 862 1446 sequens
880 1401 943 1442 fine
963 1400 1172 1437 antecedente,

295 1466 460 1509 inquilinus
477 1461 538 1502 fine
561 1460 665 1497 domo,
691 1453 793 1498 hospes
809 1450 870 1494 fine
895 1449 1040 1495 bospitio,
1070 1448 1170 1506 s’astor

288 1515 353 1559 fine
368 1524 458 1560 grege
471 1536 481 1552 ‚
507 1506 674 1553 Episcopus
691 1503 751 1547 fine
768 1505 892 1546 populo.
921 1500 1022 1534 Pauci
1038 1499 1087 1533 ist!
1103 1499 1166 1531 Ro-

296 1577 354 1600 rnae
366 1569 608 1598 commorantes
631 1557 703 1590 Afri
727 1554 878 1588 viderunt
902 1551 1005 1584 SanCti
1034 1548 1172 1592 Aposto-

295 1616 320 1650 li
346 1615 433 1650 Petri
457 1607 653 1646 Cathedram
672 1607 735 1640 esse
745 1605 846 1638 totius
857 1599 1113 1636 Christianitatis
1127 1610 1169 1634 ra-

294 1668 403 1700 dicem
416 1663 449 1697 &
461 1670 557 1703 caput
570 1684 581 1699 ,
607 1668 644 1690 ac
655 1655 721 1689 fine
735 1655 802 1697 ipsa
815 1664 881 1686 non
895 1651 982 1695 posse
991 1649 1052 1683 esse
1063 1659 1168 1705 veram

296 1715 497 1752 Ecclesiam,
525 1709 666 1751 ideoque
691 1705 753 1738 suis
775 1705 808 1737 in
837 1701 947 1735 Africa
973 1697 1169 1754 primatibus

296 1765 522 1812 persuaserunt
541 1758 602 1793 fibi
623 1753 818 1801 vagantibus
837 1752 1017 1787 consecrari
1039 1750 1072 1784 ὅτ.
1097 1757 1167 1781 mit-

297 1817 323 1850 ιί
337 1823 511 1860 vagantem
536 1808 737 1852 Episcopum
754 1829 764 1844 ,
787 1812 885 1847 quem
906 1801 960 1845 ipsi
974 1800 1170 1843 appellarent

296 1865 494 1901 Pontificem
517 1861 728 1895 Romanum.
757 1855 988 1896 Imperatorem
1015 1847 1173 1883 Constan-

297 1917 404 1954 tium,
429 1913 508 1948 dum
530 1910 682 1946 reducem
707 1904 874 1940 Liberium
899 1901 963 1936 una
984 1899 1172 1934 cumintru-

297 1968 334 2001 so
380 1964 493 2000 Felice
525 1961 631 1995 voluit
658 1955 753 1991 fimul
786 1953 945 1998 praefidere
976 1948 1174 1993 Apostolicae

299 2017 376 2052 Sedi
399 2040 410 2056 ‚
435 2011 671 2049 Theodoretus
706 2006 842 2040 affirmat
870 2003 963 2037 fuisse
995 2000 1135 2035 derisum
1157 1999 1175 2031 a

293 2069 458 2103 ,Romano
481 2062 626 2108 populo,
653 2058 857 2093 exclamante
881 2054 915 2086 in
942 2052 1039 2094 pleno
1066 2051 1172 2083 circo:

299 2122 383 2151 Unus
399 2119 478 2147 Deus
490 2138 500 2153 ‚
526 2123 603 2144 unus
617 2106 748 2148 Christus
764 2129 773 2145 ,
799 2114 875 2136 unus
898 2099 1077 2143 Epiftopus.
1109 2098 1176 2133 Ad-

300 2166 348 2200 dit
371 2159 514 2200 Felicem
535 2158 710 2196 recessisse,
736 2156 768 2190 &
793 2155 826 2188 in
847 2153 909 2186 alia
921 2151 1053 2185 civitate
1076 2148 1177 2183 fixisse

300 2217 429 2251 sedem.
458 2212 496 2246 In
521 2208 674 2245 exhibitis
699 2204 893 2239 Theodosio
917 2199 1070 2245 Augusto
1083 2199 1178 2241 preci·

301 2268 362 2301 bus
386 2263 559 2299 Faustinus
578 2261 612 2293 δε
636 2254 849 2290 Marcellinus
860 2249 1176 2286 affirmantaSenatu

302 2319 337 2351 ὅ(
357 2313 480 2359 populo
494 2335 505 2351 ‚
532 2311 565 2344 ὅ(
591 2307 732 2352 quidem·
747 2305 845 2338 bisex
859 2301 935 2336 urbe
946 2300 1090 2344 pulsum.
1118 2298 1178 2354 Ar-

302 2366 396 2401 denti
418 2365 452 2397 in
476 2360 695 2396 Christianam
721 2354 884 2398 Regulam
906 2352 977 2386 zelo
994 2351 1116 2391 semper
1135 2358 1180 2381 vt·

298 2427 376 2461 *guit
401 2412 539 2457 populus
561 2410 732 2443 Romanus
755 2429 764 2437 .
791 2403 885 2437 Hinc
910 2403 943 2436 &
969 2399 1177 2434 Garbiensem

303 2468 401 2500 isium
426 2462 619 2500 Viiiorem,
647 2455 736 2500 quod
761 2465 829 2488 non
855 2453 888 2486 in
905 2448 1107 2485 Lateranensi
1121 2447 1177 2480 Pa-

304 2517 386 2550 latio
397 2523 452 2548 aut
466 2511 628 2547 Vaticana
640 2506 773 2542 Basilica
786 2503 966 2547 splenderet
978 2524 988 2540 ,
1015 2498 1112 2533 sedin
1127 2506 1180 2530 ne-

305 2565 374 2600 scio
396 2574 460 2607 qua
472 2561 621 2606 spelunca
645 2558 804 2595 latitaret,
829 2553 864 2586 &
881 2549 1179 2586 clanculariascum

305 2615 417 2659 paucis
442 2613 531 2647 Afris
556 2620 663 2656 ageret
687 2607 857 2649 Synaxes,
881 2601 987 2636 derisit
1012 2599 1046 2633 &
1071 2597 1179 2641 explo-

306 2667 342 2699 fit
356 2690 366 2705 ‚
393 2663 584 2705 vocavitque
597 2671 663 2695 non
680 2657 870 2691 Romanum
880 2651 1081 2695 Episcopum
1095 2671 1106 2687 ,
1128 2647 1180 2680 sed

308 2715 514 2757 Rupitanum
538 2721 596 2745 aut
617 2707 849 2743 Montensem.
876 2702 966 2736 Cum
987 2699 1103 2734 Saneto
1115 2698 1182 2740 Op-

307 2773 378 2798 tato
400 2762 529 2797 vocavit
552 2761 657 2794 filium
681 2759 744 2791 sine
769 2764 878 2799 patre,
901 2749 1095 2804 discipulum
1115 2747 1182 2780 sine

308 2812 461 2858 magistro
485 2837 496 2852 ,
531 2809 694 2843 Pastorem
721 2807 787 2839 sine
813 2814 912 2849 grege
939 2826 950 2842 ,
985 2800 1181 2844 Episcopum

310 2865 376 2897 fine
399 2861 539 2905 populo.
569 2861 648 2893 Erat
672 2857 760 2892 avita
782 2856 816 2888 δε
838 2852 988 2896 palmaris
1013 2846 1181 2902 adversum

312 2912 443 2947 cuosvis
473 2908 653 2944 Haereticos
671 2916 768 2949 atque
794 2902 1024 2938 Schismaticos
1048 2898 1181 2943 praescn-

313 2947 384 3007 ptio
411 2976 420 2996 :
449 2963 540 2995 Hinc
560 2960 600 2992 ad
627 2958 726 3000 ipsam
744 2952 962 2989 evacuandam
989 2948 1114 2984 Donati
1138 2948 1181 2981 fa-

313 3015 377 3047 ssio
390 3010 510 3054 incepit
536 3009 679 3043 accusare
689 3004 886 3049 Sylvestrum
898 3026 908 3042 ,
936 2999 1159 3034 Melchiadem
1172 3021 1181 3036 ‚

315 3065 347 3097 &
373 3061 605 3096 Marcellinum
629 3082 640 3098 ,
666 3055 784 3101 garrire
805 3054 839 3087 in
867 3051 961 3093 hujus
988 3050 1074 3093 lapsu
1101 3048 1181 3083 defe-

318 3115 392 3146 cisse
405 3112 584 3156 legitimam
601 3108 813 3151 Episcopatus
825 3100 1052 3136 successionem
1064 3123 1075 3139 ‚
1099 3099 1180 3153 ideo·

319 3173 380 3203 que
392 3161 408 3193 εἴ
421 3162 496 3200 sese,
514 3159 586 3194 solis
600 3157 657 3192 sub
665 3156 749 3190 coelo
761 3154 846 3197 puris
857 3149 1034 3195 &integris
1045 3147 1180 3187 ,debuis-

320 3211 352 3244 se
375 3211 531 3253 suppleri.
561 3210 608 3243 lta
631 3209 791 3250 sperarunt
815 3213 882 3235 non
903 3198 1110 3235 solummodo
1136 3197 1177 3229 fir-

321 3261 502 3293 mariscum
516 3258 716 3302 Rupitanum
731 3253 925 3297 Episcopum
937 3274 948 3290 ,
976 3249 1028 3283 sed
1050 3249 1081 3281 ὃς
1094 3248 1183 3280 suum

321 3309 494 3343 Casenrem
516 3309 688 3342 Donatum
712 3302 859 3338 adversus
884 3297 1081 3333 Melchiadis
1104 3296 1184 3339 judi-

320 3358 409 3392 cium
421 3357 558 3400 purgari.
576 3357 700 3391 Eodem
712 3363 858 3396 tempore
869 3351 902 3384 &
915 3361 955 3384 ex
966 3348 1081 3382 eodem
1094 3348 1184 3380 fonte

319 3418 485 3455 coeperunt
497 3405 647 3441 blaterare
660 3405 845 3441 Romanam
857 3398 1034 3435 Ecclesiam
1050 3398 1111 3432 esse
1124 3396 1180 3442 Ca

1228 464 1320 494 num,
1333 455 1468 499 ipsisque
1480 456 1643 491 damnatis
1657 459 1795 494 viduatae
1814 460 1960 496 Ecclefiae
1970 463 2107 498 dedisset

1228 504 1478 539 immaculatum
1490 507 1700 544 successorem
1711 534 1718 542 .
1748 510 1936 546 Faetionem
1953 512 2106 558 Augusti-

1231 565 1290 587 nus
1303 555 1409 598 arguit
1421 579 1432 594 ‚
1449 555 1537 599 quod
1549 567 1616 591 non
1628 569 1742 593 contra
1755 560 1833 594 istos
1845 560 2018 598 damnatos
2031 589 2040 604 ,
2053 563 2105 597 sed

1228 613 1344 637 contra
1368 605 1466 648 ipsam
1490 604 1677 643 Romanam
1707 609 1884 644 Ecclesiam
1918 612 2106 647 intruserint

1230 653 1465 690 interventores
1476 679 1486 695 ‚
1510 667 1548 690 ac
1559 657 1691 693 tandem
1700 658 1839 702 deceptae
1850 661 2021 704 p1ebecuiae
2031 674 2107 704 qua-

1229 703 1251 737 si
1265 705 1412 747 proprios
1436 705 1615 750 Episcopos
1636 708 1835 745 ordinarint.
1863 712 1905 744 Et
1919 711 1996 747 hinc
2022 712 2105 747 istud

1229 754 1403 789 calumniae
1425 756 1542 790 vulnus
1567 768 1715 793 curatura
1724 759 1822 795 faffio
1833 762 1911 795 fecit
1924 762 1958 796 in
1972 761 2107 799 Cartha-

1228 804 1355 848 ginensi
1369 805 1578 847 Collatione,
1590 808 1679 852 quod
1691 810 1724 843 in
1736 809 1804 852 ejus
1816 809 1982 846 breviculo
1996 813 2106 847 scribit
2125 832 2126 835 κ

1230 855 1363 889 Sanctus
1387 855 1613 900 Augustinus:
1641 861 1720 893 Tunc
1739 860 1902 901 Donatista·
1928 861 2025 906 ipsum
2035 865 2107 896 Mel-

1227 902 1365 939 chtaedem
1384 914 1536 947 coeperunt
1560 913 1681 942 crimine
1706 911 1880 944 traditionis
1906 924 2047 955 arguere,
2073 915 2107 947 (v
2127 905 2185 935 Lib*
2198 914 2258 941 3¹⁶·

1230 955 1327 988 dicere
1350 958 1484 996 Major-es
1504 954 1572 999 suos
1588 965 1748 1000 propterea
1766 960 1848 993 illius
1865 963 2015 1002 judicium
2025 962 2107 1004 refu-
2131 949 2169 975 ¹8'

1223 1004 1297 1048 gisse
1309 1030 1319 1044 ‚
1345 1007 1426 1047 quod
1443 1007 1574 1039 traditor
1587 1010 1652 1050 effer
1668 1032 1676 1039 .
1703 1009 1946 1053 Exceptionem
1961 1010 2046 1047 hane
2056 1013 2107 1047 di-

1229 1064 1352 1088 xerunt
1377 1066 1444 1088 non
1469 1055 1532 1090 esse
1552 1057 1719 1092 novellam
1743 1059 1962 1102 calumniam,
1987 1062 2041 1096 sed
2051 1074 2106 1096 an-

1230 1103 1355 1147 tiquam
1383 1105 1550 1140 veritatem
1567 1131 1575 1139 .
1611 1107 1737 1142 Verum
1763 1108 1972 1153 probationes
1991 1122 2106 1157 rogata.

1230 1153 1342 1188 fabula
1366 1178 1378 1194 ,
1405 1154 1462 1188 fibi
1486 1156 1542 1199 ipsi
1565 1168 1634 1191 non
1655 1158 1822 1193 constitit:
1850 1159 1992 1195 Protulit
2015 1162 2105 1196 enim

1233 1205 1314 1237 Aeta
1326 1227 1337 1243 ,
1366 1204 1401 1237 in
1414 1204 1532 1248 quibus
1543 1217 1610 1241 non
1623 1207 1856 1248 Marcellinus,
1887 1221 1947 1244 nec
1968 1210 2106 1245 Marcel-

1232 1254 1280 1286 lus
1294 1276 1305 1292 ,
1331 1264 1393 1286 neo
1405 1253 1625 1297 Melchiades,
1654 1270 1714 1292 nec
1726 1258 1887 1302 Sylvestet
1901 1259 1958 1294 sub
1970 1261 2108 1296 Diocle-

1231 1303 1324 1335 tiano
1335 1325 1348 1342 ‚
1374 1301 1429 1336 sed
1451 1305 1561 1338 nescio
1583 1306 1639 1348 qui
1662 1308 1791 1342 Straton
1805 1309 1840 1343 &
1851 1309 2019 1344 Cassianus
2031 1311 2107 1346 asse·

1231 1350 1387 1386 rebantur
1406 1351 1569 1387 tradidisse
1592 1354 1650 1388 sub
1669 1354 1845 1392 Maxentio
1857 1381 1864 1390 .
1890 1358 1981 1400 Ipsos
1990 1360 2107 1395 asseve-

1201 1414 1205 1416 ·
1230 1412 1341 1435 rarunt.
1353 1401 1444 1436 fuisse
1455 1402 1653 1438 Melchiadis
1664 1406 1835 1441 Diaconos
1846 1431 1856 1447 ,
1876 1407 1910 1441 &
1921 1409 2106 1446 Stratonem

1218 1450 1272 1485 -ad
1293 1451 1502 1495 recipienda,
1529 1464 1599 1497 quae
1620 1454 1801 1497 Imperator
1827 1456 2018 1493 Maxentius
2038 1458 2108 1494 red-

1230 1499 1345 1541 debat,
1374 1502 1592 1537 Ecclesiastica
1604 1503 1676 1538 loca
1692 1505 1821 1539 missum
1834 1505 1852 1538 a
1866 1506 2046 1549 pontifice,
2071 1510 2105 1543 ὃ(

1231 1552 1296 1584 ideo
1317 1551 1460 1585 volebant
1480 1557 1572 1586 ettam
1594 1552 1671 1587 bunc
1692 1561 1813 1588 crimine
1821 1558 1994 1590 traditionis
2005 1556 2105 1601 asper·

1226 1611 1313 1644 gere.
1340 1602 1436 1644 ‚Quod
1463 1605 1590 1636 Dias-ono
1610 1604 1660 1636 illo
1687 1615 1745 1638 non
1769 1606 1931 1648 degradato
1954 1614 2102 1642 uteretur.

1234 1652 1283 1684 Ex
1307 1650 1374 1694 ejus
1390 1663 1459 1686 non
1473 1652 1642 1697 degradati
1654 1656 1891 1690 communione
1900 1656 2104 1692 affirmabant

1231 1701 1432 1735 maculatum
1445 1701 1670 1738 Melchiadem
1683 1728 1695 1745 ‚
1712 1705 1745 1739 ὅ(
1757 1703 1958 1740 pontificatu
1969 1706 2104 1742 excidis·

1232 1752 1264 1785 se
1274 1775 1283 1784 .
1306 1751 1387 1785 Non
1401 1751 1504 1795 ipsum
1519 1752 1659 1796 amplius
1672 1754 1713 1788 de
1723 1754 1919 1797 traditione,
1940 1756 1992 1790 sed
2004 1756 2045 1791 de
2057 1759 2104 1792 so·

1232 1801 1265 1835 lo
1275 1801 1522 1837 communionis
1529 1804 1685 1848 contagio
1696 1806 1895 1839 accusarunt.
1910 1806 1995 1851 Qae
2004 1807 2104 1841 etiam

1231 1852 1343 1887 omnia
1355 1863 1460 1887 carere
1471 1853 1687 1889 fundamento
1697 1855 1958 1890 demonstrarunt
1979 1855 2104 1890 Ortho-

1231 1902 1310 1936 doxi
1332 1902 1508 1948 Episcopi,
1532 1904 1566 1938 δε
1587 1904 1635 1938 uti
1662 1904 1778 1940 frivola
1801 1904 1910 1949 rejecit
1937 1904 2104 1950 Cognitor

1232 1952 1445 1988 Marcellinus
1456 1978 1464 1986 .

1280 2003 1402 2038 Tertiae
1423 2003 1486 2038 diei
1511 2004 1657 2041 Collatio
1669 2017 1726 2049 pro
1737 2018 1857 2052 magna
1868 2005 1916 2041 sui
1929 2015 2016 2050 parte
2027 2005 2104 2041 latet

1233 2063 1287 2088 aut
1309 2054 1402 2098 periit
1422 2065 1497 2088 cum
1520 2067 1643 2100 magno
1667 2056 1894 2091 Ecclesiasticae
1908 2055 2105 2090 erudit-ionis

1232 2102 1374 2138 damno.
1401 2105 1483 2137 Haec
1503 2114 1614 2139 tamen
1637 2106 1751 2139 omnia
1774 2114 1886 2150 patent
1911 2117 1952 2140 ex
1973 2105 2106 2140 residuis

1235 2153 1435 2196 perditorum
1455 2155 1601 2197 capitum
1625 2156 1849 2198 compendiis,
1874 2165 1916 2189 ex
1942 2153 2104 2190 Cirthensi

1235 2202 1305 2246 post
1318 2203 1541 2238 Collationem
1552 2204 1709 2246 synodo,
1727 2206 1760 2238 δι
1774 2204 2019 2248 Augustiniano
2034 2205 2106 2237 Bre-

1238 2253 1347 2286 viculo
1369 2252 1585 2286 Collationis.
1615 2252 1669 2286 De
1691 2252 1877 2286 Marcellini
1890 2254 1977 2295 lapsu
1996 2253 2114 2286 nullus!

1235 2302 1332 2336 etiarn
1343 2301 1496 2342 antiquus
1506 2302 1650 2344 Scriptor
1662 2302 1828 2335 meminit.
1839 2302 1932 2348 Qin
1945 2303 1980 2336 ἀ
1991 2302 2032 2336 de
2045 2302 2106 2336 ino

1238 2351 1345 2385 scribit
1355 2352 1389 2384 in
1405 2350 1620 2386 Ecclefiastica
1633 2350 1765 2386 historia
1778 2350 1954 2386 Eusebius:
1967 2352 2109 2384 Marcelli-

1238 2407 1269 2434 nt
1281 2401 1457 2443 temporibus
1466 2401 1628 2444 persicum
1638 2425 1648 2440 ,
1676 2407 1709 2433 tn
1729 2412 1786 2444 qua
1808 2397 1868 2444 ipse
1881 2404 2021 2440 Mar-tyrio
2033 2411 2109 2434 oceu-

1239 2452 1300 2484 bm't
1311 2476 1322 2493 ,
1347 2460 1452 2484 exorta
1461 2450 1516 2491 est.
1545 2451 1588 2485 Et
1600 2452 1633 2484 in
1645 2451 1758 2485 eadem
1769 2450 1902 2486 historia
1912 2451 2109 2485 Theodore·
2126 2451 2275 2485 L·7·c·26·

1241 2511 1311 2544 tus·,
1339 2502 1527 2534 Marcellinus
1537 2524 1548 2541 ,
1575 2506 1625 2534 vir
1631 2499 1840 2544 persecutionis
1852 2501 2032 2543 temporibus
2044 2513 2106 2533 ma-

1234 2563 1297 2595 gna
1311 2551 1409 2595 gloria
1429 2552 1520 2593 plene
1538 2550 1710 2583 nobilitatus
1722 2575 1729 2583 .
1756 2551 1865 2584 Fuisse
1878 2550 2108 2594 persecutionis

1237 2601 1413 2635 certamine
1425 2600 1592 2644 insigniter
1601 2601 1789 2634 defunctum
1800 2599 1888 2634 addit
1902 2599 2108 2643 Nicephorus

1238 2651 1406 2686 Calixtus.
1433 2649 1534 2695 Qod
1558 2651 1662 2692 ipsum
1682 2650 1824 2685 scribunt
1837 2650 1870 2684 ὃ(
1887 2649 1942 2683 alii
1955 2648 2109 2693 posterio-
2126 2646 2192 2675 ¹⁰8·
2212 2651 2237 2673 C·
2249 2647 2278 2673 ⁶·

1239 2713 1286 2735 res
1310 2701 1430 2734 Graeci.
1459 2700 1588 2743 Nempe
1609 2699 1719 2734 Isidori
1739 2710 1858 2733 merces
1883 2698 1919 2733 hi
1941 2710 2007 2734 non
2020 2698 2108 2732 vide-

1240 2761 1335 2791 runt,
1364 2750 1501 2793 ideoque
1522 2749 1610 2783 nulla
1631 2760 1784 2792 umquam
1805 2748 1875 2791 ipsis
1895 2749 1957 2783 fuit
1968 2747 2009 2783 de
2019 2749 2109 2782 Mar-

1240 2801 1348 2836 cellini
1360 2801 1446 2843 lapsu
1460 2799 1508 2832 vel
1522 2800 1659 2842 suspicio
1669 2824 1676 2830 .
1705 2799 1892 2834 Donatistas
1902 2798 2020 2832 imitati
2034 2799 2107 2832 sunt

1244 2851 1500 2884 Novatianenses
1511 2874 1521 2889 ,
1547 2849 1602 2893 qui
1615 2850 1654 2883 ad
1667 2849 1867 2892 purgandam
1879 2849 1968 2883 suam
1980 2849 2108 2882 causam

1242 2903 1404 2934 finxerunt
1416 2900 1653 2934 Macedonium
1665 2898 1786 2942 Papam
1798 2909 1872 2932 cum
1889 2899 1964 2932 030
1975 2897 2110 2940 Presby-

1243 2951 1315 2985 teris
1334 2950 1516 2984 sacrificasse
1535 2950 1594 2982 sub
1622 2948 1752 2988 Decio,
1777 2949 1810 2982 ἀ
1835 2948 1972 2981 unicum
1998 2947 2110 2982 Nova-

1243 3002 1368 3036 tianum
1389 3000 1505 3034 stetisse
1527 3009 1641 3042 purum
1655 3023 1666 3038 ‚
1693 2998 1832 3039 ideoque
1852 2999 1885 3032 &
1899 2998 1955 3041 ipsi
1964 2995 2110 3031 delatum

1245 3051 1403 3095 Papatum
1415 3076 1422 3083 .
1450 3049 1498 3084 Ita
1519 3049 1553 3081 in
1572 3047 1681 3082 Photii
1696 3047 1901 3082 Bibliotheca
1912 3045 2021 3082 scribit
2033 3047 2111 3081 San·
2128 3064 2275 3093 [dgmg-

1244 3103 1312 3136 stus
1334 3100 1495 3144 Eulogius
1514 3096 1698 3132 Patriarcha
1724 3098 1985 3132 Alexandrinus.
2016 3097 2111 3131 Errat

1246 3152 1278 3186 in
1293 3152 1445 3185 nomine:
1472 3148 1592 3182 Nullus
1601 3148 1690 3182 enim
1701 3158 1856 3191 umquam
1867 3148 1930 3182 fuit
1940 3146 2027 3191 Papa
2039 3145 2111 3179 Ma-

1244 3201 1415 3235 cedonius.
1441 3200 1592 3232 sanetum
1620 3197 1812 3232 Cornelium
1838 3197 1960 3242 Papam
1985 3221 1997 3237 ,
2021 3193 2111 3239 quod

1247 3251 1368 3293 lapsum
1383 3250 1577 3292 Episcopum
1590 3247 1825 3291 Trophymum
1837 3249 2014 3291 reparasset,
2023 3245 2112 3279 ideo-

1247 3312 1309 3344 que
1332 3301 1399 3343 ejus
1422 3297 1559 3331 scabiosa
1581 3298 1818 3331 communione
1840 3297 1983 3341 pollutus
2009 3295 2109 3337 Papa-

1249 3360 1318 3384 tum
1343 3348 1513 3386 amisisset,
1539 3349 1728 3381 accusarunt
1741 3346 2016 3395 Novatianenses.
2046 3344 2114 3377 Ad·

1250 3399 1375 3434 versum
1396 3398 1642 3443 quosinsignem
1664 3408 1722 3441 pro
1744 3397 1804 3431 illo
1817 3395 2015 3440 Apologiam
2045 3395 2116 3428 scri-

2008 3443 2066 3488 psit

2127 2531 2153 2559 L.
2166 2538 2189 2559 t.
2211 2537 2276 2567 ος.
