2372 3756
376 133 445 183 74

298 210 408 250 noster
418 208 600 245 Pontifex:
627 213 685 244 His
704 210 845 244 nimirum
868 210 944 245 banc
957 208 1110 245 Primams
1134 211 1177 242 dt-

680 123 720 168 S.
757 120 1063 168 Gazeonu
1100 125 1344 167 sepum
1380 120 1760 172 Ponrirrcrs

1240 214 1305 242 rint
1315 234 1326 249 ,
1351 219 1409 242 non
1419 208 1514 252 solum
1525 213 1696 246 Primatum
1705 214 1793 257 hujus
1804 217 1964 260 dignitatis
1981 232 2038 256 non
2062 233 2127 258 cott-

293 266 444 305 gruitatem
468 260 682 293 concedendam
701 260 753 305 effe
767 259 943 304 sancimus,
970 266 1023 303 qut
1037 268 1119 302 pura
1143 261 1178 293 <it
1239 261 1392 300 cedimus,
1419 261 1524 294 verum
1547 267 1639 295 ettam
1648 270 1727 298 omni
1749 263 1853 301 bonore
1874 269 2059 312 Ecclefiasttct
2081 287 2125 309 re-

290 308 407 353 fintera
429 309 562 344 electione
580 309 636 343 tibi
653 308 857 354 fiet-cesserint,
881 312 917 344 ὁ·
936 315 983 343 ita
1002 317 1058 352 per
1078 310 1177 350 ostium

297 365 484 393 intraverint
504 383 515 400 ,
534 359 608 402 ficut
629 363 864 394 Fraternitatem
886 369 973 393 tuam
989 366 1177 405 cognovimus

299 409 437 453 antraffir.
464 415 523 447 His
544 411 636 450 verb,
661 417 713 453 qui
722 412 810 444 aliter
826 415 1015 443 intraverint
1030 434 1042 451 ,
1069 410 1177 444 videli-

297 468 343 492 cet
366 466 420 503 qut
444 461 544 502 juxta
581 463 765 493 Domtntcam
785 459 968 504 sententiam
994 483 1006 500 ,
1042 471 1100 493 non
1119 468 1177 501 per

295 508 396 549 ostium
415 533 427 551 ,
446 508 506 553 sed
527 510 651 544 aliunde
669 519 702 543 ut
713 511 809 553 fures
832 512 868 547 θ’
889 511 1018 545 latrones
1042 507 1175 554 ascende-

1235 314 1361 354 gimtm's
1386 311 1524 355 indignos
1552 312 1587 346 Θ
1607 314 1718 347 alienos
1732 315 1804 357 fore
1821 318 2042 360 adjudicamus.
2081 325 2127 359 Et

1241 358 1333 401 quod
1344 360 1491 395 Gebuini
1506 363 1697 398 successores
1707 365 1857 402 adversus
1877 367 2013 404 Laicam
2037 372 2125 408 inve-

1241 408 1388 444 stitnram
1413 420 1452 446 ac
1465 411 1607 458 Regiam
1628 415 1893 453 nominationem
1914 420 2127 458 strenuiffime

1241 461 1456 543 pugnagerint
1468 485 1481 504 ,
1505 463 1595 499 lucet
1606 475 1648 499 ex
1660 465 1776 501 litteris
1784 468 1892 503 San-sti
1911 469 2024 506 lvonis
2045 471 2125 508 Car-

1242 520 1342 545 nuten
1357 521 1385 544 ιε
1398 535 1406 543 .

854 724 1558 779 CANONVL

390 864 512 916 Alsas
545 865 829 934 poenitentias
878 861 1068 913 dicimus
1102 901 1116 926 ,
1167 882 1266 933 quae
1300 882 1389 917 non
1424 865 1658 922 secundum
1693 876 1994 925 auctoritatem
2031 875 2125 928 san-

420 942 585 986 &orum
622 940 802 984 Patrum
852 952 933 1003 pro
978 936 1195 1003 qualitate
1241 940 1473 988 criminum
1517 943 1800 1011 imponuntur
1831 982 1844 995 .
1897 946 2126 1015 Ideoque„

292 1011 563 1074 quicumque
599 1006 725 1056 miles
756 1040 770 1063 ,
820 1006 890 1055 vel
927 1008 1175 1069 negotiator
1209 1043 1223 1068 ,
1271 1009 1342 1057 vel
1393 1011 1526 1060 alicui
1594 1013 1742 1063 officio
1787 1015 1962 1066 deditus
1999 1018 2124 1085 quod

291 1077 379 1127 fine
425 1091 610 1144 peccato
653 1077 844 1126 exerceri
890 1093 981 1124 non
1028 1075 1155 1144 poflit
1188 1113 1202 1138 ‚
1249 1078 1282 1127 fi
1315 1079 1457 1147 culpis
1502 1083 1776 1145 gravioribus
1826 1089 2018 1138 irretitus
2066 1088 2126 1138 ad

290 1150 598 1216 poenitentiam
633 1148 802 1196 venerit
834 1183 847 1207 ,
895 1147 968 1196 vel
1001 1150 1081 1214 qui
1128 1147 1244 1197 bona
1278 1150 1456 1200 alterius
1489 1153 1641 1218 injuste
1677 1154 1847 1207 detinet
1880 1192 1894 1217 ,
1940 1158 2009 1207 vel
2079 1161 2124 1208 ui

289 1218 440 1268 odium
476 1221 525 1267 in
561 1216 694 1268 corde
729 1218 842 1280 gerit
875 1252 889 1277 ‚
925 1216 1201 1279 recognoscat
1236 1216 1277 1267 se
1311 1237 1457 1269 veram
1491 1226 1799 1290 poenitentiam
1847 1244 1938 1277 non
1972 1177 2126 1295 posse„

287 1306 494 1357 peragere
532 1324 546 1350 ,
582 1306 660 1356 per
693 1305 826 1355 quam
862 1285 919 1335 ad
953 1303 1157 1336 aeternam
1194 1289 1333 1336 vitam
1369 1291 1515 1339 valeat
1548 1298 1775 1359 pervenire
1801 1332 1815 1356 ,
1850 1297 1930 1346 nist
1963 1314 2125 1347 arma-2

286 1358 480 1428 deponat
514 1395 527 1420 ,
583 1357 845 1424 ulteriusque
891 1373 980 1405 non
1017 1356 1128 1405 ferat
1166 1356 1246 1405 nisi
1282 1358 1467 1408 consilio
1515 1362 1840 1426 Religiosorum
1887 1366 2126 1435 Episcopo-

287 1448 382 1478 rum
420 1447 502 1497 pro
535 1427 808 1478 defendenda
843 1425 1006 1491 justitia
1040 1462 1053 1486 ‚
1097 1427 1165 1475 vel
1200 1429 1425 1491 negotium
1460 1427 1734 1499 derelinquat
1768 1469 1783 1494 ,
1828 1435 1898 1484 vel
1931 1435 2125 1486 officium

285 1499 452 1548 deserat
485 1534 499 1558 ‚
548 1502 592 1547 &
627 1496 780 1547 odium
817 1514 872 1546 ex
906 1494 1040 1545 corde
1073 1495 1273 1546 dimittat
1308 1535 1321 1559 ‚
1371 1497 1576 1566 bonaque
1624 1518 1722 1569 quae
1759 1503 1911 1569 injuste
1946 1505 2126 1555 abstulit

287 1570 486 1618 restituat
521 1603 535 1617 .
594 1570 673 1618 Ne
711 1583 860 1616 tamen
907 1563 1101 1633 desperet
1136 1603 1148 1627 ,
1199 1569 1377 1618 interim
1411 1569 1632 1638 quidquid
1666 1571 1774 1623 boni
1807 1572 1957 1624 facere
1991 1591 2125 1643 pote-

285 1643 343 1688 rit
379 1676 393 1700 ‚
444 1640 672 1686 hortamur
704 1672 720 1698 ‚
765 1652 814 1686 ut
849 1635 983 1686 faciat
1013 1673 1026 1698 ‚
1079 1652 1130 1687 ut
1165 1640 1466 1706 Omnipotens
1501 1644 1628 1692 Deus
1677 1660 1756 1693 cor
1788 1644 1905 1694 illius
1940 1645 2123 1697 illustret

284 1708 347 1761 ad
377 1710 692 1779 poenitentiam
710 1742 723 1755 .

112 2212 144 2242 1..

156 2221 180 2244 7⁶
191 2208 274 2251 Epist.

482 1867 979 1919 Senotiou.

399 2016 485 2053 Une
506 2015 683 2052 Canonem
706 2015 887 2061 Gregorius
908 2016 1017 2051 noster
1041 2014 1152 2050 laudat
1167 2038 1178 2056 ,

424 2077 524 2112 atque
544 2067 683 2111 exponit
703 2067 738 2100 in
766 2067 883 2101 litteris
907 2066 948 2100 ad
960 2066 1100 2100 minoris
1111 2065 1179 2100 Bri-

291 2118 413 2153 anniae
433 2118 570 2153 elerum
589 2116 795 2159 &populum
810 2139 821 2156 ,
847 2125 1050 2159 conquerens
1072 2115 1178 2149 Sacer·

290 2168 409 2202 dotum
423 2165 622 2210 imperitiam
637 2174 736 2208 atque
760 2165 999 2210 negligentiam
1015 2159 1179 2199 aufridu-

289 2217 371 2251 dum
397 2216 484 2261 apud
510 2215 595 2258 ipsos
614 2215 807 2260 grassatam,
832 2215 867 2248 &
892 2213 1095 2260 adjungens:
1122 2217 1177 2247 Ex

290 2276 416 2312 quare,
441 2264 527 2309 quasi
544 2276 584 2298 ex
599 2264 745 2307 pestlfera
769 2265 889 2304 radice,
918 2270 1076 2298 innumera
1096 2265 1178 2297 mala

291 2315 498 2360 extrusum,
523 2315 597 2348 adea
621 2323 656 2347 ut
666 2311 756 2357 usque
782 2313 899 2348 adhaee
912 2314 1011 2355 nostra
1021 2315 1155 2356 tempera
1167 2337 1178 2354 ,

291 2374 369 2401 inter
387 2374 499 2401 cetera
519 2374 590 2407 quae
603 2365 685 2397 male
699 2363 855 2406 pullulant
872 2369 978 2406 vitta,
997 2362 1094 2409 falsae
1102 2362 1176 2397 ntbt-

291 2418 417 2451 lbnrtnt'cs
434 2418 626 2459 poenttentiae'
636 2412 811 2457 consuetudo
823 2417 983 2448 inoleverit
996 2439 1004 2447 .
1031 2414 1126 2449 Hine
1137 2413 1176 2448 ad

292 2470 378 2511 ipsos
403 2466 524 2511 legavit
545 2464 705 2498 Amatum
727 2464 927 2499 olorensem
954 2462 1153 2509 Episcopum
1168 2487 1178 2503 ,

293 2518 350 2563 qui
377 2514 588 2560 synodaliter
614 2513 765 2548 statueret
791 2514 876 2548 varia
902 2539 914 2555 ,
939 2525 977 2548 ac
1005 2513 1177 2557 praesertim

294 2570 385 2603 hune
404 2565 600 2601 articulum:
626 2567 658 2598 st
681 2565 748 2607 qais
774 2569 807 2597 tn
828 2563 1039 2605 homicidium,
1064 2564 1177 2597 adulte-

293 2625 371 2652 rium
381 2642 393 2659 ,
418 2618 582 2660 perjurium
593 2638 604 2655 ,
624 2616 678 2649 vel
687 2612 853 2658 huJusmodl
865 2616 984 2658 aliquid
995 2612 1096 2657 lapsus
1109 2638 1121 2655 ‚
1146 2619 1179 2647 tn

295 2670 394 2711 aliquo
405 2668 510 2700 tultum
520 2668 676 2699 cuminum
692 2662 893 2707 permanserit
908 2689 919 2705 ,
944 2673 998 2698 aut
1010 2669 1178 2708 negonatlo·

296 2726 329 2751 m'
341 2742 352 2759 ,
377 2728 445 2762 quae
464 2722 521 2749 vix
537 2721 587 2760 agi
602 2713 665 2757 fine
673 2723 793 2757 peccato
807 2715 900 2757 potest
915 2739 926 2756 ,
951 2723 1073 2757 operam
1094 2714 1180 2747 dede

296 2775 340 2802 m
355 2792 367 2808 ,
392 2776 444 2800 aut
462 2776 550 2798 arma
571 2765 719 2799 militaria
739 2770 912 2807 portaverit
925 2789 937 2805 ,
961 2773 1081 2807 excepto
1092 2761 1180 2806 fipro

298 2817 414 2853 tuenda
430 2816 548 2860 justitia
566 2814 646 2859 sua,
671 2817 725 2848 vel
745 2819 886 2854 Domini,
911 2816 964 2849 vel
980 2820 1068 2848 amitt
1090 2839 1102 2855 ,
1128 2815 1181 2847 vel
1193 2850 1195 2853 ,

299 2875 392 2902 ettam
410 2875 577 2910 pauperum
590 2891 600 2906 ,
626 2876 735 2898 necnon
741 2873 798 2907 pro
810 2864 1009 2906 defendendis
1022 2863 1152 2905 Ecclesiis
1165 2887 1176 2904 ,

302 2929 351 2951 nec
373 2927 473 2951 tamen
477 2916 541 2959 fine
552 2912 759 2959 Religiosbrum
774 2921 905 2948 virorum
924 2914 1034 2957 confilio
1049 2912 1179 2959 smpst·

302 2975 344 3002 rit
358 2992 368 3008 ,
393 2974 445 3010 qut
457 2976 580 3002 aeternae
598 2964 708 3009 salutis
718 2962 859 3006 confilium
883 2966 957 2998 dare
967 2964 1122 3008 sapienter
1132 2975 1178 2997 no-

306 3026 429 3058 verint,
454 3026 508 3051 aut
529 3017 630 3050 aliena
652 3015 729 3048 hona
752 3015 856 3057 injuste³
873 3016 1050 3058 poffi’dertt,
1075 3023 1127 3047 aut
1149 3019 1182 3046 in

306 3069 405 3101 odium
423 3065 609 3110 proxtmtsui
633 3063 800 3109 exarserit,
826 3075 909 3098 verae
921 3071 1102 3106 poenttentiae
1115 3063 1184 3106 fru-

308 3117 386 3150 llum
398 3117 503 3158 facere
529 3117 697 3150 nullatenus
714 3114 809 3158 potest
833 3139 841 3148 .
868 3113 1085 3158 Infruc‘luosam
1106 3120 1185 3148 enim

305 3173 515 3208 poenrtentiam
527 3169 673 3206 dicimus,
695 3176 763 3209 quae
785 3170 830 3197 ita
851 3171 1017 3207 accipitur,
1039 3174 1073 3198 at
1095 3170 1128 3197 tn
1137 3175 1187 3197 ea·

311 3217 381 3248 dem
404 3218 489 3258 culpa
512 3241 522 3257 ,
548 3217 600 3251 vel
614 3215 724 3259 fimtlt,
751 3216 912 3255 deteriori,
936 3217 991 3249 vel
1006 3216 1115 3257 parum
1135 3218 1192 3245 mt-

314 3271 381 3297 nort
389 3273 597 3306 permaneatur
609 3291 617 3298 .
643 3266 727 3299 Unde*
738 3263 869 3308 quisquls
882 3265 971 3308 digne*
993 3266 1061 3298 vult
1068 3269 1189 3306 poenite-

315 3325 369 3355 re,
395 3315 497 3356 necesse
508 3315 544 3354 est
566 3325 599 3349 ut
610 3315 733 3358 adsidet
744 3324 874 3348 recurrat
883 3322 1045 3359 originem,
1070 3315 1192 3356 &quod

317 3370 350 3396 in
362 3361 655 3406 Baptismopromlfit
665 3388 675 3403 ,
698 3365 820 3398 Dlabolo
826 3363 936 3407 scilicet
947 3376 982 3398 ac
996 3367 1060 3406 eJ‘us
1070 3370 1189 3406 pompis

316 3418 487 3449 renuntiare
508 3436 521 3455 ‚
545 3415 579 3447 <a
599 3420 632 3446 in
652 3416 748 3449 Deum
769 3416 884 3450 credere
904 3439 916 3457 ‚
943 3416 1084 3450 videlicet
1107 3414 1190 3449 reda

1240 1865 1276 1901 de
1297 1878 1329 1902 eo
1334 1863 1512 1912 sentiendo,
1537 1871 1694 1906 mandatis
1715 1869 1804 1916 tpfius
1814 1870 1954 1913 obedtre,
1974 1868 2122 1916 sollicitus

1236 1914 1275 1957 fit
1284 1918 1446 1962 vigilanter
1454 1918 1591 1960 custodire
1602 1948 1610 1956 .
1639 1925 1826 1967 ,Quicumque
1835 1925 1904 1968 erg«)
1916 1924 2021 1957 talne»-
2026 1929 2123 1967 poeni·

1236 1973 1328 2001 tuerit
1339 1990 1351 2007 ,
1374 1968 1515 2012 quonlam
1526 1971 1615 2006 aliter
1620 1972 1769 2014 ffinulaetio
1779 1974 1838 2008 dict
1848 1971 1942 2016 potest
1952 1997 1964 2014 ,
1990 1985 2050 2008 non
2057 1982 2124 2017 poe·

1239 2022 1369 2052 nitentia
1382 2041 1394 2058 ,
1419 2021 1660 2063 impacatorum
1676 2021 1797 2067 suorum
1815 2023 2023 2065 remm'tontm,
2049 2028 2126 2067 Apo

1231 2066 1333 2106 stoltcae
1348 2067 1429 2110 freti
1447 2070 1591 2112 potestate
1612 2096 1625 2113 ‚
1650 2073 1795 2116 largimur
1819 2086 1831 2117 ;
1857 2071 1977 2117 insuper
2001 2081 2126 2109 aeternae

1239 2115 1436 2151 beatitudinis
1457 2121 1790 2164 gaudtapromotttmus
1801 2146 1810 2155 .
1836 2122 1927 2157 Data
1938 2122 1985 2157 est
1996 2118 2126 2168 Episto-

1239 2166 1269 2200 la
1291 2168 1410 2208 octavo
1430 2166 1596 2205 Kalendas
1621 2171 1834 2214 Decembris,
1859 2171 2049 2208 indistione‘
2063 2180 2126 2207 ter-

1239 2215 1307 2258 tia,
1333 2228 1424 2252 anno
1446 2229 1515 2252 uno
1527 2220 1601 2262 post
1622 2221 1812 2263 praesentem
1821 2221 2013 2262 synodum.
2041 2221 2125 2256 1³1ae-

1239 2266 1362 2300 sentem
1386 2265 1467 2310 ergo
1477 2266 1654 2302 Canonem
1666 2267 1880 2312 Synodaliter
1890 2269 2048 2314 publicari
2061 2271 2126 2316 jus-

1238 2314 1276 2349 fit
1295 2315 1441 2359 &recipi
1463 2315 1498 2350 in
1509 2316 1770 2354 observantiam.

1290 2364 1411 2399 Canon
1438 2367 1614 2403 confirmat
1639 2366 1728 2403 hanc
1753 2369 1912 2405 vetustam
1935 2368 2123 2416 Regulam:

1239 2418 1362 2448 certam
1366 2420 1578 2458 paenitentiam
1601 2429 1659 2452 non
1665 2417 1746 2461 facit
1756 2443 1767 2461 ,
1793 2418 1851 2461 ntsn'
1867 2421 1969 2453 odium
1981 2426 2097 2463 peccati
2113 2443 2124 2460 ‚
2141 2436 2224 2466 germ,
2241 2443 2266 2463 r.

1240 2467 1275 2500 δ’
1286 2474 1368 2498 amor
1379 2467 1452 2499 Det.
1480 2466 1525 2502 Et
1548 2467 1633 2502 hanc
1643 2469 1753 2503 San‘sti
1767 2468 1964 2515 Augustini:
1997 2474 2072 2505 Non
2091 2472 2125 2504 di
2139 2475 2173 2506 de
2189 2482 2278 2512 temp.

1240 2520 1371 2548 mittitur
1390 2524 1544 2558 peccatum
1556 2540 1568 2557 ,
1593 2516 1648 2560 nifi
1664 2518 1840 2559 restituatur
1865 2519 2002 2554 ablatum
2023 2545 2035 2562 ,
2059 2531 2125 2555 cum
2140 2523 2204 2555 ΒΡ·
2222 2525 2248 2544 ¹·

1241 2563 1467 2608 restitutpotest.
1494 2567 1538 2602 Et
1564 2568 1655 2612 quod
1679 2569 1765 2603 intra
1785 2580 1845 2604 eor
1866 2575 1997 2606 retento
2017 2571 2124 2605 fratris

1241 2615 1323 2649 odio
1333 2625 1475 2660 nequeat
1486 2618 1548 2652 effe
1560 2624 1633 2652 vera
1643 2619 1838 2662 poenitentia
1861 2630 1919 2654 aut
1929 2627 2004 2653 vera
2013 2620 2124 2655 cordis

1240 2665 1408 2700 converfio
1423 2690 1435 2707 ,
1457 2666 1662 2702 notiffimum
1673 2668 1719 2703 est
1729 2667 1888 2702 omnibus
1905 2667 2122 2721 Christiani).

1241 2714 1338 2750 Adeo
1350 2724 1461 2751 tamen
1484 2726 1565 2752 tunc
1574 2718 1753 2754 obscuratae
1770 2718 1904 2753 fuerunt
1914 2718 2123 2754 sordidorum

1239 2765 1388 2800 fidelium
1410 2776 1556 2807 mentes,
1581 2768 1729 2811 adeoque
1738 2769 1880 2812 graffatae
1901 2768 2123 2815 indignanistae

1245 2816 1446 2860 poenitentiae
1457 2841 1468 2858 ‚
1494 2826 1531 2852 ut
1543 2819 1732 2861 praesentem
1744 2817 1920 2853 Canonem
1930 2819 1965 2853 in
1978 2819 2124 2862 Synodis

1242 2866 1436 2900 Placentina
1464 2891 1476 2907 ,
1512 2867 1721 2912 Melphitana
1748 2891 1760 2909 ,
1786 2869 1821 2902 ἀ
1858 2868 2124 2903 Claromontana

1245 2915 1404 2951 Urbanus
1425 2918 1602 2959 secundus,
1628 2918 1708 2952 &in
1730 2918 1786 2952 sna
1796 2918 2005 2953 Lateranenfi
2024 2919 2124 2954 innoa

1245 2976 1317 3000 vare
1327 2966 1475 3001 debuerit
1487 2966 1645 3002 secundus
1654 2967 1868 3002 Innocentius
1877 2992 1885 3000 .
1908 2966 1970 3003 Ast
1982 2968 2128 3004 dubium*

1244 3026 1380 3050 movent
1399 3015 1467 3052 haec
1487 3018 1594 3051 saneti
1617 3017 1795 3062 Augustini
1815 3017 1912 3054 verba
1934 3018 1969 3052 in
1982 3018 2074 3053 libris
2084 3019 2126 3053 de

1245 3066 1433 3110 Baptismo:
1460 3068 1532 3101 Non
1551 3068 1711 3110 impeditur
1733 3066 1891 3111 Baptismt
1904 3074 2012 3112 gratia
2031 3091 2043 3108 ‚
2067 3080 2124 3112 qua
2142 3083 2203 3112 Lm
2215 3091 2241 3111 c.
2253 3090 2296 3111 η,

1246 3116 1346 3149 mim'ts
1356 3122 1452 3151 omnia
1458 3125 1581 3160 pecca-ta
1593 3117 1728 3151 dimittat
1742 3142 1754 3159 ,
1778 3117 1895 3161 ettamst‘
1902 3120 2003 3152 odium
2009 3118 2127 3160 frater-

1251 3177 1320 3199 num
1341 3172 1373 3200 tn
1392 3170 1478 3209 qius,
1501 3174 1549 3201 cut
1568 3168 1762 3201 dimittuntur·
1778 3192 1790 3210 ,
1817 3175 1917 3202 animo
1935 3167 2124 3212 perseveret.

1249 3216 1434 3261 Distingui:
1461 3217 1627 3261 duplicem
1656 3229 1864 3261 peecatorum
1885 3219 2125 3253 remiffionem:

1250 3265 1408 3301 stabilem
1426 3269 1478 3301 seu
1502 3267 1769 3310 irrevocabilem,
1796 3279 1834 3302 ac
1843 3268 2060 3303 revocabilem
2071 3268 2127 3301 seu

1251 3326 1529 3351 momentaneam.
1546 3316 1642 3352 Istam
1659 3318 1734 3352 solis
1746 3318 1867 3353 sincere
1878 3318 1918 3353 ad
1930 3318 2040 3352 Deum
2051 3328 2128 3351 con-

1253 3367 1347 3400 verfis
1357 3390 1367 3405 ‚
1391 3364 1478 3402 hanc
1488 3368 1589 3401 etiam
1612 3369 1645 3402 in
1658 3369 1798 3403 fraterno
1808 3368 1891 3402 odio
1902 3368 1952 3401 vel
1964 3367 2027 3401 alia
2041 3366 2130 3409 peffi-

1252 3427 1304 3451 ma
1325 3417 1492 3453 voluntate
1516 3418 1766 3463 perdurantibus
1789 3416 1938 3463 impendi
1967 3417 2105 3451 affirmat
2119 3440 2131 3459 ,

1982 3466 2018 3503 tc
2029 3476 2083 3512 per
