2372 3756
150 264 225 302 Cap.
243 267 259 293 6

173 3218 233 3250 Lib.
261 3229 274 3248 2

175 3269 237 3299 cap·
260 3270 275 3295 4

358 120 448 165 172

877 101 1512 146 D1sseRTA110

289 188 343 223 nia
365 186 496 221 venanti
515 196 557 218 ex
580 184 698 219 Sanno
711 184 837 228 joanne
862 184 1103 229 Chrysostomo
1128 183 1160 217 &
1207 235 1209 238 ἱ
1227 182 1378 226 persuasit
1398 181 1440 214 de
1471 183 1672 219 sacrosanno
1692 184 1758 221 hoc
1778 188 1989 227 sacramento
2010 191 2100 237 ioqui

286 238 358 272 aliis
371 235 518 270 Ecclcfiae
530 232 677 268 Patribus
686 260 696 276 ‚
722 236 865 279 reposuit
885 236 917 269 in
929 235 1038 278 primo
1050 232 1163 278 prioris

262 285 399 322 'contra
420 286 515 319 iilum
537 284 643 327 operis
663 284 766 319 libro:
787 290 931 331 Joannes
953 283 1110 327 disputans
1129 288 1163 315 in

287 337 441 370 Catholica
463 335 588 377 Ecclefia
611 358 621 374 ,
648 346 705 368 non
731 337 819 369 aliter
844 336 970 380 intelligi
995 332 1163 367 arbitraba-

282 396 352 422 tur.
380 388 447 420 Tali
469 385 621 430 quaestione
641 386 746 427 nullst
760 384 954 427 pulsabatur.
978 384 1070 417 Vobis
1094 394 1164 415 non-

285 440 357 470 dum
367 437 556 481 litigantibus
570 460 580 476 ,
585 433 715 478 securitas
726 436 896 477 loquebatur
908 457 916 466 .
946 434 991 468 Et
1003 431 1162 477 ejusmodi

285 488 404 523 securis
424 499 462 522 ac
485 485 691 522 liberioribus
718 484 853 519 Parrum
867 484 1003 520 vocibus
1013 482 1105 517 abuti
1116 480 1161 515 est

283 539 418 583 antiqua
445 538 577 572 venatio
589 534 740 567 omnium
758 533 983 569 haereticorum
994 533 1016 566 .“
1030 531 1162 566 Etenim

283 589 417 633 quidam
438 587 566 630 antiqui
590 584 699 619 Patres
721 584 872 619 dixerunt
884 588 980 619 Deum
993 584 1163 615 Filiumar—

282 640 373 672 bitrio
393 640 427 671 ὀ·
446 638 601 670 voluntate
615 641 752 678 genitum
768 637 787 667 ἃ
811 639 905 669 Patre
917 660 925 667 .
952 634 995 668 Et
1009 632 1098 676 quod
1110 630 1164 665 ha-

284 690 337 723 sce
361 685 584 730 vocesubique
606 684 837 726 buccinarent,
865 683 1035 726 &exipfis
1053 682 1163 715 triurn-

283 739 386 783 phum
398 746 550 771 canerent
564 736 706 777 Ariani,
731 735 864 769 testatur
874 735 908 767 in
922 740 1037 776 quarta
1054 731 1163 765 adver-

283 790 358 823 sum
380 788 468 831 ipsos
490 788 642 821 oratione
662 797 801 830 magnus
815 783 1026 817 Athanasius.
1055 781 1099 816 Et
1110 780 1163 816 ad-

283 839 412 883 jungit:
441 841 498 871 Hoc
510 836 543 878 fi
552 842 621 879 quis
631 848 671 869 ex
680 835 848 869 orthodoxis
852 832 1023 876 fimpliciter
1034 833 1162 872 diceret,

284 889 442 930 nihileffet
453 889 536 931 qubd
542 887 619 920 male?
623 884 818 927 suspicareris
834 886 870 917 de
882 884 932 917 boc
943 884 1036 916 dicio.
1065 884 1162 926 ,Quip-

276 941 322 983 pe?
333 940 384 972 ubi
395 938 472 970 bona
482 936 726 980 mensfhperaret
744 935 945 977 simpliciorem
955 934 1095 976 loquendi
1105 944 1162 964 mo-

282 990 375 1021 dum.
404 992 496 1020 Nunc
516 992 590 1029 quia
609 985 812 1018 haeren'corum
836 997 872 1018 ea
900 997 981 1024 vox,
1008 989 1161 1025 omniaque

282 1038 485 1071 haerett'corum
513 1037 607 1071 verba
614 1034 752 1078 suspecffa
754 1035 816 1078 sint
830 1060 841 1075 ‚
869 1047 925 1069 non
939 1036 973 1066 id
970 1034 1095 1077 faciunt
1100 1031 1162 1074 fine

278 1087 475 1129 perverfitate
501 1093 615 1120 animi.
645 1086 698 1118 De
721 1084 911 1119 Antiochiae
926 1083 1160 1118 patriarchain

280 1138 424 1172 haerefim
443 1138 533 1181 lapso
546 1136 651 1171 Paulo
674 1136 885 1170 Samosatenfi
907 1134 1017 1169 scribit
1031 1135 1064 1167 in
1078 1131 1160 1167 libro

280 1189 321 1222 de
331 1188 531 1223 Ariminensi
543 1198 581 1221 ac
595 1186 787 1220 Seleucienfi
800 1186 943 1228 Synodis
955 1185 1042 1218 idem
1055 1183 1159 1217 Atha-

280 1239 386 1273 nafius
411 1251 418 1271 :
460 1239 572 1272 Paulus
589 1235 772 1279 fhphisticari
794 1238 888 1269 voluit
903 1259 919 1274 „
945 1237 979 1269 (δ’
999 1237 1104 1273 dixit,
1129 1236 1160 1266 52·

279 1288 417 1329 Chrzstus
440 1301 497 1322 non
508 1301 546 1322 ex
570 1287 684 1319 homine
705 1286 895 1328 Deusfallus
911 1285 948 1326 est
961 1309 971 1324 ,
997 1291 1085 1328 igitur
1095 1295 1159 1316 con-

275 1338 486 1383 substantialis
509 1339 546 1375 est
569 1341 680 1377 Patri,
708 1339 741 1370 <5
765 1338 915 1378 necessarii)
936 1334 1071 1378 sequitur
1097 1343 1158 1366 tres

278 1390 330 1432 effe
349 1389 558 1433 substantias,
584 1399 678 1420 unam
696 1388 817 1429 quidem
840 1397 907 1427 quae
932 1387 1026 1418 Pater
1042 1382 1100 1425 fit,
1124 1392 1159 1415 ut

279 1442 422 1481 Princeps
434 1465 444 1481 ‚
471 1441 602 1483 reliquas
625 1439 694 1470 verb
712 1437 788 1469 duas
809 1447 847 1469 ex
864 1446 903 1467 ea
928 1434 1069 1470 oriundae
1081 1459 1089 1465 .
1116 1433 1158 1466 Et

278 1491 319 1522 de
343 1491 424 1525 fasta
452 1490 604 1523 adversus
625 1488 731 1529 ipsum
755 1484 966 1519 Antiochena
998 1483 1156 1528 synodo:

277 1542 343 1582 ,Qui
354 1537 587 1583 samosatenfi’m
593 1537 771 1580 sustulerunt
786 1561 797 1577 ,
819 1535 896 1569 hanc
921 1546 1040 1574 vocem,
1069 1533 1158 1567 Con-

277 1589 488 1624 substantiale
501 1613 511 1629 ,
537 1590 731 1630 corporaliter
741 1594 937 1627 acceperunt,
961 1586 1083 1626 ideoque
1100 1591 1168 1616 me-·

278 1643 336 1672 riti>
351 1647 484 1673 vitantes
493 1637 728 1681 illudsbpbtsma
741 1639 842 1676 Pauli,
855 1638 1000 1669 dixerunt
1011 1632 1158 1673 christum

277 1702 336 1723 non
348 1691 398 1734 effe
407 1688 698 1732 consubstantialem.
724 1683 980 1727 Nonem‘mitase
990 1684 1082 1718 hahet
1106 1688 1158 1717 Fi-

274 1740 335 1775 lius
358 1741 402 1773 ad
425 1742 548 1772 Patrem
556 1763 569 1781 ,
595 1746 628 1771 ut
652 1737 701 1769 ille
710 1735 878 1780 cogitabat.
906 1736 1159 1778 Super-venturos

277 1789 598 1834 Arianosignoravit
621 1787 679 1821 ista
691 1784 862 1829 synodus,
891 1784 1031 1828 ideoque
1043 1782 1158 1827 fimpli-

277 1839 348 1874 citis
371 1840 481 1874 locuta
508 1838 598 1873 est&
620 1835 770 1871 liberius:
800 1834 954 1879 Etipsam
968 1834 1067 1868 etiam
1082 1835 1158 1868 San-

276 1892 347 1925 &us
369 1889 457 1933 Papa
483 1888 684 1933 Dionysius,
708 1887 743 1920 ὅς
764 1886 872 1920 omnis
885 1885 1036 1919 Romana
1049 1882 1158 1917 Eccle-

277 1942 318 1974 iia
330 1940 537 1975 confirmavit
549 1964 558 1972 .
585 1939 679 1972 Hinc
690 1945 766 1971 nata
780 1936 842 1970 fuit
854 1935 1053 1970 Arianorum
1070 1933 1158 1968 exui-

278 1992 362 2025 tatio
387 2015 394 2024 .
424 1990 592 2024 Dixerunt
618 1987 790 2021 Nicaenam
819 1985 989 2029 synodum
1017 1984 1157 2019 adversa-

279 2042 304 2074 ri
333 2039 551 2075 Antiochenae
575 2064 586 2080 ,
611 2036 751 2080 ideoque
775 2036 1053 2078 praevaricatricem
1075 2037 1158 2074 este,

278 2091 313 2124 &
328 2089 566 2124 damnandam.
601 2087 645 2121 Et
663 2085 855 2121 Athanasius
866 2085 977 2119 denuo
992 2084 1159 2126 respondit

279 2151 347 2174 tam
377 2137 565 2174 Antiochia:
586 2137 683 2180 quam
712 2136 854 2168 Nicaenae
877 2134 1004 2177 Synodi
1028 2133 1161 2177 Episco-

280 2201 339 2234 pos
363 2190 458 2223 fuisse
480 2187 628 2223 Ecclefiae
649 2186 782 2225 Patres,
809 2196 877 2219 non
890 2183 1084 2219 discordasse
1095 2184 1161 2217 sen-

280 2241 337 2280 su,
364 2238 418 2273 sed
447 2238 516 2272 solo
546 2236 665 2277 verbo,
694 2236 832 2278 ideoque
859 2235 945 2279 ipsos
965 2234 1005 2269 ab
1027 2231 1161 2268 Arianis

281 2289 367 2325 male
390 2287 554 2323 committi
573 2287 659 2321 inter
685 2287 750 2331 sese
771 2310 782 2325 ,
811 2287 845 2320 &
873 2285 1002 2319 nullum
1028 2285 1062 2317 in
1091 2282 1161 2325 ipfis

282 2341 345 2374 ess‘e
361 2339 489 2374 Arianae
512 2336 650 2380 perfidiae
663 2336 810 2369 fomitem
825 2346 880 2369 aur
893 2335 1160 2369 fundamentum.

283 2390 475 2424 Duodecim
508 2387 613 2421 sancti
648 2384 768 2431 Cyrilli
799 2385 949 2420 adversus
971 2383 1163 2419 Nestorium

285 2439 440 2484 Capitula
453 2438 524 2482 quis
538 2436 656 2471 nesciat
668 2435 729 2471 effe
740 2434 836 2479 plene
857 2434 1046 2469 orthodoxa
1057 2457 1068 2474 ,
1093 2443 1164 2476 pro·
1178 2457 1180 2463 .

285 2491 422 2533 bacaque
445 2499 499 2532 per
521 2486 717 2531 Ephesmam
739 2485 912 2528 Synodum
932 2485 966 2519 δε
982 2481 1164 2519 Chalcedo-

287 2540 444 2577 nensem?
473 2539 514 2572 Et
536 2548 645 2573 tamen
668 2547 737 2572 non
749 2536 837 2570 solus
871 2532 1090 2569 Haerefiarcha
1102 2531 1164 2565 Eu·

287 2590 403 2635 tyches
425 2590 456 2623 in
483 2588 555 2631 ipfis
568 2588 661 2622 suum
689 2587 773 2620 virus
784 2585 911 2620 fundari
922 2584 1086 2624 credidit,
1113 2580 1165 2615 sed

289 2642 389 2675 etiarn
412 2639 453 2674 de
477 2639 548 2682 ipfis
570 2637 642 2682 post
660 2646 830 2679 utramque
853 2635 1028 2679 Synodum
1049 2632 1167 2676 scripfit

291 2693 423 2725 Sanetus
448 2686 644 2723 Gennadius
657 2685 843 2721 patriarcha
862 2682 1168 2727 Constantinopoli·

292 2750 411 2774 tanus:
438 2743 490 2772 Vae
516 2737 622 2771 mihil?
641 2739 730 2770 malis
745 2762 753 2770 .
782 2743 871 2777 Heu,
895 2733 970 2769 beu.
995 2735 1081 2776 Unde
1091 2737 1169 2767 enim

297 2788 368 2833 quis
363 2800 452 2832 quam
460 2792 493 2820 in
500 2785 642 2829 prasenti
654 2788 776 2821 aliunde
780 2783 885 2828 sumat
895 2787 1051 2819 exordium
1063 2786 1075 2818 ἒ
1086 2785 1169 2827 ,Qua-

296 2843 340 2875 les
368 2839 467 2877 cyrilli
493 2840 650 2880 AEgyptii,
677 2839 850 2878 &quantas
868 2834 1171 2878 blasphemiasincur-

297 2889 352 2923 ri?
379 2890 523 2931 ‚Quantas
535 2885 734 2930 blasphemias
745 2888 854 2919 audivi
867 2886 883 2918 ἒ
912 2886 1055 2920 Εἰυῃᾶαε
1069 2882 1171 2927 Apol-

301 2939 408 2973 linarii
432 2938 466 2971 &
488 2936 685 2980 Eutychetis
707 2935 920 2978 blasphemias
930 2935 1172 2970 crediditiatere

302 2991 337 3024 in
362 2988 431 3022 istis
452 2986 637 3030 Capitulis,
661 2986 696 3020 δε
716 2984 870 3019 stabiliri.
897 2985 1172 3029 NempeSanstus

304 3037 468 3082 Cyfillus,
493 3036 642 3071 dumiiia
653 3034 820 3075 scriberet,
849 3035 1058 3069 existimabat
1071 3033 1169 3078 Apol-

302 3089 413 3122 linarii
435 3086 575 3120 baerefim
600 3084 728 3119 abunde
750 3083 985 3128 prostratamin
1011 3084 1172 3123 Ecclesia,

302 3139 335 3173 ὅς
348 3140 428 3173 citra
449 3135 634 3181 resurgendi
647 3138 733 3179 spem
745 3134 847 3178 jacere
858 3134 1016 3178 sepultam
1027 3135 1113 3179 apud
1126 3134 1170 3168 in-

301 3190 405 3227 feros,
436 3187 575 3232 ideoque
597 3186 631 3220 in
654 3185 817 3219 adversam
844 3184 988 3219 Nestorii
1013 3184 1171 3231 insaniam

280 3237 287 3284 ζ
304 3239 350 3272 cst
374 3236 509 3280 rigidius
530 3249 567 3270 ac
581 3235 711 3270 liberius
730 3235 874 3269 locutus.
903 3234 1055 3269 Addueca
1067 3234 1172 3279 Sansti

306 3286 472 3320 Gennadii
492 3288 587 3321 verba
605 3285 733 3320 exstant
743 3285 828 3330 apud
841 3283 1033 3320 Facundum
1045 3285 1175 3330 Episco-

304 3348 384 3384 pum
405 3335 671 3370 Hermianensem
683 3359 690 3366 -

357 3384 478 3422 sannis
502 3386 648 3421 Ecclesiae
672 3384 824 3421 Patribus
849 3384 912 3421 alia
940 3385 1066 3430 insuper
1083 3384 1173 3423 ratio

1229 230 1411 266 obscurius.
1428 230 1641 275 Apostolicus
1653 234 1767 279 utique
1779 238 1899 273 Canon
1911 241 1973 280 ,de
1987 253 2053 287 quo
2066 244 2101 276 in

1230 282 1470 316 commentario
1494 283 1586 327 super
1596 285 1820 321 Numerorum
1840 287 1962 326 librum
1985 292 2103 327 Theo-

1228 331 1380 365 doretus:
1407 331 1536 376 obscuri
1554 342 1676 377 propter
1694 347 1752 369 non
1767 341 1909 372 Initiatos
1920 341 2100 390 differimuq
2116 350 2175 389 Qu.
2187 359 2195 379 i
2206 358 2230 385 5.

1228 380 1277 414 his
1291 385 1363 415 verb
1366 380 1490 425 semotis
1501 409 1511 425 ‚
1534 387 1677 419 Initlatos
1685 390 1792 429 aperte
1801 390 1936 423 docemus
1946 415 1956 423 .
1981 391 2103 427 Canon

1230 430 1288 465 iste
1299 431 1343 465 est
1355 432 1438 467 adeo
1448 435 1603 479 antiquus
1616 460 1627 476 ,
1652 445 1689 471 ut
1709 436 1925 474 inGeneseos
1933 451 2104 476 commen-

1228 481 1312 515 tario
1324 482 1459 517 Sanetus
1479 484 1622 527 Joannes
1635 485 1888 530 Chrysostomus
1905 502 2007 535 ponat
2018 491 2104 526 inter

1229 532 1341 564 matris
1353 533 1467 567 nostrae
1479 535 1554 570 Evae
1564 535 1679 570 delicta
1692 562 1702 577 ,
1730 536 1820 580 quod
1831 538 1935 574 divini
1952 541 2101 576 mandati

1229 581 1420 624 mysterium
1434 584 1572 627 serpenti
1583 588 1781 622 enunciarit.
1811 589 1923 624 Etiam
1933 591 2103 629 Dominus

1230 631 1338 665 noster
1360 633 1450 677 regni
1472 634 1623 677 mysteria
1645 638 1722 670 solis
1742 638 1909 682 discipuiis
1918 641 2101 683 aperiebat,

1228 679 1331 716 turbis
1357 681 1548 725 loquebatur
1569 685 1603 720 in
1616 687 1795 730 parabolis.
1822 690 1964 735 thuod
1977 689 2101 726 Eucha-

1229 731 1328 766 ristici
1350 733 1496 775 mysterii
1517 737 1784 772 enunciationem
1806 740 1904 774 sancti
1918 741 2030 775 Patres
2046 751 2104 775 nu.

1230 793 1353 817 merent
1364 784 1449 818 inter
1462 786 1576 820 scelera
1590 786 1678 829 Judae
1689 789 1862 831 proditoris
1870 815 1881 832 ,
1891 790 1944 828 „est
1955 793 2013 825 suo
2025 791 2100 826 loco

1227 831 1391 868 ostensum
1402 859 1412 867 .
1432 834 1526 868 Hinc
1535 836 1570 871 ἀ
1582 837 1686 873 Graeci
1696 838 1729 872 ὅ(
1741 838 1851 874 Latini
1865 840 1976 876 Patres
1987 842 2020 876 in
2035 842 2100 875 suis

1227 880 1318 917 libris
1329 907 1339 922 ,
1348 883 1493 927 epistolis
1501 910 1512 926 ,
1532 898 1571 921 ac
1581 888 1750 931 praesertim
1759 887 1878 924 habitis
1887 890 1928 924 ad
1939 891 2099 935 populum

1228 933 1430 968 sermonibus
1442 935 1693 977 frequentiffime
1703 937 1824 973 habent
1836 953 1843 973 :
1854 944 1976 974 Norunt
1979 940 2099 984 fideles,

1224 992 1281 1016 aut
1294 1007 1304 1023 ,
1329 988 1454 1017 Norunt
1465 989 1601 1019 tamari.
1628 987 1758 1032 Nempe
1768 989 1835 1024 istis
1843 990 2045 1025 sermonibus
2054 1001 2100 1026 et-

1227 1032 1291 1066 iarn
1305 1032 1446 1068 haeretici
1459 1059 1469 1075 ,
1481 1036 1619 1081 pagani,
1640 1038 1678 1072 ὅ(
1689 1036 1787 1080 Judaei
1797 1039 1943 1081 aderant,
1957 1041 2099 1085 ideoque

1226 1084 1354 1126 quoties
1375 1085 1511 1128 alicujus
1533 1087 1676 1130 mysterii
1694 1087 1863 1123 incidebat
1874 1092 2003 1126 mentio
2015 1115 2026 1132 ,
2051 1093 2099 1135 ip-

1226 1134 1295 1167 sum
1314 1134 1448 1178 alicujus
1470 1136 1774 1178 circumlocutionis
1797 1138 1882 1175 veste
1898 1141 2099 1176 amiciebant

1230 1183 1351 1225 Patres,
1365 1184 1584 1230 dicebantque
1593 1200 1607 1221 .-
1634 1192 1756 1222 Norunt
1761 1188 1866 1232 fideles
1875 1214 1882 1222 .
1910 1189 2014 1240 Qud
2025 1202 2100 1235 prae·

1229 1234 1333 1266 fenim
1344 1234 1488 1270 fecerunt
1499 1236 1540 1270 de
1553 1239 1749 1273 sacrosansta
1769 1237 1974 1276 Eucharistia
1987 1266 1995 1274 .
2022 1241 2100 1275 Ete-

1228 1284 1294 1316 nim
1317 1283 1351 1316 in
1374 1284 1458 1318 libro
1481 1284 1661 1322 anchorato
1685 1287 1793 1323 scribit
1809 1290 1946 1324 Sanstus
1956 1288 2098 1335 Epipha-

1229 1332 1316 1366 nius:
1343 1334 1488 1368 Videmus
1505 1337 1693 1370 salvatorem
1713 1336 1812 1380 ipsum
1828 1341 1963 1384 acceplffe
1985 1349 2098 1383 panem

1225 1388 1257 1414 m
1282 1395 1390 1419 manui
1413 1407 1427 1424 ,
1461 1394 1497 1418 ut
1520 1391 1555 1419 in
1587 1388 1759 1431 Evangelio
1791 1388 1898 1432 legitur
1921 1413 1933 1421 .
1957 1391 2055 1434 ,ρκόᾰ
2076 1392 2098 1425 ἃ
2115 1397 2185 1435 Cap.
2201 1406 2246 1432 57·

1223 1443 1305 1465 coena
1319 1432 1448 1477 surgens
1466 1434 1532 1469 h'aec
1541 1443 1684 1479 acceperit
1695 1460 1706 1478 ‚
1734 1438 1767 1471 t&
1770 1444 1892 1482 gratias
1903 1451 1997 1485 aga-m
2009 1441 2099 1474 dixe·

1224 1488 1264 1516 rit
1286 1497 1301 1518 .·
1329 1487 1390 1517 Hoc
1408 1496 1506 1519 meum
1531 1485 1570 1527 est
1590 1485 1642 1520 boc
1664 1512 1673 1519 .
1700 1490 1792 1529 Atqui
1817 1486 1962 1527 videmus,
1982 1491 2099 1532 aequale

1223 1533 1301 1566 illud
1322 1545 1382 1566 non
1399 1535 1451 1577 effe
1478 1559 1488 1575 ,
1513 1546 1564 1569 nec
1582 1535 1699 1579 fimile:
1730 1541 1804 1570 Non
1826 1536 1971 1581 sufieptae
1994 1545 2098 1573 carnis

1223 1587 1346 1627 imagini
1357 1608 1369 1625 ‚
1394 1596 1453 1618 non
1465 1589 1632 1629 Divinitnti
1646 1585 1705 1629 ipsi
1711 1611 1723 1628 ,
1738 1599 1808 1631 quae
1818 1589 1919 1623 videri
1928 1589 2098 1633 nonpotest‚

1225 1644 1279 1665 non
1300 1634 1497 1669 membrorum
1518 1638 1708 1671 lineamentis
1727 1649 1764 1670 ac
1781 1643 1861 1671 notis
1880 1663 1889 1670 .
1915 1640 2000 1674 Illud
2009 1646 2097 1674 enlm

1223 1684 1388 1719 rotundum
1414 1684 1452 1725 est
1470 1709 1482 1726 ‚
1496 1687 1542 1719 ,Θ
1565 1687 1648 1729 quod
1667 1687 1713 1724 ad
1734 1691 1801 1721 vim
1824 1693 1935 1723 attinet
1954 1713 1969 1731 ,
1987 1687 2098 1734 sensu-r

1222 1741 1348 1775 expers.
1375 1737 1422 1767 Et
1440 1734 1633 1770 nihilominus
1653 1748 1693 1770 ex
1708 1743 1816 1781 gratia
1835 1744 2035 1785 pronunciare
2045 1750 2097 1775 vo-

1221 1783 1294 1816 luit:
1321 1789 1383 1818 Hoc
1405 1794 1498 1832 meum
1518 1784 1555 1826 est
1565 1785 1633 1820 boc.
1661 1790 1771 1829 Neque
1781 1786 2016 1831 quisquam-est,
2042 1794 2097 1832 qul

1222 1839 1248 1866 et
1266 1831 1395 1876 sermoni
1412 1833 1502 1876 fidem
1522 1847 1580 1869 non
1602 1836 1750 1871 adhibeat
1769 1862 1777 1869 .
1804 1842 1891 1872 Nam
1916 1843 1966 1881 qui
1990 1850 2098 1873 verum

1222 1883 1304 1916 illum
1313 1884 1365 1928 effe
1375 1895 1434 1918 non
1442 1885 1537 1920 credit
1547 1910 1558 1927 ‚
1582 1887 1717 1931 agraria
1727 1889 1760 1922 (τ
1768 1885 1869 1930 salute
1875 1885 2001 1932 prorsus
2021 1895 2098 1922 exct-

1222 1934 1288 1967 dit.

1270 1982 1354 2019 Haec
1387 1985 1482 2020 verba
1513 1985 1639 2022 dimitti
1681 1998 1749 2023 non
1769 1988 1902 2032 possunt
1920 1988 1986 2023 fine
1995 1987 2107 2035 Com·-

1225 2035 1385 2070 mentatio
1397 2060 1404 2068 .
1432 2036 1638 2080 Epiphanius
1659 2038 1729 2072 illic
1747 2039 1886 2072 affirmat
1903 2037 2098 2084 bominem,
2149 2070 2152 2071 γ

1223 2083 1300 2118 licet
1321 2085 1399 2120 Deo
1418 2087 1551 2128 aequalis
1572 2099 1643 2122 non
1662 2088 1721 2128 fit,
1745 2088 1888 2122 efleDei
1898 2089 1999 2133 imagi
2025 2091 2103 2122 em.v

1224 2134 1297 2168 Nec
1318 2133 1351 2167 id
1375 2135 1581 2170 mirandum:
1609 2137 1780 2185 Quoniam
1791 2136 1910 2173 dantur
1920 2137 2099 2182 imagines,

1224 2194 1293 2229 quae
1314 2195 1376 2219 nec
1393 2187 1528 2228 aequaies
1539 2187 1633 2228 sunt,
1656 2198 1717 2222 nec
1733 2187 1870 2222 fimiles.
1898 2188 2032 2226 Etenim
2049 2199 2101 2225 roe

1225 2233 1344 2268 tundus
1363 2237 1457 2279 panis
1474 2260 1485 2277 ,
1509 2247 1608 2280 quem
1636 2237 1805 2271 Dominus
1828 2238 1864 2270 in
1887 2248 1982 2271 coena
2005 2236 2100 2271 dedit

1226 2283 1405 2326 Discipuiis
1415 2307 1425 2323 ,
1452 2296 1511 2320 nec
1524 2284 1592 2327 ejus
1605 2286 1782 2321 Divinitati
1796 2297 1856 2320 nec
1865 2286 1934 2329 ejus
1950 2285 2100 2321 humani-

1227 2333 1287 2367 tati
1310 2343 1378 2367 erat
1396 2335 1527 2377 aequalis
1547 2344 1604 2370 aut
1626 2336 1760 2377 similis,
1782 2336 1819 2370 ἀ
1842 2346 1951 2370 tamen
1962 2335 2048 2370 dixit
2059 2335 2099 2369 il·

1230 2383 1298 2416 ium
1316 2385 1380 2418 effe
1406 2384 1500 2419 suum
1521 2396 1638 2429 corpus
1655 2410 1668 2427 ‚
1691 2385 1742 2420 seu
1755 2386 1866 2429 potius
1876 2387 1968 2420 suum
1978 2396 2098 2429 corpus

1225 2434 1288 2467 effe
1314 2433 1348 2466 in
1373 2433 1432 2467 iilo
1454 2447 1556 2478 pane,
1581 2435 1728 2480 adeoque
1747 2436 1782 2470 &
1810 2434 1899 2471 hunc
1922 2435 1988 2471 effe
2007 2436 2099 2470 illius

1228 2483 1385 2528 figuram.
1414 2483 1616 2529 Epiphanius
1641 2486 1824 2530 transponit
1845 2486 2020 2531 Evangelii
2031 2496 2099 2520 ver-

1227 2532 1267 2567 ba
1288 2557 1298 2565 .
1325 2533 1405 2568 Non
1423 2533 1506 2570 dicit
1526 2548 1534 2567 ε
1562 2541 1622 2570 Ηοι·
1641 2536 1680 2576 est
1699 2536 1753 2570 boc
1774 2547 1872 2570 meum
1894 2560 1905 2577 ,
1931 2534 2009 2577 sed,
2037 2542 2098 2571 Hoc

1228 2594 1324 2616 meum
1342 2582 1383 2624 est
1401 2583 1453 2619 hoc
1471 2610 1481 2618 .
1507 2584 1621 2620 Voces
1639 2609 1650 2626 ,
1675 2591 1739 2623 Hoc
1749 2610 1762 2627 ,
1787 2584 1961 2630 utrobique
1981 2587 2099 2628 suppo·

1229 2644 1310 2667 nunt
1336 2642 1395 2676 pro
1406 2635 1547 2669 Domini
1560 2636 1726 2680 Corpore:
1751 2635 1862 2671 Prima
1881 2646 1941 2679 pro
1962 2633 2101 2681 invisibif

1230 2684 1251 2716 li
1263 2708 1273 2724 ,
1286 2683 1423 2718 secunda
1435 2696 1493 2729 pro
1505 2685 1636 2720 visibili.
1665 2686 1745 2721 Hoc
1756 2687 1846 2721 sensu
1855 2699 1868 2719 .·
1893 2685 1976 2719 Hoc
1986 2694 2099 2719 meum

1231 2744 1366 2776 corpus,
1391 2735 1482 2778 quod
1503 2734 1537 2768 in
1561 2735 1624 2769 isto
1643 2747 1727 2780 pane
1743 2737 1935 2780 repraesento
1946 2734 2099 2769 vobisim

1233 2783 1375 2825 visibile,
1397 2784 1446 2822 ,est
1469 2785 1552 2820 istud
1574 2786 1700 2829 ipsum,
1725 2787 1815 2830 quod
1837 2784 1929 2830 gesto
1953 2783 2090 2819 visibile.

1233 2834 1385 2868 Affirmat
1410 2846 1524 2878 panem
1550 2836 1644 2870 fuisse
1654 2835 1826 2870 Dominici
1838 2835 1996 2879 Corporis
2008 2834 2100 2868 vesti-

1231 2894 1377 2919 mentum
1402 2885 1437 2919 &
1463 2886 1621 2930 figuram.
1646 2884 1740 2920 Hinc
1767 2886 1889 2930 pergit:
1915 2888 1970 2923 Ex
1992 2890 2100 2928 grana

1229 2940 1425 2976 pronunciare
1436 2938 1546 2970 voluit.
1566 2935 1641 2970 Nec
1651 2936 1738 2970 enim
1749 2935 1879 2970 modica
1888 2935 1989 2969 etiam
2002 2933 2100 2977 ipsius

1234 2985 1324 3028 panis
1335 2986 1438 3029 gratia
1448 2986 1493 3020 est
1504 2983 1631 3020 adsumi
1643 2985 1677 3020 in
1689 2985 1754 3019 tale
1766 2984 2004 3019 vestimentum.
2017 2984 2101 3018 Om-

1235 3046 1273 3069 ne
1285 3035 1527 3071 Sacramentum
1535 3036 1582 3070 est
1597 3046 1651 3070 vas
1661 3059 1673 3076 ‚
1689 3036 1835 3077 adeoque
1844 3034 1878 3068 δε
1890 3035 2018 3079 signum
2030 3035 2102 3068 Do-

1234 3084 1347 3119 minici
1369 3085 1560 3132 sanguinis,
1583 3086 1620 3119 ἀ
1641 3095 1751 3120 tamen
1771 3083 1814 3118 de
1832 3085 1949 3124 nulio,
1973 3084 2033 3118 nifi
2057 3084 2101 3118 de

1234 3135 1296 3182 hoc
1307 3135 1377 3169 folo
1387 3136 1472 3171 dixit
1482 3135 1665 3170 Dominus:
1681 3141 1743 3171 Hoc
1750 3146 1846 3169 meum
1856 3134 1894 3176 est
1905 3133 1956 3168 boc
1968 3159 1976 3167 .
1998 3132 2104 3181 Quod

1232 3184 1288 3220 est‘
1307 3184 1454 3220 lucidum
1471 3185 1709 3220 documentum
1739 3184 1962 3219 Eucharisticae
1987 3186 2104 3218 verita·

1234 3235 1291 3269 tis.
1320 3241 1423 3279 Neque
1444 3233 1599 3278 quisquam
1617 3235 1679 3277 est,
1702 3242 1755 3278 qui
1776 3233 2033 3278 eisermonifidem
2044 3243 2103 3266 non

1235 3285 1391 3319 adhibeat.
1407 3285 1504 3320 Certe
1514 3286 1535 3318 fi
1548 3286 1615 3319 sola
1626 3287 1731 3331 figura
1746 3286 1783 3319 fit
1794 3311 1804 3326 ,
1818 3284 1939 3319 nonest
1949 3293 2034 3326 opus
2044 3282 2105 3315 fin-

1235 3335 1339 3379 gulari
1349 3334 1429 3370 fide.
1456 3337 1703 3370 sacramentarii
1722 3335 1864 3370 Errones
1883 3332 2051 3367 attendant
2063 3333 2107 3366 se-

1235 3387 1368 3429 quentia
1390 3385 1500 3420 verba.
1528 3386 1596 3429 ,Qui
1615 3398 1722 3421 verum
1742 3386 1826 3419 illum
1845 3384 1896 3427 effe
1912 3394 1969 3417 non
1989 3383 2106 3423 credit,

1932 3434 2061 3476 &gratia
