2352 3756
311 131 415 183 416·

229 213 368 251 oblatio
380 210 475 247 debet
486 208 555 243 fieri
565 219 605 242 ex
617 218 701 251 pane
712 231 723 248 ,
750 205 829 241 vino
842 231 854 247 ,
877 206 913 241 ἃς
923 217 1007 248 aqua
1029 215 1124 239 mun-

276 264 422 299 diffima.
453 270 566 307 105-2-
578 257 764 293 Sacerdotes
774 257 831 301 qui
850 257 1004 290 vitiosum
1024 257 1123 289 sacro·

278 316 390 349 sancio
403 311 510 345 Altari
523 334 536 351 ‚
562 310 595 343 &
607 308 780 352 pretiosum
796 308 910 340 vinum
921 306 1039 340 mensae
1064 305 1125 338 suae

277 363 472 406 impertiunt
484 385 496 402 ,
523 360 597 394 sunt
605 357 795 394 Sacerdotio
817 356 948 400 penitus
972 355 1102 401 indigni
1115 380 1122 386 .

282 412 359 450 106.
393 423 421 449 1·

230 464 371 499 Oblatio
384 473 475 506 aquae
485 460 567 495 olim
578 458 675 493 fiebat
686 457 704 490 ὲ
716 453 918 490 Cantoribus
930 478 939 488 .

228 514 370 549 Oblatio
382 512 493 547 farinae
505 523 562 556 pro
576 507 749 542 sacrificio.
1010 505 1087 542 106.
1102 519 1122 543 2

230 563 370 599 Oblatio
382 559 620 598 denar-intuma
646 557 770 601 populo
783 581 793 595 ,
820 556 965 590 successit
981 556 1123 591 oblatio·

280 614 316 648 ni
330 613 420 659 panis
431 614 464 648 ὅ(
476 610 559 643 vini.
584 619 661 653 107.
673 620 703 645 2.
725 605 881 642 oblatam
894 606 978 642 olim
989 607 1124 652 quisque

281 667 371 700 suam
385 659 557 703 recipiebat
567 684 576 691 .
1042 657 1122 693 ibid.

230 715 264 749 S.
275 714 378 752 Odilo
391 709 504 746 Abbas
514 709 737 745 Cluniacenfis
747 707 875 742 mavult
896 706 938 743 de
962 707 1065 742 nimia
1087 708 1122 744 in

278 763 477 810 poenitentes
505 760 681 795 clementia
696 783 710 802 ,
750 758 849 806 quam
867 758 912 793 de
931 758 1125 795 crudelitate

280 812 444 850 damnari.
1032 808 1090 857 76.
1108 820 1120 845 1

229 863 401 902 offerendi
412 861 529 897 modus
541 870 599 906 pro
608 869 757 906 tempore
769 858 914 894 diversus
923 884 931 893 .
1015 868 1092 906 104.
1107 870 1122 897 1

230 915 446 951 offertorium
458 911 549 954 cujus
561 911 606 945 rei
622 911 660 946 sit
672 909 830 944 memoria
844 911 857 944 .>
1046 909 1124 944 ibid.

229 967 393 1003 Officium
409 963 600 998 Romanum
613 962 647 998 in
661 960 856 1006 Hispaniam
869 959 1079 1001 introduxit,
1092 961 1127 995 ὃ(

280 1009 421 1050 firmavit
437 1011 617 1060 Gregorius
629 1011 706 1046 Vll.
1035 1010 1091 1048 28.
1105 1021 1128 1048 2

228 1066 391 1106 Onufrius
402 1063 571 1098 Panuinus
583 1063 676 1097 sacrae
696 1062 730 1100 ἀ
756 1061 900 1106 profanae
922 1061 1130 1109 antiquitatis

281 1114 488 1160 peritissimus
501 1137 508 1145 .
1012 1120 1093 1159 235.
1110 1122 1126 1148 1

227 1167 383 1204 Oratium
396 1189 406 1205 ,
434 1162 522 1197 idem
531 1162 620 1204 quod
633 1163 714 1198 stola
726 1187 733 1195 .
1013 1162 1092 1209 196.
1107 1172 1131 1199 2

229 1218 349 1253 Oratio
359 1214 542 1250 Dominica
553 1213 595 1250 ab
605 1212 829 1262 antiquiflimo
837 1221 984 1261 tempore
990 1211 1130 1250 dicenda

281 1268 316 1302 in
328 1266 429 1302 Missa
441 1290 448 1298 .
1015 1262 1095 1314 246.
1111 1273 1127 1298 1

229 1316 403 1355 Orationis
414 1314 595 1351 Canonicae
605 1313 815 1351 uniformitas
826 1339 834 1347 .
1036 1325 1095 1353 22.
1110 1324 1126 1349 1

231 1367 405 1404 Orationis
418 1364 586 1400 Charisma
599 1368 642 1401 est
655 1366 754 1400 virtus
764 1364 896 1410 petendi
907 1363 928 1400 a
939 1363 1029 1405 Deo,
1041 1363 1129 1408 quod

280 1428 371 1454 certo
383 1416 442 1451 scit
455 1416 528 1460 quis
547 1415 821 1451 concedendum:
851 1414 903 1452 16.
919 1426 949 1453 1.
975 1414 1045 1450 Soli
1070 1414 1132 1450 Ec·

278 1467 379 1503 clesiae
390 1465 574 1502 Catholicae
585 1466 780 1502 conceditur
791 1490 800 1500 ,
818 1467 868 1503 16.
888 1478 920 1504 2-
933 1464 1050 1501 Virtus
1060 1475 1130 1499 ora·

282 1518 385 1554 tionis
397 1541 408 1558 ,
435 1527 506 1560 quae
519 1517 556 1552 fit
565 1515 609 1551 ab
624 1516 768 1552 Ecclesia
789 1516 883 1554 unita
898 1542 905 1549 .
1041 1527 1094 1564 17.
1110 1526 1127 1553 1

228 1569 409 1605 Ordinatio
423 1567 567 1602 investiti
583 1577 638 1611 pet
648 1577 784 1602 manum
806 1566 971 1601 Laicalem
981 1591 992 1608 ,
1020 1577 1063 1600 an
1092 1566 1129 1600 fit

282 1618 537 1654 substantialiter
558 1617 647 1651 irrita
669 1643 680 1659 ,
706 1628 744 1651 ac
760 1617 932 1660 repetenda
949 1618 966 1649 ,²
992 1627 1073 1664 213.
1102 1627 1129 1653 1.

280 1671 363 1704 Sunt
384 1670 441 1713 qui
462 1669 626 1704 affirment
651 1692 659 1701 .
688 1666 772 1703 ibid.
795 1668 994 1715 Oppositum
1019 1676 1131 1703 tenen-

279 1721 359 1755 dum
385 1719 430 1754 est
443 1741 451 1751 .
1017 1727 1095 1761 213.
1110 1729 1128 1752 2

228 1771 410 1810 Ordinatio
421 1766 559 1812 Ischyrae
571 1780 639 1805 non
661 1767 818 1813 baptizati
839 1767 877 1803 in
906 1765 1108 1811 Episcopum
1123 1787 1131 1795 .

352 1846 358 1852 .
372 1831 401 1857 1.

230 1831 410 1909 offfribtio
421 1867 514 1902 Laici
530 1868 563 1900 in
579 1867 770 1901 Diaconum
782 1863 930 1908 quamvis
943 1862 1132 1909 illegitima,

281 1930 391 1956 tamen
403 1927 470 1953 rata
484 1940 494 1956 ‚
520 1916 553 1951 &
567 1917 673 1951 valida
686 1916 732 1950 est
748 1940 755 1948 .
1018 1923 1100 1960 394.
1111 1925 1132 1950 2

231 1970 410 2009 Ordinatio
422 1979 477 2013 per
488 1967 604 2002 saltum
620 1967 772 2001 damnata
785 1991 794 2001 ,
1022 1973 1098 2011 393.
1111 1975 1134 2003 2

231 2021 413 2059 Ordinatio
426 2019 492 2052 siue
510 2018 683 2051 Canonica
696 2017 809 2056 Cleri,
826 2016 859 2050 &
872 2013 994 2057 Populi
1005 2014 1136 2050 elefflo·

285 2084 326 2106 ne
338 2070 405 2104 fieri
419 2079 486 2101 non
498 2066 597 2100 debet
611 2090 621 2106 ,
643 2064 747 2099 immo
758 2064 848 2106 juxta
862 2063 1057 2099 Anseimum
1071 2064 1135 2097 Lu-

285 2122 415 2156 censem
423 2117 467 2151 est
482 2114 733 2149 substantialiter
744 2113 833 2145 nulla
842 2135 850 2144 .

235 2169 416 2209 Ordinatio
435 2165 570 2199 Xenaiae
582 2163 729 2200 hominis
743 2174 812 2199 non
826 2161 981 2208 baptizati
1002 2162 1037 2198 in
1062 2163 1138 2208 Epi-

286 2223 442 2264 scopum.
1025 2223 1103 2261 394·
1119 2224 1135 2250 1

238 2272 423 2309 Ordinatos
438 2277 492 2311 per
504 2265 622 2300 saltum
646 2266 665 2299 a
685 2265 757 2299 solo
782 2265 931 2308 suscepto
950 2261 1068 2298 ordine
1091 2264 1141 2298 su·

290 2320 418 2366 spensos
428 2318 527 2352 docet
538 2315 744 2360 Augustinus
756 2313 895 2349 Barbosa
910 2340 918 2347 .

238 2373 384 2410 Ordines
392 2369 486 2404 datos
496 2378 550 2411 per
559 2366 786 2401 Simoniacum
812 2365 1012 2408 Episcopum
1033 2359 1155 2412 Qin-'

289 2416 551 2463 tilinoburgense
577 2417 770 2451 Concilium
792 2416 901 2451 censet
923 2414 1140 2449 substantiali-

293 2483 341 2508 tet
357 2469 466 2505 nullos
482 2492 489 2499 .
519 2476 598 2514 347.
613 2478 641 2503 2.
663 2465 746 2501 Item
760 2464 1007 2511 Hirgauziensis
1019 2465 1141 2499 Mona-

294 2521 384 2558 sterii
398 2520 592 2562 incognitus
605 2516 813 2552 Monachus.
1029 2525 1105 2562 347·
1122 2525 1137 2550 1

244 2572 390 2608 Ordines
402 2568 544 2603 collatos
557 2566 597 2600 ab
616 2564 909 2601 excommunicato
930 2564 1064 2609 quidam
1086 2563 1143 2599 do-

297 2628 434 2657 cuerunt
446 2616 556 2662 quoad
568 2615 780 2652 substantiam
805 2617 867 2650 eae
889 2615 1012 2649 irritos.
1042 2612 1096 2662 58-
1114 2625 1142 2650 1.

299 2674 380 2708 Sunt
396 2668 525 2704 tantum
538 2666 616 2701 irriti
629 2665 737 2711 quoad
749 2667 980 2701 executionem
994 2690 1002 2698 .
1063 2664 1142 2698 ibid.

247 2723 415 2762 Ordines,
440 2718 539 2754 etiam
551 2716 726 2757 Minores,
753 2718 859 2761 pretio
881 2715 1020 2750 vendere
1040 2715 1145 2749 Simo-

300 2774 431 2807 niacum
442 2795 449 2802 .
1080 2777 1110 2802 2-
1126 2776 1141 2800 1

251 2824 396 2859 Ordines
407 2819 558 2854 Minores
570 2818 605 2854 ὅ(
618 2815 879 2853 subdiaconatus
895 2827 937 2851 an
965 2814 1143 2850 introducti

305 2874 366 2906 sint
377 2870 418 2905 ab
430 2869 594 2903 Ecclesia?
1036 2875 1146 2914 3932

252 2922 390 2956 Ordinis
402 2921 646 2954 Sacramentum
657 2929 698 2953 an
713 2915 818 2951 valide
829 2916 1013 2952 conferatur
1023 2917 1145 2950 aSimo·

306 2972 431 3007 niacis?
459 2966 577 3011 2841.
606 2979 680 3015 343.
699 2979 723 3004 11
750 2968 844 3002 Olim
863 2968 946 3002 circa
968 2966 1033 3001 hoc
1056 2967 1145 3000 unus

308 3023 444 3067 quisque
455 3021 490 3053 in
505 3020 564 3053 suo
576 3021 668 3052 sensu
681 3017 869 3052 abundabat
883 3041 890 3049 .

255 3072 353 3109 Ordo
376 3072 550 3106 Romanus
570 3067 691 3112 ubique
720 3068 754 3101 in
776 3067 898 3101 officiis
920 3066 1057 3101 Divinis
1074 3067 1150 3101 reci·

261 3146 264 3151 -
310 3122 447 3168 piendus
458 3132 497 3154 ex
509 3119 641 3153 decreto
666 3117 819 3162 Gregorii
843 3117 916 3151 Vn.
938 3129 993 3165 27.
1016 3130 1046 3154 2.
1068 3117 1150 3151 Non

311 3174 375 3208 fuit
385 3172 420 3206 in
434 3169 598 3214 Hispania
609 3169 819 3203 consecutum
833 3167 965 3211 plenam
985 3167 1152 3202 executio-

312 3233 403 3256 nem.
1074 3217 1155 3251 ibid.

1011 465 1086 503 103-
1101 468 1123 493 2

892 111 1408 164 INDEX.

1236 203 1360 247 praeviis
1374 202 1545 247 Baptismo
1556 206 1747 240 exorcismis
1759 209 1872 252 probat
1884 235 1891 242 .

1186 253 1370 299 Originalis
1380 255 1505 297 peccati
1516 267 1694 290 enormitas
1705 281 1713 289 .
1967 263 2044 308 267.
2060 274 2082 297 2

1187 304 1390 346 ornamenta
1404 305 1612 339 Basilicarum
1625 307 1860 350 antiquissima.
1967 320 2042 347 120.
2064 323 2080 347 1

1188 354 1392 388 Ornamenta
1404 379 1415 395 ‚
1426 355 1460 389 &
1471 356 1542 390 vasa
1557 357 1776 392 Ecclefiastica
1793 360 1947 393 nonlicet
1962 360 1995 393 in
2009 360 2086 394 Lai·

1237 416 1310 439 cam
1326 416 1461 439 manum
1477 428 1488 445 ‚
1513 408 1565 441 vel
1589 408 1683 442 usum
1703 410 1842 444 vendere
1855 435 1866 450 ,
1892 421 1947 444 aut
1967 411 2085 453 quovis

1236 454 1341 490 modo
1350 455 1496 491 tradere.
1926 471 2000 508 123.
2022 470 2048 494 1.
2061 473 2085 499 2

1187 508 1374 542 oscitantes
1411 506 1500 541 unde
1538 508 1702 553 signemus
1727 520 1789 544 nos
1816 510 1910 556 signo
1939 511 2056 546 Crucis
2068 513 2084 544 ,ἕ

1237 566 1316 604 243·
1332 567 1363 592 2-

1188 607 1354 644 Osculum
1381 607 1475 651 panis
1499 607 1519 642 ὲ
1544 618 1627 644 terra
1654 609 1753 644 levati
1780 610 1866 645 unde
1892 610 2085 656 proveniat?

1241 654 1316 705 178-
1328 668 1359 695 2·

1187 708 1350 746 Osculum
1363 707 1484 752 pedum
1497 708 1632 752 quando
1645 709 1706 745 soli
1718 710 1877 746 Pontifici
1888 711 2053 747 decretum
2067 714 2084 745 ,ἓ

1241 767 1293 804 14.
1311 768 1327 794 1
1575 790 1577 793 .

1188 807 1353 845 otthonis
1380 808 1639 846 Constantiensrs
1663 811 1874 859 degradatio.
1909 824 2032 861 3591.
2052 814 2086 848 ὅ(

1241 858 1306 905 seq.

1968 222 2046 258 240-
2063 225 2079 250 1

1619 960 1658 995 Ρ.

1268 1064 1339 1096 anis
1361 1059 1486 1094 abbam
1508 1083 1520 1101 ,
1555 1069 1593 1095 ut
1613 1060 1796 1107 loquuntur
1812 1088 1826 1105 ‚
1850 1065 1952 1098 etiarn
1971 1065 2087 1099 invitis

1292 1108 1478 1146 Abbatibus
1493 1111 1680 1154 impositus.
1708 1123 1761 1162 93.
1776 1123 1811 1150 1.
1821 1113 2088 1157 Eleemosynail-

1244 1163 1275 1198 la
1287 1162 1390 1198 etiam
1401 1161 1489 1206 apud
1504 1162 1636 1197 Graecos
1646 1164 1771 1209 viguit.
2000 1172 2052 1209 93.
2065 1175 2088 1199 2

1196 1212 1452 1250 Panormitanus
1463 1211 1680 1256 Episcopatus
1698 1216 1820 1249 erectus
1840 1213 1878 1248 in
1895 1212 2090 1257 Metropoli-

1247 1273 1361 1298 tanam
1371 1261 1489 1299 Sedem
1500 1287 1508 1295 .
1537 1271 1613 1310 140.
1629 1273 1657 1301 1.
1670 1263 1766 1300 Olim
1779 1263 1894 1300 habuit
1910 1263 2010 1298 Pallii
2032 1261 2089 1297 ho·

1244 1323 1378 1348 norem.
2008 1312 2088 1348 ibid.

1194 1362 1387 1408 Papaidem
1397 1362 1444 1398 est
1461 1363 1555 1408 quod
1577 1363 1692 1399 Avus.
1718 1363 1801 1414 278.
1811 1374 1842 1399 2.
1863 1362 1978 1399 Tituli
1998 1364 2090 1399 istius

1239 1415 1339 1460 origo
1353 1440 1359 1447 .
1373 1413 1455 1449 lbid.
1469 1415 1572 1450 Graeci
1584 1414 1684 1450 etiam
1695 1413 1797 1450 hodic
1808 1414 2089 1451 solosRomanum

1244 1464 1447 1503 Pontificem
1457 1487 1469 1503 ‚
1493 1476 1532 1499 ac
1541 1464 1762 1502 Patriarcharn
1775 1465 2038 1501 Alexandrinum
2051 1464 2091 1498 ti-

1246 1515 1353 1550 tulant
1365 1514 1471 1559 Papas
1483 1540 1492 1548 .
1517 1515 1596 1550 ibid.
1608 1515 1701 1559 Papae
1714 1516 1859 1552 tituloin
1885 1516 1996 1551 Africa
2021 1515 2091 1548 nul-

1242 1566 1296 1601 lus
1308 1565 1487 1610 Episcopus
1508 1565 1700 1611 insignitur,
1727 1566 1783 1601 nifi
1801 1565 2086 1610 Carthaginensis.

1244 1619 1324 1664 278.
1340 1627 1368 1654 ι.
1381 1613 1542 1659 Eutychii
1554 1617 1696 1653 narratio
1707 1615 1748 1652 de
1760 1617 1848 1653 vocis
1862 1620 1950 1660 Papa
1960 1616 2091 1659 origine

1241 1667 1382 1710 suspecta
1397 1692 1404 1699 .
1978 1662 2055 1712 278·
2068 1676 2090 1700 2

1194 1715 1327 1760 papalis
1342 1717 1511 1751 electionis
1521 1717 1627 1750 forma
1640 1727 1709 1751 non
1722 1716 1862 1760 pertinet
1873 1715 1912 1749 ad
1932 1713 2091 1748 Christia-

1242 1776 1324 1799 num
1339 1765 1460 1808 dogma
1475 1789 1486 1804 ‚
1513 1775 1572 1798 nec
1582 1765 1623 1799 ad
1633 1765 1823 1809 generalem
1836 1763 2015 1798 Christiani
2035 1774 2090 1806 po-

1245 1814 1315 1858 puli
1327 1813 1535 1856 disciplinam
1549 1839 1556 1845 .
1585 1811 1663 1862 318.
1675 1825 1706 1850 2.
1718 1815 1773 1849 Ad
1785 1826 1858 1849 eam
1871 1814 1996 1859 Regius
2009 1824 2091 1847 non-

1243 1874 1415 1907 nunquam
1449 1864 1618 1907 requisitus
1642 1865 1837 1899 consensus.
1868 1876 1943 1913 319.
1975 1875 2001 1900 1.
2032 1863 2095 1897 Pa-

1246 1913 1376 1957 palibus
1411 1913 1563 1947 manibus
1598 1914 1674 1948 data
1699 1917 1901 1949 consecratio
1915 1940 1924 1955 ‚
1950 1914 1995 1948 est
2019 1913 2091 1947 Ma-

1245 1974 1316 2048 gn}
1338 1963 1519 1998 consecrati
1538 1986 1550 2004 ,
1587 1964 1687 1998 etiam
1710 1963 1902 1999 Patriarchae
1927 1963 2091 2008 dignitas.

1276 2023 1289 2048 1
1321 2036 1327 2042 -
1342 2023 1372 2049 2-

1249 2023 1267 2061 3
1296 2061 1387 2096 Vide
1413 2065 1566 2095 Romanus
1588 2062 1730 2104 Pontifex
1740 2087 1750 2095 .

1043 2123 1132 2160 73.1
1197 2110 1322 2148 Pascha
1349 2111 1520 2156 Iudaicum
1554 2113 1622 2146 alio
1644 2113 1697 2147 die
1726 2113 1745 2147 ὲ
1774 2111 1911 2149 Christo
1944 2115 1987 2148 D.
2024 2112 2091 2148 alio

1248 2163 1341 2197 suisio
1362 2162 1558 2197 celebratum
1579 2162 1598 2195 a
1623 2163 1757 2206 Judaeis,
1783 2174 1850 2197 non
1875 2165 1934 2198 soli
1963 2164 2089 2204 Graeci,

1249 2213 1301 2301 gergi
1325 2213 1356 2246 δε
1370 2213 1504 2253 Latini,
1530 2211 1663 2258 ipseque
1673 2212 1880 2261 Augustinus
1890 2216 2089 2250 docuerunt.

1303 2289 1308 2295 .
1322 2275 1352 2300 2.

1025 2323 1103 2361 394·
1119 2325 1140 2351 2
1202 2312 1325 2349 Pascha
1350 2311 1532 2357 Judaeorum
1556 2337 1566 2352 ,
1591 2324 1659 2357 quo
1680 2312 1735 2348 die
1754 2314 1931 2349 occurrerit
1956 2312 2092 2347 Christo

1253 2363 1438 2398 moriente?
1466 2361 1523 2400 88.
1539 2374 1566 2399 1·
1582 2363 1663 2412 Qo
1676 2364 1729 2399 die
1739 2363 1862 2399 Pascha
1884 2363 2093 2398 celebraverit

1254 2412 1405 2448 Christus
1416 2414 1434 2446 ἕ
1961 2412 2013 2450 38.
2030 2424 2057 2449 1·
2073 2425 2094 2449 2

1206 2463 1370 2499 Paschalis
1396 2462 1603 2499 hebdomada
1625 2472 1694 2499 tota
1716 2463 1801 2500 olim
1821 2464 1937 2499 Romae
1962 2463 2094 2498 festiva.

1259 2524 1278 2560 3
1306 2514 1335 2550 6.
1347 2523 1379 2549 2.

1205 2525 1369 2599 Pasciialis
1381 2562 1512 2599 secundi
1525 2563 1565 2598 de
1574 2563 1719 2598 Huberti
1737 2564 1989 2608 sylvanectensis
2011 2564 2097 2598 ordi-

1256 2614 1494 2648 nationecausa
1505 2612 1691 2648 discutitur.
1720 2617 1798 2661 364.
1814 2627 1843 2651 2-
1857 2614 1978 2657 Injustt‘:
2008 2625 2099 2654 taxa-

1257 2663 1337 2699 tura
1353 2663 1453 2698 Clero
1476 2664 1649 2698 Leodiensi
1669 2665 1855 2700 conceffisse
1872 2665 2098 2710 Indulgentias

1257 2716 1322 2749 fine
1334 2714 1547 2749 Confeffione
1557 2715 1590 2748 δε
1602 2715 1794 2758 poenitentia
1804 2739 1813 2747 .
1987 2713 2063 2760 283.
2076 2726 2099 2750 2

1208 2763 1395 2801 Patriarcba
1409 2764 1654 2799 Alexandrinus
1669 2765 1849 2809 Episcopos
1859 2777 1975 2800 omnes
1998 2768 2099 2799 zozius

1260 2815 1472 2859 AEgyptiacae
1484 2815 1639 2850 Dioecefis
1662 2840 1673 2855 ‚
1709 2826 1778 2850 non
1788 2814 1916 2849 tanturn
1931 2816 2101 2858 Metropo-

1259 2865 1380 2899 litanos
1401 2889 1411 2906 ,
1438 2863 1490 2898 sed
1520 2866 1619 2898 etiam
1660 2864 1879 2900 provinciales
1914 2867 2100 2900 consecrat.

1263 2915 1337 2964 362-
1365 2927 1393 2951 1.
1418 2914 1473 2949 Est
1494 2915 1664 2961 singularis
1682 2915 1887 2950 consuetudo
1905 2940 1916 2956 ,
1954 2915 1990 2948 δι
2015 2915 2103 2947 unde

1259 2965 1451 3009 proveniat?
2023 2964 2105 2998 ibid.

1027 3027 1107 3065 347.
1130 3028 1144 3052 1
1211 3014 1398 3054 patriarcha
1412 3026 1481 3049 non
1500 3014 1547 3049 est
1560 3013 1600 3048 ab
1614 3015 1680 3049 alio
1705 3013 1891 3049 patriarcha
1914 3015 2106 3048 consecran-

1261 3066 1337 3100 dus.
1379 3065 1455 3113 368.
1476 3073 1508 3098 2.
1538 3062 1800 3099 Patriarcharum
1822 3066 2106 3099 consecrationem

1262 3116 1352 3159 Papa
1363 3116 1557 3150 confirmare
1568 3113 1662 3148 deber
1672 3140 1680 3147 .
1995 3114 2074 3162 369.
2090 3125 2105 3151 ι

1216 3163 1474 3204 patriarcharum
1487 3164 1699 3208 Aquileiensis
1713 3188 1725 3205 ,
1751 3165 1785 3200 ἀ
1797 3163 1968 3199 Gradenfis
1977 3175 2108 3199 contro-

1266 3216 1365 3251 versia
1376 3215 1472 3250 nobis
1489 3215 1603 3260 ignota
1614 3239 1621 3246 .
1999 3226 2014 3251 1
2024 3226 2038 3250 1
2048 3226 2074 3250 1.
2090 3225 2107 3250 1

263 3272 428 3307 ordinum
442 3270 617 3305 Minorum
634 3267 813 3303 ministeria
834 3268 940 3302 Graeci
965 3267 1023 3301 fibi
1046 3267 1156 3311 paffim
1219 3265 1456 3302 Patriarchatus
1466 3263 1860 3309 Constantinopolitanus
1873 3289 1884 3305 ,
1903 3264 2036 3308 quando
2050 3275 2110 3298 coe-

316 3319 473 3356 exhibent
483 3332 538 3363 per
562 3318 788 3355 Subdiaconos
804 3341 816 3358 ,
841 3320 875 3352 &
899 3318 985 3353 solos
1009 3319 1159 3353 Lestores

315 3371 423 3414 passim
436 3369 575 3404 habent.
1045 3378 1122 3416 353.
1141 3380 1155 3404 1

264 3419 450 3467 origmalis
475 3420 596 3464 peccati
629 3418 813 3454 doctrinam
837 3418 866 3452 S.
894 3418 1100 3463 Augustinus
1119 3430 1158 3452 ex

1267 3318 1348 3360 perit
1371 3316 1457 3358 apud
1482 3315 1613 3349 Turcas
1633 3316 1752 3349 vendi?
2039 3326 2067 3360 ς.
2094 3324 2106 3348 1

1220 3369 1248 3402 S.
1278 3367 1371 3400 Pauli
1396 3366 1505 3409 imago
1533 3363 1666 3406 quando
1693 3365 1828 3410 coeperit
1864 3363 2112 3408 Diplomatibus

1270 3416 1457 3451 Pontificiis
1483 3414 1645 3460 adjungi?
1945 3464 1965 3497 S
1988 3424 2078 3497 ᾆξαι..
2097 3425 2114 3450 1
