2372 3756
131 335 194 366 Lib.
226 337 252 367 ιζ

130 386 193 416 cap·
223 385 239 413 3
248 388 271 409 ε.

129 537 191 569 ΠΙ),
219 545 249 573 3·

130 587 193 616 cap.
217 590 262 616 29.

387 120 403 150 1
416 120 483 166 44

312 184 407 219 barba
421 185 549 226 stridim
568 185 614 217 ad
632 193 726 220 cutem
750 188 836 230 tonfis
866 214 871 220 .
898 189 944 224 Et
963 189 1005 223 de
1026 188 1189 222 militibus

308 236 367 280 qui
391 236 519 270 Xenam
537 234 726 271 Andronici
739 239 877 273 secundi·
895 238 1103 281 Imperatoris
1124 249 1188 272 ma-

307 297 388 323 trem
403 285 520 329 injuria
539 287 734 327 affecerant,
762 290 872 323 scribit
893 290 1034 332 Joannes
1052 288 1190 331 Impera·

306 349 358 376 tor
368 341 636 377 Cantacuzenus:
664 338 780 382 Abi-asa
802 339 898 372 barba
920 340 954 372 (τ
975 339 1112 379 capillis,
1133 346 1189 380 pu»

306 390 420 425 blicetn
436 392 527 434 foro,
551 392 644 426 velut,
657 395 690 422 in
710 389 826 422 theatro
850 390 895 420 ad
909 387 1110 431 [perlandum
1130 399 1189 420 om-

309 442 363 475 bus
386 447 553 486 ignominiae
579 438 666 482 causa
686 437 756 481 sunt
773 437 925 481 propofiu.
954 438 998 471 Et
1021 437 1061 472 de
1083 436 1187 472 nobili

308 493 380 526 viro
395 517 407 533 ,
440 504 478 528 ac
499 493 557 525 suo
580 491 622 524 ad
644 490 779 523 Annam
801 488 1043 531 imperatricem
1063 499 1099 520 ac
1120 487 1190 529 ejus

306 540 459 577 proceres
482 542 609 585 Legato
629 564 640 579 ,
678 538 851 572 Demetrio
871 538 1057 582 Sguropulo
1079 536 1188 569 scribit

306 594 343 627 in
366 593 432 628 alio
455 591 558 626 libro:
586 590 778 632 §guropulum
806 587 974 621 verberibus
996 586 1189 629 indigniffimi?

305 652 487 686 coopertum,
508 639 636 683 pilisque
657 639 758 672 barbae
778 641 812 673 (tr
830 643 937 679 capim
960 637 1106 670 nudatum
1119 659 1129 675 ,
1155 645 1189 669 ut

303 699 337 727 in
352 701 486 736 pompa,
509 690 625 732 publice*
648 687 844 732 spec‘landum
862 688 1016 728 statuunt.
1050 686 1188 727 Impera-

303 744 386 778 toris
412 742 554 776 Henrici
575 740 722 784 Legatos
747 739 840 773 fuine
866 735 978 771 eadem
1001 734 1145 769 barbarie
1169 734 1188 769 ὲ

303 792 417 828 nostro
440 790 605 836 Gregorio
623 791 770 823 tractatos
786 788 936 822 adfirmat
958 785 1061 820 Anna
1085 786 1188 821 Com-

302 855 411 884 nena,
437 842 578 886 ideoque
598 850 693 874 vocat
707 838 828 882 Papam
840 835 1092 879 desputabilem.
1121 835 1187 870 Ve-

302 893 376 928 rum
398 891 479 927 reste
499 889 672 934 respondet
697 889 765 931 ejus
777 886 962 922 Scholastes
974 886 1082 922 David
1095 888 1186 920 Hoe-

301 943 475 977 schenius:
502 943 547 974 De
572 943 708 983 Gregorio
724 936 852 980 septimo
877 935 1018 978 Pontifice
1041 960 1052 977 ‚
1078 948 1185 972 verum

294 993 482 1038 fatendum,
509 990 586 1024 nibil
605 987 749 1031 ejusmodi
770 987 879 1021 leffium
901 1012 909 1020 .
926 991 988 1027 ‚Ne
1010 985 1099 1028 hostes
1120 994 1182 1030 qui>

303 1044 372 1075 dem
385 1067 396 1083 ,
423 1053 493 1084 quos
504 1038 694 1081 mfenfiffimos
700 1039 798 1081 passu!
811 1037 847 1078 est
859 1062 871 1078 ,
897 1038 1081 1080 objecerunt.
1112 1039 1184 1071 Non

300 1095 428 1131 Benna,
456 1103 513 1124 non
537 1094 693 1124 Venertcus
714 1087 897 1130 Vercellenfis
921 1110 932 1128 ,
961 1087 1027 1129 five
1047 1090 1184 1122 Waltra·

299 1155 366 1176 mus
392 1139 666 1184 Naumburgenfis,
692 1150 750 1173 non
771 1141 825 1173 alil
838 1163 849 1179 ,
875 1150 933 1172 non
955 1136 1018 1180 ipse
1037 1145 1183 1176 Henrirus

297 1198 330 1225 r'n
354 1192 487 1234 Epistola
514 1194 559 1224 ad
585 1197 736 1224 Annonem
755 1214 766 1230 ‚
804 1201 863 1232 qua
885 1188 977 1228 hujus
1012 1192 1183 1232 Legatiom‘s

297 1249 453 1283 meminit,
474 1242 595 1284 fabium
613 1240 745 1283 profhc'lo
769 1251 827 1273 non
851 1239 1092 1279 dffmulaturus.
1121 1239 1183 1272 Per

240 1295 242 1298 “
295 1293 531 1336 nequissimum
556 1291 766 1334 impostorem
786 1292 857 1324 fic'ta
879 1289 941 1323 fuit
968 1289 1026 1321 ista
1055 1289 1179 1330 Episto-

295 1344 327 1377 la
350 1368 361 1384 ,
387 1344 422 1377 &
445 1353 555 1377 tamen
578 1342 625 1376 illi
653 1340 736 1374 nihil
758 1341 823 1374 tale
844 1341 933 1373 venit
955 1339 989 1374 in
1011 1350 1179 1372 mentem.

295 1393 404 1428 Unde
417 1394 540 1428 clarum
551 1393 596 1427 est
612 1392 748 1425 Annam
772 1402 827 1423 aut
853 1390 1043 1431 imponere,
1069 1400 1123 1424 aut
1141 1387 1181 1422 ab

294 1442 529 1487 impostoribus
551 1441 828 1482 circumscriptam
851 1438 1042 1472 hallucinari
1056 1464 1063 1471 .

345 1491 492 1536 Quaestio
505 1492 575 1531 est,
603 1491 678 1536 Qa
702 1490 742 1523 de
765 1490 859 1522 causa
882 1489 1034 1531 septimus
1057 1490 1182 1534 Grego-

293 1545 359 1577 rius
373 1541 532 1576 Michaeli
545 1544 647 1577 Ducae
661 1541 766 1574 illatas
776 1539 794 1572 a
807 1536 1000 1582 Nicephoro
1023 1538 1178 1573 Botonia-

292 1606 324 1627 te
355 1593 488 1636 injurias
509 1591 669 1626 censuerit
693 1589 906 1624 anathemate
930 1587 1142 1623 vindicandas
1165 1591 1181 1622 ?

290 1645 428 1678 Etenim
443 1640 647 1678 Schismatici
664 1641 697 1674 in
709 1641 858 1675 Sanctum
871 1638 1004 1675 Petrum
1021 1639 1154 1673 rebelles
1169 1665 1179 1679 ,

291 1696 440 1738 adeoque
465 1694 499 1727 ἀ
526 1692 545 1725 ὲ
582 1691 757 1733 semetipsis
783 1690 1063 1723 excommunicati
1088 1701 1178 1724 erant

289 1755 372 1780 tunc
393 1744 497 1777 Graeci
516 1752 652 1776 omnes:
680 1741 771 1788 Qid
790 1738 970 1784 igituristic
983 1740 1108 1781 operati
1123 1751 1176 1774 aut

289 1794 439 1840 prodesse
466 1803 589 1837 poterat
611 1792 717 1824 Sancti
740 1789 827 1824 Petri
851 1789 1008 1834 gladius?
1036 1789 1179 1833 Respon-

290 1846 355 1880 deo
370 1845 531 1878 rationem
543 1841 655 1876 edicia
669 1840 844 1875 Cardinale
862 1839 1050 1873 Humberto
1072 1839 1104 1872 in
1131 1841 1177 1873 in-

291 1895 405 1929 diculo
417 1896 548 1928 suorum
565 1893 722 1927 Asioi-um
736 1890 820 1934 apud
832 1889 1178 1932 Constantinopolim:

293 1946 452 1989 ‚Quantum
463 1946 508 1978 ad
517 1946 664 1977 columnas
677 1947 798 1983 Imperii
815 1965 826 1980 ,
851 1941 884 1978 (θ’
905 1943 970 1981 ejus
995 1947 1179 1979 Honoratos,

294 2008 382 2039 atque
408 2001 488 2029 cive!
508 1994 683 2037 sapientes,
709 1990 948 2031 Christianifflma
973 1999 1062 2032 atque
1087 1990 1180 2024 ortho-

295 2060 336 2079 xa
359 2046 396 2086 est
419 2042 791 2086 constantinopolitana
814 2046 947 2081 civitas3
975 2042 1119 2081 quantiam
1130 2052 1181 2073 au-

295 2108 356 2130 tem
375 2098 419 2128 ad
446 2094 620 2128 michaelem
648 2091 856 2127 Cerularium
883 2112 894 2127 ,
929 2089 1046 2130 hbufive'
1068 2090 1181 2125 dilium

294 2144 507 2180 patriarcham
521 2167 532 2184 ,
557 2144 590 2176 (τ
608 2144 672 2182 ejus
689 2141 827 2180 stultitiae
842 2136 982 2180 fautores
997 2163 1007 2179 ‚
1036 2146 1130 2173 nimia
1141 2145 1180 2172 zi-

295 2202 388 2230 annia
410 2193 557 2237 haereseon
581 2193 713 2236 quotidie
733 2189 921 2233 seminantur
943 2195 975 2222 in
989 2190 1083 2224 medio
1097 2192 1181 2231 ejus.

296 2246 428 2281 Laudat
458 2246 689 2286 Imperatorem
717 2240 976 2274 Constantinum
1002 2238 1183 2274 Monoma·

296 2297 397 2331 chum
424 2319 435 2334 ‚
471 2294 490 2327 a
512 2293 602 2336 cujus
623 2295 743 2335 pietate
764 2291 868 2333 plures
895 2290 1084 2324 successores
1113 2302 1180 2325 non

296 2346 524 2383 discesserunt.
556 2344 604 2377 At
628 2342 705 2376 vero
727 2340 767 2374 de
786 2338 980 2374 Patriarchae
1004 2339 1183 2374 Michaelis

296 2395 491 2440 sequacibus
506 2406 543 2428 ac
567 2391 798 2427 successoribus
818 2389 927 2424 scribit
942 2400 1082 2433 repertus
1095 2390 1184 2424 Con·

295 2445 516 2489 stantinopoli
541 2441 626 2487 apud
649 2441 759 2476 Patres
798 2440 1026 2474 praedicatores
1053 2439 1183 2475 Tratfta-

295 2509 368 2533 tus:
396 2500 451 2529 Ex
470 2505 561 2533 tunc,
590 2493 704 2537 utique
725 2491 742 2525 ὲ
766 2490 942 2524 Michaelis
963 2501 1017 2532 per
1041 2488 1185 2533 Aposto„

295 2547 367 2581 licae
386 2546 478 2581 Sedis
501 2545 644 2588 Legatos
663 2541 1015 2576 excommunicatione
1036 2562 1047 2579 ‚
1084 2544 1182 2575 Graect'

297 2598 420 2637 majoris
445 2596 571 2629 invidiae
587 2593 714 2634 stimulis
728 2597 858 2636 agitati,
885 2591 1078 2633 quamplures
1091 2590 1181 2623 libros

294 2646 345 2691 seu
365 2646 511 2681 trac'latus
535 2656 568 2679 m
589 2643 777 2686 confusionem
796 2646 941 2674 Romame
966 2639 1099 2681 Ecclefiae
1120 2643 1182 2676 ,edt-
1224 2640 1226 2690 Ι

298 2700 427 2736 derunt,
453 2699 487 2731 (5
502 2695 568 2739 suis
588 2694 709 2736 posteris
734 2695 868 2735 legendos
892 2701 1048 2732 tamquam
1058 2690 1184 2724 authen-

720 106 763 150 S.
802 103 1114 152 GREGoRn
1151 120 1394 153 sepum
1433 108 1807 160 PONTIFICIS

1253 187 1333 221 nalis
1344 187 1522 224 Humberti
1536 192 1570 225 in
1582 192 1687 234 Sylvae
1699 194 1847 229 candidae
1858 195 2054 244 Episcopatu
2080 212 2137 245 po-

1252 238 1314 271 stea
1340 239 1550 274 successorem
1569 263 1580 279 ‚
1607 243 1665 285 qui
1688 241 1707 277 a
1729 246 1760 277 se
1781 244 1978 283 inchoatum
1998 251 2135 284 unionis

1251 297 1331 329 opus
1369 289 1639 330 prosequerentur
1659 317 1670 333 ,
1708 304 1745 328 ac
1766 305 1963 332 conarentur
1985 300 2137 342 perficere

1251 336 1336 379 apud
1358 336 1588 382 Imperatorem
1601 341 1758 377 Isaacium
1770 345 2008 389 Cot'nnenum‚
2031 350 2136 385 &Pa-

1251 385 1424 441 triarcham
1436 389 1699 426 Constantinum
1710 393 1895 430 Lichudem
1909 421 1920 437 ,
1947 397 2083 433 testatur
2101 400 2137 435 ἀ

1250 439 1387 478 exponit
1401 439 1434 474 in
1447 439 1642 477 Caffinenfis
1653 443 1851 479 Monasterii
1867 446 2043 482 Chronico
2064 448 2137 484 Leo

1251 486 1407 522 Ostiensis
1421 490 1618 534 Episcopus,
1650 493 1781 538 Nempe
1801 495 1885 530 inter
1907 497 2033 532 dictum
2055 498 2137 533 Isaa-

1250 537 1338 572 cium
1353 539 1385 572 <Sc
1406 539 1607 578 Michaelem
1631 543 1835 579 Cerularium
1848 570 1860 587 ,
1885 546 2137 592 obadsumptos

1250 585 1291 620 ab
1303 586 1366 621 hoc
1380 600 1553 632 purpureos
1563 603 1742 640 compagos
1754 619 1764 635 ‚
1790 596 1822 629 &
1833 596 1911 630 alias
1931 597 2074 641 ejusdem
2092 611 2136 634 re-

1250 635 1350 671 belles
1373 638 1563 677 insolentias
1585 667 1597 684 ,
1634 656 1711 679 nata
1733 645 1882 687 dissidia,
1908 646 1945 684 ἃ
1968 647 2134 685 subsecuta

1248 685 1424 723 Michaelis
1447 702 1534 726 mors
1556 716 1568 732 ,
1605 693 1763 730 Pontifici
1787 697 1937 734 fecerunt
1961 699 2049 741 spem
2071 710 2137 733 mo-

1249 737 1368 772 liorum
1390 741 1590 777 successuum
1617 769 1624 776 .
1659 744 1721 778 Ast
1740 745 1821 780 dum
1841 746 1929 789 apud
1949 748 2070 783 Rarum
2098 749 2135 784 in

1247 786 1369 831 Apulia
1386 789 1528 835 Legatio
1551 794 1614 828 una
1627 806 1702 829 cum
1716 794 1850 840 Argyro
1860 797 2051 833 Barenfiurn
2061 797 2135 834 Ma-

1246 838 1348 882 gistro
1367 842 1528 885 exspectat
1551 855 1706 886 pacatum
1728 858 1817 881 mare
1851 847 1885 883 &
1917 848 2133 883 commodam

1245 890 1494 935 navigationem
1509 917 1520 933 ,
1545 892 1633 937 Papa
1656 897 1796 930 moritur
1805 897 1892 940 apud
1906 897 2131 939 Florentiam,

1227 942 1341 981 iatque
1362 940 1406 975 ita
1428 942 1493 978 fuit
1516 954 1674 980 evacuata
1694 947 1806 981 omnis
1825 949 1914 990 spe5‚
1938 949 1975 982 ἀ
1996 949 2132 992 quisque

1226 978 1338 1047 Jrediit
1361 990 1402 1024 ad
1426 992 1481 1024 sua
1501 997 1631 1036 propria
1652 1019 1659 1028 .
1697 996 1768 1031 Hic
1794 998 1839 1031 est
1867 998 1925 1031 ille
1946 998 2070 1032 nobilis
2097 999 2131 1033 &

1226 1049 1230 1103 Ι
1243 1037 1452 1074 orthodoxus
1464 1042 1611 1086 Argyrus
1624 1068 1635 1084 ‚
1661 1045 1718 1088 qui
1728 1047 1827 1080 etiam
1838 1047 1965 1082 Leonis
1979 1048 2132 1084 noniLee

1245 1090 1413 1133 gationem
1426 1090 1553 1126 strenue
1565 1093 1691 1137 adjuvit
1703 1118 1714 1135 ‚
1740 1106 1838 1139 atque
1848 1097 1923 1130 ideo
1932 1098 1953 1132 a
1978 1098 2131 1133 Michae-

1245 1140 1275 1173 le
1286 1138 1458 1175 Cerulario
1471 1142 1621 1179 sustinuit
1633 1145 1843 1181 atrocissimas
1853 1148 2054 1182 calumnias.
2084 1149 2130 1184 Et

1244 1188 1323 1272 Igne
1336 1190 1621 1229 lucetBarenfium
1631 1195 1800 1230 civitatem
1812 1207 1892 1234 tunc
1914 1198 2066 1243 spectasse
2086 1198 2128 1232 ad

1281 1251 1377 1274 raecos
1391 1266 1399 1273 .

1294 1290 1398 1323 Anno
1410 1290 1480 1334 post
1493 1292 1703 1330 millesimum
1726 1297 1960 1342 septuagesimo
1984 1297 2127 1332 Alexan-

1242 1339 1298 1372 der
1322 1340 1480 1375 secundus
1503 1342 1686 1384 Pontifex,
1712 1356 1749 1378 ac
1769 1346 1836 1391 ejus
1860 1346 2127 1382 Archidiaconus

1243 1390 1490 1426 Hildebrandus
1510 1404 1696 1436 repararunt
1708 1394 1899 1430 Romanam
1911 1398 2020 1432 Sancti
2033 1396 2129 1432 Pauli

1242 1449 1332 1473 extra
1353 1452 1466 1475 muros
1491 1444 1634 1478 Ostiensi
1657 1444 1708 1479 via
1733 1445 1921 1481 Basilicam.
1953 1445 1994 1482 Ei
2019 1448 2130 1490 posue-

1242 1491 1561 1533 runtpretiofissimas
1587 1493 1685 1527 variis
1707 1495 1802 1529 sacris
1824 1497 2030 1540 imaginibus
2047 1497 2128 1531 inci-

1241 1542 1277 1573 sis
1299 1551 1425 1582 portas.
1457 1541 1543 1586 Ipsas
1562 1554 1714 1580 curarunt
1727 1545 1795 1579 fieri
1810 1546 2125 1591 Constantinopoli.

1242 1591 1336 1633 Opus
1348 1590 1469 1625 direxit
1484 1591 1665 1629 Pantaleon
1689 1594 1818 1629 Consus
1830 1620 1840 1636 ‚
1866 1594 2127 1640 Amalphitanus

1240 1652 1379 1684 genere.-
1407 1641 1660 1686 Etincidijuffit
1681 1644 1824 1690 insignes
1847 1648 1978 1688 versus,
2006 1647 2126 1691 quibus

1241 1690 1343 1734 palam
1377 1692 1533 1734 professus
1560 1693 1605 1727 est
1627 1694 1660 1727 se
1696 1694 1850 1738 germane
1871 1695 2124 1741 orthod-oxum,

1239 1740 1437 1783 plenumque
1450 1752 1671 1777 veneratorem
1685 1744 1843 1781 Romanae
1857 1745 2025 1780 Ecclesiae.
2037 1745 2126 1793 Qis

1237 1791 1326 1826 enirn
1347 1790 1455 1826 votive
1478 1794 1509 1826 se
1524 1792 1676 1828 inscribat
1699 1794 1804 1828 valvis
1825 1796 1998 1836 Ecclesiae,
2025 1807 2125 1840 quam

1236 1842 1342 1874 censet
1381 1839 1562 1877 haereticam
1591 1853 1647 1878 aut
1673 1842 1914 1879 schismaticam
1938 1848 1952 1880 ?
1991 1847 2122 1890 Nempe

1237 1891 1336 1924 etiam
1363 1901 1443 1926 tunc
1467 1892 1597 1936 Imperii
1618 1894 1780 1929 columna:
1800 1907 1891 1930 erant
1913 1892 2124 1931 Christianis-

1237 1940 1318 1974 fimae
1344 1967 1351 1974 .
1388 1941 1493 1976 Anno
1513 1944 1661 1988 sequenti
1686 1944 1721 1978 in
1745 1944 1934 1990 Augustum
1958 1943 2122 1987 thronum

1239 1992 1362 2025 levatus
1381 1991 1426 2026 est
1452 1992 1598 2028 Michael
1622 1995 1758 2035 Ducas,
1784 2004 2016 2040 cognomento
2027 1994 2124 2031 Para-

1238 2043 1406 2083 pinacius‚
1432 2042 1474 2076 de
1498 2054 1565 2086 quo
1587 2045 1631 2078 est
1657 2046 1790 2086 praesens
1813 2045 1948 2089 quaestio
1975 2070 1982 2078 .
2012 2045 2124 2082 Etiam

1240 2091 1342 2133 ipsum
1353 2092 1479 2125 constat
1492 2094 1585 2128 fuiffe
1595 2091 1819 2128 orthodoxum
1832 2120 1839 2127 .
1857 2094 1912 2129 Ad
1925 2094 2032 2139 ipsum
2046 2095 2125 2130 item

1242 2141 1388 2175 laudatus
1412 2141 1601 2176 Alexander
1624 2144 1778 2178 sanctum
1802 2143 1937 2180 Petrum
1958 2144 2125 2190 Anagnia

1242 2191 1442 2234 Episcopum
1455 2192 1575 2236 legavit
1589 2192 1836 2236 Apocrisarium
1847 2219 1855 2227 .
1882 2195 1968 2229 Non
1979 2196 2126 2237 qualem-

1240 2252 1378 2284 cumque
1389 2241 1572 2285 Legatum,
1598 2243 1651 2276 sed
1675 2243 1938 2285 Apocrisarium.
1968 2244 2124 2281 Fibulam

1238 2292 1384 2325 fraternae
1394 2292 1642 2325 communionis
1657 2318 1664 2325 .
1691 2293 1787 2326 Hinc
1808 2294 1900 2329 enim
1924 2293 2122 2332 Mauritiani

1238 2340 1369 2384 Imperii
1386 2340 1516 2375 invasor
1532 2341 1660 2375 Phocas
1672 2366 1683 2383 ‚
1708 2342 1796 2385 quod
1816 2342 2018 2385 Apostolicae
2031 2343 2123 2379 Sedis

1220 2366 1401 2434 lLegatum
1427 2402 1495 2424 non
1517 2390 1666 2434 reperiret
1689 2391 1987 2437 Constantinopoli
2007 2417 2019 2434 ,
2055 2393 2124 2430 Re·

1220 2432 1345 2485 ignum
1357 2441 1397 2474 ab
1410 2441 1473 2483 ipsa
1486 2442 1662 2485 improbari
1673 2442 1718 2475 est
1739 2443 1892 2485 opinatus
1905 2467 1916 2483 ,
1943 2441 2122 2488 statimque

1239 2491 1257 2524 a
1271 2491 1400 2534 Magno
1423 2491 1586 2535 Gregorio
1609 2492 1808 2536 postulavit,
1835 2504 1932 2536 atque
1952 2492 2120 2531 obtinuit.

1240 2542 1374 2576 Etenim
1387 2542 1567 2586 Gregorius
1583 2567 1593 2582 ,
1620 2540 1686 2585 quo
1698 2553 1777 2576 tunc
1788 2544 1976 2586 usurpatum
1988 2544 2006 2576 a
2029 2544 2122 2579 Con·

1224 2613 1227 2637 ι
1242 2591 1544 2634 stantinopolitanis
1556 2592 1752 2626 patriarchis
1765 2594 1937 2636 profanum
1961 2591 2125 2635 Universae⁴

1241 2643 1277 2675 lis
1293 2642 1433 2684 Episcopi
1455 2653 1577 2675 nomen
1598 2643 1875 2678 circumscriberet
1895 2655 1932 2680 ac
1953 2642 2119 2684 aboleret,

1224 2691 1384 2734 Ityranno
1407 2691 1531 2726 studuit
1554 2693 1587 2726 in
1611 2693 1765 2727 omnibus
1786 2691 1979 2737 gratificari.
2007 2693 2118 2730 Etiam

299 2753 369 2783 ticos
385 2770 395 2785 ,
422 2749 456 2779 er
478 2745 639 2779 Catholicae
656 2745 729 2786 fidei
747 2743 921 2784 firmitatem
944 2741 1110 2782 habentes,
1136 2742 1182 2773 dr·
1223 2726 1501 2794 {Monothelitica
1516 2742 1653 2783 haerefis,
1681 2745 1727 2782 uti
1759 2742 1948 2776 Romanam
1971 2755 2120 2776 commu-

294 2797 395 2837 stric‘li
414 2797 637 2828 mandaverunt
650 2819 660 2834 ,
689 2806 734 2827 eoi
759 2795 829 2826 vero
853 2818 863 2832 ,
890 2799 942 2835 qui
963 2791 1010 2824 bis
1031 2797 1181 2826 contraria
1224 2792 1377 2839 inionem
1390 2817 1400 2831 ,
1429 2793 1514 2828 ita&
1527 2792 1699 2827 Romanos
1721 2793 1930 2835 interpolavit
1948 2793 2121 2836 Apocrisa-

301 2849 502 2890 dogmatizare
519 2843 732 2886 praesumerent
756 2868 766 2882 ,
794 2849 953 2875 annuatim
974 2848 1005 2875 in
1026 2840 1180 2884 Ecclefiis,
1224 2844 1324 2878 ἓῐὶοε.
1354 2842 1397 2876 Et
1410 2841 1487 2876 hinc
1502 2843 1658 2876 Ecclefias
1668 2842 1761 2886 plene
1777 2842 1926 2877 uniturus
1940 2842 2120 2885 Imperator

301 2908 369 2931 voce
390 2901 540 2938 praecoms
563 2919 573 2934 ‚
612 2895 691 2935 quod
711 2893 801 2935 usque
827 2892 913 2926 hodie
939 2899 972 2925 in
994 2903 1090 2925 eorum
1117 2903 1180 2927 con·
1243 2892 1483 2926 Constantinus
1507 2892 1684 2932 Barbatus,
1710 2892 1751 2926 ad
1776 2893 1870 2929 ,sextae
1889 2892 2018 2935 Synodi
2042 2904 2121 2926 con-

304 2945 494 2982 ventualibus
516 2943 649 2984 Ecclefits
671 2942 866 2985 observatur,
893 2942 1047 2977 haereticos
1070 2942 1184 2976 denun-
1243 2943 1442 2976 firmatorem
1465 2943 1614 2981 Leonem
1638 2943 1814 2976 secundum
1834 2941 1956 2985 scripsit
1972 2944 1987 2974 :'
2015 2944 2119 2976 Horta·

304 3005 441 3030 ciarum.
472 2995 514 3028 Et
537 2993 614 3027 hinc
639 2995 745 3027 Sancti
770 2993 892 3026 Leonis
915 2993 994 3027 noni
1018 3004 1075 3035 pro
1098 3003 1182 3026 ever·
1243 3004 1308 3025 mur
1329 2992 1456 3033 vestram
1476 2992 1684 3032 Sancfftffimam
1703 2995 1911 3025 Summitatem
1934 3017 1944 3033 ,
1970 3000 2004 3025 ut
2026 2995 2119 3036 quam

304 3045 400 3081 tenda
430 3045 490 3079 hac
517 3043 719 3079 schismatica
749 3042 886 3076 stultitia
912 3054 949 3079 ac
976 3042 1181 3080 reformanda
1239 3043 1372 3084 primum
1384 3049 1488 3076 mittat
1501 3040 1679 3085 designatum
1692 3041 1730 3074 ab
1741 3053 1775 3079 ea
1798 3040 2033 3085 Apocrisariism.
2062 3040 2121 3077 Ad

300 3093 522 3131 'Et-clefiarum
544 3096 667 3128 unione
691 3093 831 3127 studium
846 3093 1035 3128 successores
1046 3092 1181 3126 Pontifi—

306 3158 358 3180 ces
372 3157 548 3189 numquam
561 3145 778 3187 deposuerunt
789 3168 796 3174 .
827 3143 959 3177 Etenim
970 3141 1057 3187 quod
1072 3141 1182 3176 Cardiv

307 3197 390 3229 nalis
405 3196 591 3229 Fredericus
602 3220 612 3235 ‚
641 3193 826 3227 Cardinalis
837 3193 1015 3226 Humberti
1028 3194 1060 3225 in
1074 3192 1180 3230 Sansti

307 3246 430 3280 Leonis
446 3246 609 3289 legatione
633 3244 794 3288 Collega,
823 3243 855 3275 in
878 3242 1076 3285 Stephanum
1097 3242 1180 3275 deci·

306 3305 398 3329 mum
413 3293 532 3336 Papam
545 3296 670 3328 evectus
681 3293 794 3337 legarit
809 3293 1010 3326 Desiderium
1021 3291 1183 3326 Caffinen·

305 3346 387 3378 sium
414 3344 577 3377 Abbaiem
600 3367 610 3383 ‚
647 3344 858 3377 Cardinalem
883 3341 1083 3384 Stephanum
1105 3366 1115 3381 ‚
1151 3342 1184 3375 ὅ(

307 3393 518 3432 Mainardum
534 3395 690 3433 Romanae
704 3393 850 3432 Ecclefiae
861 3393 1023 3431 Clericum
1036 3416 1047 3435 ,
1073 3390 1185 3430 Cardi-

1245 3093 1365 3127 sextam
1377 3092 1549 3136 Synodum
1570 3093 1702 3127 Saucius
1724 3091 1811 3135 Papa
1833 3090 1994 3137 Agathou
2017 3093 2122 3137 Lega-

1245 3153 1298 3176 tos
1319 3144 1444 3177 miserat
1466 3153 1504 3176 ac
1521 3143 1582 3175 suae
1606 3141 1819 3176 Praefidemiae.
1842 3141 1998 3177 Vicarios
2019 3166 2029 3182 ,
2066 3153 2121 3176 ve·
2164 3183 2166 3186 y

1246 3192 1317 3226 rum
1352 3205 1418 3229 non
1448 3190 1700 3235 Apocrisarios.
1738 3192 1788 3227 Hi
1810 3195 1899 3226 enim
1926 3190 2120 3230 habitabant

1248 3243 1280 3275 in
1305 3242 1496 3279 Placidiano
1521 3241 1652 3278 Palatio
1673 3267 1683 3282 ,
1721 3243 1871 3285 quotidie
1897 3243 2122 3277 communica·

1247 3291 1323 3326 bant
1345 3292 1492 3335 Principi
1514 3292 1548 3324 in
1574 3293 1804 3327 secretioribus
1826 3292 1993 3332 consiliis,
2019 3294 2056 3325 in
2072 3292 2123 3325 so*

1249 3343 1338 3375 lenni
1366 3343 1568 3377 Divinorum
1589 3343 1776 3376 officiorum
1798 3341 1991 3385 Apparitura
2012 3351 2124 3383 proce·

1229 3390 1368 3472 ldebant
1392 3404 1469 3429 cum
1491 3392 1698 3435 Patriarcha,
1723 3392 1886 3438 atque-ita
1909 3390 2126 3438 exsequeban-

2023 3451 2077 3476 tur
