2352 3756
52 181 102 218 ΕΡ·
124 190 168 217 79·

50 908 127 946 Cap.
142 917 186 939 ιι,

577 111 877 145 sentimum
913 95 1231 143 ROMANUM
1268 93 1650 138 Conexum.

220 182 311 225 scopi
334 182 375 216 ad
397 182 506 216 nescio
528 194 624 227 quem
646 181 794 226 Epistola
818 181 859 215 de
875 179 971 216 variis
983 178 1095 213 Eccle-

221 232 337 265 siarum
359 232 493 266 ritibus:
523 233 699 276 Presbytero·
712 232 903 267 benedicendi
921 243 953 263 os
974 242 1032 262 non
1053 230 1095 261 al-

222 281 328 325 ligabit
340 305 350 322 ‚
375 281 431 323 nisi
445 295 485 317 ex
506 284 660 325 Praecepto
679 281 817 325 Episcopi
821 279 870 324 su}
892 306 898 311 .
927 281 1020 324 ,Quod
1028 278 1094 312 obli·

223 331 406 376 tusfueram
427 356 437 371 ‚
459 333 631 375 prohibetur
651 341 753 378 tamen
775 330 934 375 Agatbenst
954 334 1075 363 Canone
1090 353 1097 361 .

224 380 281 415 Ad
302 383 468 418 undecimi
483 384 584 418 saeculi
595 382 766 418 exordium
776 380 947 420 Fulbertus
963 380 1072 414 floruit
1088 403 1098 419 ‚

221 440 321 474 atque
340 433 384 468 ita
401 443 480 469 tunc
493 435 616 467 videtur
626 434 724 471 etiam
738 431 803 465 haec
818 430 1026 466 cousuetudo
1037 441 1099 464 coe-

224 482 301 524 pisse
322 506 329 514 .
363 482 456 515 Hinc
477 483 624 518 Fulberti
659 482 703 519 de
727 483 792 525 ipsa
810 480 968 524 judicium
989 481 1101 514 nescio

223 531 296 575 quis
317 532 493 575 postulavit
514 558 525 575 ,
547 534 584 567 ὅ(
606 531 824 566 nonobstante
847 530 1026 576 Agathensi
1039 531 1102 564 Ca·

224 591 332 623 none,
358 581 528 617 Fulbettus
546 582 710 626 respondit
724 582 825 625 ipsam
843 591 908 614 non
926 580 1101 623 impedien-

221 631 298 665 dam
311 653 319 665 ·
348 631 544 675 Agathenfis
564 634 686 667 Canon
700 643 779 665 tunc
793 630 914 665 abierat
926 631 960 663 in
974 640 1100 664 tantam

220 681 491 724 desuetudinem,
516 694 554 717 ut
576 693 687 717 tantus
712 681 838 716 Dostor
864 680 962 724 ipsius
975 691 1042 713 non
1056 690 1101 712 re-

223 731 408 766 cordaretur
427 757 434 763 .
463 734 620 776 Opposita
643 730 846 766 consuetudo
870 729 1027 774 paulatim
1056 729 1102 763 in-

222 781 329 814 valuit
350 792 404 824 per
424 793 559 817 omnem
583 782 756 816 Ecclesiam
783 805 790 813 .
830 779 964 813 Etenim
988 777 1101 812 Guido

223 828 360 869 Abbas,
383 830 442 872 qui
462 832 578 865 eodem
601 832 714 865 saeculo
738 829 848 864 floruit
868 828 902 862 ὃς
924 829 1039 862 docuit
1067 829 1099 861 in

219 879 340 919 Italia,
366 879 497 914 scribit.-
524 882 601 914 Adeo
629 887 660 914 in
670 878 754 922 usum
761 882 830 921 jam
841 876 1100 922 usquequaqueve-

222 933 271 964 itit
291 928 355 963 haec
385 930 544 964 benedictio
563 954 573 970 ,
609 938 641 963 ut
670 940 857 973 nequaquam
880 927 989 971 absque
1007 935 1100 973 gravi

217 977 363 1025 'standalo
383 982 402 1013 ti
424 981 602 1021 presbyteris
624 986 655 1013 in
674 981 783 1022 populo
792 985 988 1021 praetermitti
995 979 1099 1020 poffit.

223 1028 297 1070 Nisi
305 1028 389 1070 forte*
413 1031 566 1073 Apfflolica
581 1033 671 1064 Sedes
678 1032 860 1074 generaliter
872 1031 906 1063 (π
917 1031 1099 1067 synodaliter

219 1079 376 1123 probibere
386 1081 509 1116 notuerit
518 1107 528 1118 ,.
561 1080 636 1124 Ejus
647 1090 756 1115 tamen
772 1078 964 1113 venerabilis
978 1080 1097 1121 Ruper-

223 1139 297 1169 ms,
323 1129 380 1174 qui
399 1131 443 1165 ad
461 1129 648 1165 duodecimi
663 1130 765 1164 saeculi
787 1129 960 1163 exordium
982 1127 1096 1162 docuit

224 1179 462 1215 Coloniensem
482 1192 519 1215 ac
545 1180 759 1215 Leodiensem
778 1179 955 1213 Ecclesiam
982 1203 993 1218 ,
1029 1190 1096 1212 non

225 1230 396 1263 meminit.
425 1229 469 1264 Et
490 1229 528 1264 ad
539 1231 680 1273 ejusdem
693 1230 795 1264 saeculi
808 1228 952 1263 medium
966 1228 1097 1262 Sanetus

225 1279 408 1313 Bernardus
427 1281 611 1314 constanter
631 1281 769 1315 affirmat
801 1280 904 1323 ipsam
933 1279 1034 1313 etiam
1057 1278 1097 1314 ab

226 1328 413 1364 Abbatibus
426 1355 436 1370 ,
463 1332 539 1364 licet
562 1330 810 1365 Pontificalium
827 1339 1097 1363 ornamentorum

224 1390 269 1413 ex
293 1378 488 1422 Apostolico
510 1381 687 1425 Privilegio
711 1378 865 1414 haberent
889 1380 1003 1419 usum,
1030 1389 1097 1412 non
1122 1420 1123 1423 Ἴ

571 1430 738 1479 roirca
758 1428 824 1472 ejus
835 1431 911 1463 usus
926 1439 1007 1462 tunc
1019 1440 1102 1462 non·
1122 1445 1124 1447 ·

222 1430 366 1472 :potuisse
384 1431 543 1473 praesumi.

225 1479 305 1512 dum
315 1489 382 1512 erat
394 1481 583 1514 universalis
594 1506 601 1514 .
627 1478 796 1527 Qnimo
805 1480 839 1513 in
851 1478 941 1513 libris
948 1478 987 1513 de
1000 1478 1102 1512 Miffae

164 1560 168 1563 t
225 1528 386 1562 sacrificio
408 1528 622 1564 Innocentius
643 1530 778 1570 tertius,
806 1528 892 1563 hanc
906 1528 1100 1564 benedictio-

49 1892 110 1924 Lib.
135 1903 161 1925 ι,
178 1902 208 1924 r.

49 2269 121 2315 ca'p.
137 2266 187 2317 ἑο.

224 1589 302 1611 nem
321 1577 475 1619 laudans,
503 1581 626 1623 semper
645 1580 726 1614 dicit
745 1581 816 1613 fieri
841 1579 883 1614 ab
907 1579 1071 1623 Episcopo
1092 1601 1103 1617 ,

224 1625 408 1671 Presbyteri
422 1629 544 1664 nullam
556 1630 636 1667 facit
648 1630 850 1670 mentionem
863 1654 870 1661 .
892 1629 1004 1676 Qare
1016 1629 1102 1662 Pres-

224 1676 409 1720 byteralem
430 1679 691 1715 benedictionem
703 1690 783 1714 tunc
797 1678 939 1712 necdum
952 1677 1100 1724 probarat

226 1727 382 1762 Romana
400 1729 541 1764 Ecclesia
564 1756 570 1763 .
609 1730 715 1772 Ipsam
735 1728 801 1772 jam
825 1728 949 1772 pridem
981 1726 1099 1762 indidit

226 1777 287 1812 suo
310 1778 454 1815 Missali.
481 1779 578 1814 Adeo
601 1787 718 1823 potens
738 1779 783 1812 est
803 1778 1006 1812 consuetudo
1020 1803 1027 1812 .

276 1827 412 1862 Affidue
430 1829 547 1872 loquor
567 1829 609 1864 de
632 1828 847 1872 presbyterali
858 1828 1101 1863 benedictione.

225 1877 360 1912 Etenim
386 1880 589 1924 Episcopalis
611 1903 623 1921 ,
656 1878 755 1914 etiam
776 1878 846 1921 post
871 1883 916 1912 Ite
939 1878 1026 1921 Miffa
1044 1877 1103 1919 est,

225 1925 411 1963 benedictio
430 1930 480 1964 est
504 1928 647 1964 omuino
675 1929 898 1972 antiquissima
918 1953 926 1960 .
962 1929 1016 1963 De
1037 1929 1102 1972 ipsa

224 1978 335 2013 scribit
358 1980 393 2012 in
414 1980 535 2014 animae
554 1991 686 2024 gemma
708 1979 881 2014 Honorius
893 1978 1103 2023 Augustodu-

225 2029 348 2062 nenfis:
376 2030 617 2064 Benedieiaonem
629 2027 832 2071 Episcopalem
853 2029 1007 2061 Martialis
1030 2032 1103 2070 Epi·

221 2076 348 2121 scopus,
377 2078 570 2120 Apostolorum
593 2077 754 2121 discipulus
773 2102 784 2118 ,
808 2089 846 2110 ex
857 2077 1021 2121 magisterio
1031 2082 1103 2120 Apo-

220 2128 358 2169 stolorum
375 2130 520 2162 tradidit.
549 2130 703 2162 Omnino
724 2138 766 2165 ex
791 2128 1029 2170 Apostolorum
1042 2139 1104 2161 ma·

225 2178 378 2222 gisterio.
406 2179 540 2213 Etenim
550 2177 720 2213 Simonem
734 2177 930 2212 Pontificem
943 2202 952 2218 ,
971 2177 1004 2210 ὅτ.
1016 2177 1106 2211 obla-

227 2238 261 2262 ta
282 2238 337 2271 per
360 2227 466 2271 ipsum
489 2228 647 2261 sacrificia
668 2227 779 2261 laudat
806 2225 887 2261 liber
910 2226 1105 2261 Ecclesiasti-

224 2288 284 2312 cus
296 2302 306 2317 ‚
331 2277 526 2323 &adjungit
544 2275 588 2311 de
610 2277 751 2320 ipsorum
773 2277 983 2312 conclusione
998 2291 1008 2311 .-
1027 2280 1106 2310 Tunc

226 2328 404 2371 descendens
424 2331 646 2363 simonmanus
661 2326 735 2370 suas
757 2329 866 2361 extulit
880 2332 912 2360 in
920 2339 1034 2360 omnem
1043 2338 1103 2360 con·

222 2384 423 2421 gregationem
438 2377 565 2420 filiorum
585 2375 676 2419 lsrael
685 2378 894 2422 dareglon'am
909 2380 972 2411 Deo
982 2379 1002 2409 ἃ
1014 2377 1103 2410 labiis

222 2427 291 2470 suis
304 2451 315 2467 ‚
341 2429 376 2461 Θ·
396 2433 431 2461 in
451 2434 567 2461 nomine
583 2427 672 2470 ipfius
686 2429 829 2472 gloriari.
861 2427 1041 2471 Completo
1062 2428 1103 2461 sa·

226 2477 356 2512 crificio
372 2500 382 2516 ,
399 2478 559 2522 populum
570 2478 759 2515 solemniter
771 2477 940 2515 benedixit
952 2490 962 2521 ·,
987 2489 1027 2512 ex
1040 2476 1104 2511 avi-

227 2538 264 2562 to
286 2538 397 2570 more;
424 2527 459 2562 dc
479 2528 613 2562 elevatis
634 2527 807 2563 manibus.
848 2527 953 2575 Qod
977 2527 1103 2562 benedi-

227 2588 307 2611 cens
327 2577 486 2612 Pontifex
507 2588 624 2611 manus
647 2579 679 2610 in
701 2587 843 2621 quatuor
862 2577 979 2613 mundi
994 2578 1105 2622 plagas

226 2637 394 2665 moveret,
422 2638 520 2671 atque
532 2627 577 2661 ita
588 2627 693 2661 crucis
703 2628 833 2671 signum
840 2625 1030 2672 prophetice
1042 2628 1105 2661 for-

226 2687 352 2718 maret,
380 2676 537 2712 testantur
556 2677 734 2721 gravissimi
757 2678 967 2719 interpretes.
996 2677 1104 2712 Etiam

227 2727 298 2771 post
315 2727 452 2762 suumin
466 2727 635 2762 novissima
647 2727 754 2762 Coena
766 2728 975 2760 incruentum
989 2727 1105 2761 sacrifi·

227 2777 318 2812 cium
340 2776 488 2812 Christus
512 2777 681 2812 Dominus
706 2775 793 2811 dixit
814 2775 977 2820 hymnum
1000 2801 1011 2817 ,
1046 2778 1102 2821 qui

227 2824 318 2862 haud
341 2826 441 2862 dubie
463 2827 589 2862 inclusit
613 2827 718 2862 fusam
738 2826 774 2862 in
785 2826 963 2869 discipulos
974 2826 1105 2863 benedi-

227 2876 387 2912 aionem.
416 2877 509 2913 Hinc
518 2878 600 2923 ergo
611 2879 628 2911 a
642 2878 822 2923 synagoga
833 2875 984 2911 usitatum
996 2900 1007 2916 ,
1031 2877 1065 2913 δε
1087 2878 1105 2912 a

227 2925 364 2961 Christo
383 2928 537 2963 Domino
555 2928 790 2963 confirmatum
812 2938 936 2961 morem
952 2928 1104 2970 Apostoli

225 2976 432 3012 tradiderunt
452 2978 516 3013 suis
533 2978 704 3022 discipulis
717 3002 729 3019 ,
751 2977 931 3013 &sanstus
943 2977 1104 3013 Martialis

229 3025 373 3061 traduxit
384 3027 417 3060 in
433 3028 606 3063 Ecclesiam
618 3029 843 3063 Gallicanam.
856 3048 858 3051 v
871 3026 1042 3074 Qidquid
1056 3028 1105 3070 fit,

229 3076 292 3111 esse
312 3076 569 3117 antiquissimam
589 3079 748 3114 evincunt
777 3077 904 3114 adducti
937 3078 1103 3113 Gallicani

228 3126 401 3161 Canones.
431 3127 500 3160 Hic
513 3128 681 3170 praesertim
694 3128 952 3163 Aurelianensis:
981 3130 1026 3162 De
1035 3128 1105 3173 Mis-

222 3175 264 3217 fis
290 3178 388 3209 nullus
416 3180 575 3212 Laicorum
585 3186 656 3211 ante
668 3177 824 3221 diftedat‚
847 3180 939 3221 quum
951 3180 1101 3213 Dominica

228 3227 348 3260 ditatur
368 3232 460 3258 oratio
483 3250 490 3257 .
528 3229 574 3260 Et
586 3226 618 3270 fi
637 3226 803 3273 Episcopus
822 3227 957 3272 praefi’ns
982 3228 1102 3272 fuerit,

227 3278 294 3317 ejus
318 3276 477 3309 benedictio
496 3276 697 3321 exspeeietur.
726 3277 844 3313 Vastas
863 3278 1035 3314 Dioeceses
1045 3278 1101 3315 ha·

229 3324 283 3359 bet
300 3327 476 3360 Gallicana
491 3327 648 3368 Ecclesia,
674 3327 813 3373 ideoque
823 3329 1020 3372 oppidorum
1034 3354 1045 3370 ‚
1065 3341 1102 3365 ac

226 3378 402 3421 praesertim
420 3387 578 3422 pagorum
601 3377 759 3413 sacrificio
787 3378 939 3416 rarissime
968 3379 1100 3416 aderant

1170 1577 1251 1612 nodi

1167 1637 1220 1661 aut
1242 1625 1360 1669 Pascha
1381 1628 1455 1662 alibi
1478 1629 1534 1671 mfi
1551 1631 1595 1662 ad
1613 1629 1770 1676 Ecclefiam
1790 1629 1878 1673 suam
1901 1653 1910 1668 ‚
1932 1637 2047 1671 praeter

1168 1676 1362 1718 infirmitatis
1386 1677 1552 1723 incursum,
1578 1689 1633 1712 aut
1656 1681 1787 1713 ordinem
1814 1684 1960 1723 Regium,
1985 1681 2051 1712 cele-

1867 111 1962 157 249

1164 177 1336 221 Episcopi:
1364 176 1408 209 Et
1429 184 1537 209 tamen
1556 188 1669 211 eorum
1681 179 1860 217 benedictio
1871 181 1918 216 est
1930 192 2029 226 popu·

1160 227 1200 265 lis
1229 225 1467 260 frustuofiffima
1489 250 1499 265 ³
1536 226 1638 259 imm&
1669 229 1805 265 subinde
1834 233 2026 267 necessaria.

1159 277 1252 311 Hinc
1270 277 1382 311 statuit
1395 274 1593 320 Agathenfis
1603 278 1776 318 synodus:
1799 285 1835 312 Ut
1845 288 1927 316 cives
1942 307 1952 321 ,
1978 286 2028 327 qui

1162 325 1284 370 Pascbae
1297 351 1306 367 ,
1333 328 1459 364 Natalis
1482 329 1622 367 Domini,
1650 329 1701 358 vel
1722 330 1896 369 pentecostes
1918 332 2031 375 festivi-

1160 377 1273 415 tatibus
1293 388 1358 411 cum
1382 374 1537 422 Epiftopis
1555 376 1686 421 interesse
1697 379 1895 420 neglexerint,
1925 384 2031 415 camin

1160 427 1340 464 civitatibus
1362 432 1573 460 communionis
1596 426 1647 464 vel
1663 426 1877 462 benedifflonn
1890 437 2032 472 accipien-

1164 480 1213 511 dae
1234 476 1325 521 ,causa
1335 476 1439 520 positor
1458 475 1492 519 se
1513 477 1588 520 ,noffe
1611 477 1757 518 debeant,
1785 481 1912 514 triennio
1930 481 2031 511 ‹icom-
2050 494 2124 532 βψ,
2142 500 2189 529 35,

1163 532 1299 562 munione
1315 534 1478 570 priventur
1489 526 1637 569 Ecclqli'ae.
1669 527 1713 561 Et
1726 527 2037 571 EpaonenfisSyno·

1165 578 1225 612 dus
1238 603 1245 609 .
1274 581 1311 610 Ut
1332 583 1414 611 cives
1434 576 1615 620 superiorum
1635 579 1785 614 natalium
1807 577 1887 612 noc‘le
1912 577 2037 622 Paschae

1166 639 1199 661 ae
1220 633 1409 665 Nativitatis
1435 631 1554 663 Domini
1568 626 1755 670 solemnitate
1778 626 1937 672 Episcopos
1950 653 1960 668 ,
1987 640 2038 662 nec

1166 678 1281 717 interest
1298 684 1332 711 in
1350 677 1456 720 quibus
1476 678 1650 711 civitatibus
1657 676 1760 720 pofitos
1772 702 1783 718 ‚
1809 681 1977 722 accipiendo
1990 679 2042 714 be-

1168 729 1340 762 nedit‘lionis
1360 726 1499 769 defiderio
1520 734 1662 762 noverint
1684 731 1863 770 expetendos
1885 755 1890 761 .
1937 726 2042 775 Qiod

1170 778 1271 820 ipsum
1294 802 1305 819 ,
1332 778 1407 813 licet
1426 777 1624 821 accipiendae
1645 778 1883 813 benedictionis
1907 790 1973 812 non
1998 780 2045 812 fa-

1167 827 1255 861 ciant
1277 829 1453 872 expressam
1478 829 1690 870 memoriam,
1717 830 1866 862 sanciunt
1889 827 2042 871 synodus

1170 876 1397 919 Arvernensis,
1419 887 1530 923 quarta
1543 879 1800 921 Aurelianensis,
1830 880 1932 922 prima
1943 880 2043 912 Mati·

1169 928 1349 969 sconenfis,
1377 929 1410 962 ὃς
1433 930 1525 963 tertia
1539 928 1785 974 Lugdunensis.
1813 929 1979 963 Mandant
2005 938 2042 962 ut

1167 988 1283 1012 omnes
1306 979 1409 1012 torius
1437 978 1625 1021 Dioeceseos
1646 979 1803 1014 honorati
1830 980 1917 1013 cives
1939 978 2042 1013 tribus

1170 1027 1235 1060 istis
1252 1028 1335 1061 anni
1354 1028 1579 1063 festivitatibus
1601 1030 1803 1064 conveniant
1832 1030 1872 1063 ad
1896 1029 2042 1063 solemne

1170 1078 1215 1112 sui
1241 1078 1393 1121 Episcopi
1414 1077 1627 1120 sacrificium,
1652 1088 1751 1122 atque
1774 1080 1818 1114 ita
1832 1091 1897 1114 non
1911 1081 2042 1114 tantum

1169 1138 1226 1170 pro
1248 1129 1310 1161 sese
1323 1152 1346 1169 ‚-
1360 1127 1413 1163 sed
1433 1129 1532 1162 etiam
1557 1140 1616 1172 pro
1630 1129 1694 1163 suis
1706 1130 1881 1173 oppidis&
1893 1131 1983 1174 pagis
1994 1140 2044 1163 ac-

1167 1177 1291 1221 cipiant
1313 1177 1382 1221 eJus
1400 1177 1685 1214 benedictionem.
1715 1179 1914 1224 Epaonensis
1937 1180 2044 1223 Syno-

1167 1227 1227 1261 dus
1237 1227 1382 1261 addidit:
1410 1228 1647 1270 Necinteresiin
1660 1229 1765 1272 quibus
1786 1230 1972 1263 Civitatibus
1991 1238 2043 1272 po-

1162 1277 1231 1319 sitos
1245 1300 1254 1310 .
1281 1276 1429 1326 Quidam
1443 1277 1675 1314 existimabant
1688 1280 1720 1313 se
1732 1291 1797 1313 non
1810 1280 1966 1324 adstringi
1983 1280 2041 1313 nisi

1168 1327 1207 1361 ad
1228 1328 1370 1362 civitatis
1395 1328 1430 1364 s&
1461 1326 1671 1366 Cathedralis
1695 1329 1836 1368 Bafilicae
1868 1332 2046 1363 accessum.

1168 1377 1271 1411 Hunc
1294 1379 1420 1412 sensum
1438 1378 1600 1423 improbat
1621 1380 1775 1422 Synodus
1801 1404 1811 1420 ‚
1847 1379 2047 1423 mandatque

1171 1427 1368 1471 Episcopum
1381 1453 1391 1469 ,
1418 1428 1452 1462 in
1475 1439 1684 1474 quocumque
1697 1431 1756 1463 suae
1769 1431 1956 1464 Dioeceseos
1969 1429 2046 1463 loco

1169 1489 1248 1511 tunc
1271 1479 1421 1520 synaxim
1434 1477 1624 1520 celebraret,
1650 1479 1777 1514 accedi.
1808 1480 1851 1513 Et
1864 1477 1942 1513 hinc
1957 1481 2051 1513 intel-

1169 1527 1250 1572 liges
1270 1528 1423 1570 quintum
1445 1527 1621 1563 Canonetn
1636 1530 1738 1565 tertiae
1751 1529 1979 1574 Lugdunensis
1991 1529 2048 1571 Sy-

1277 1591 1284 1610 :
1323 1580 1362 1611 Ut
1386 1578 1483 1612 nullus
1505 1578 1715 1622 Episcoporum
1738 1581 1880 1612 Natalem
1906 1581 2050 1618 Domini,

2049 300 2118 339 Cip⁴
2136 305 2181 335 63.

1167 1725 1426 1770 brarepraesumat
1436 1752 1443 1762 .
1470 1728 1630 1762 Statuitur
1642 1728 1705 1763 hoc
1720 1741 1787 1763 non
1799 1729 1929 1765 tantum
1941 1729 1976 1762 in
1989 1729 2054 1762 Ca-

1169 1775 1325 1811 thedralis
1345 1777 1511 1819 civitatis,
1541 1777 1593 1813 sed
1603 1779 1702 1813 etiam
1714 1779 1747 1813 in
1760 1779 1899 1824 gratiam
1913 1777 2053 1812 honora·

1173 1835 1282 1861 torum
1297 1827 1435 1862 inomni
1452 1828 1591 1863 Dioecesi
1612 1829 1759 1869 civium,
1787 1830 1843 1873 qui
1867 1829 1936 1862 istis
1961 1828 2051 1863 festis

1169 1876 1335 1912 debebant
1362 1876 1624 1912 benedifflonem
1650 1879 1818 1914 accedere.
1849 1878 1974 1913 Verum
1998 1878 2053 1912 hic

1169 1927 1308 1961 accessus
1327 1926 1390 1961 fuit
1412 1928 1660 1964 difficultatibus
1682 1930 1716 1964 &
1740 1928 1963 1965 incommodis
1993 1929 2054 1963 ob-

1170 1977 1308 2011 noxius:
1329 1977 1420 2012 Hinc
1433 1976 1630 2021 pedetentim
1644 1979 1724 2013 abiit
1739 1979 1772 2013 in
1786 1979 2033 2013 desuetudinem
2045 2003 2052 2011 .

1172 2026 1213 2060 Et
1225 2038 1305 2061 tunc
1317 2027 1525 2063 parochiales
1536 2028 1722 2072 Presbyteri
1737 2041 1904 2072 coeperunt
1916 2031 1978 2063 sbae
1991 2030 2055 2074 ple·

1171 2075 1201 2110 bi
1214 2077 1249 2111 in
1261 2077 1359 2112 Mina
1373 2075 1561 2115 benedicere
1573 2104 1580 2111 .
1608 2079 1724 2114 Primo
1738 2082 1771 2115 in
1787 2080 1913 2123 magnis
1924 2080 2056 2115 dumta-

1171 2134 1226 2160 xat
1239 2125 1468 2163 festivitatibus
1479 2150 1488 2167 ‚
1514 2127 1635 2163 deinde
1648 2129 1688 2163 ad
1702 2129 1843 2171 singulas
1858 2130 1970 2163 Missas
1996 2141 2053 2172 pu·

1171 2174 1270 2210 blicas
1292 2200 1299 2208 .
1338 2176 1382 2210 Et
1409 2177 1468 2210 iste
1493 2188 1566 2211 mos
1587 2178 1721 2212 tandem
1742 2178 1863 2222 ubique
1885 2178 2051 2212 obtinuit.

1171 2226 1270 2260 Hanc
1290 2224 1385 2262 credo
1405 2227 1468 2263 effe
1491 2239 1597 2263 veram
1609 2227 1839 2271 presbyteralis
1854 2229 2052 2264 benedictio-

1171 2286 1221 2310 nis
1243 2286 1424 2321 originem.

1221 2326 1353 2361 Interim
1378 2327 1581 2372 Episcopalis
1608 2327 1791 2363 benedictio
1805 2330 1925 2373 semper
1936 2330 2050 2363 mansit

1171 2377 1203 2411 in
1216 2378 1270 2411 sua
1280 2377 1443 2421 dignitate
1454 2404 1464 2418 ,
1491 2380 1613 2423 semper
1632 2379 1765 2412 retinuit
1779 2382 1883 2423 plures
1894 2380 2050 2414 charatste-

1171 2438 1218 2461 res
1231 2451 1241 2467 ‚
1264 2427 1380 2471 quibus
1393 2427 1647 2473 presbyteralem
1660 2428 1916 2463 benedictionem
1929 2431 1960 2463 su
1967 2442 2050 2472 pere-

1171 2478 1328 2512 mineret,
1358 2478 1400 2512 Et
1421 2488 1501 2513 tunc
1516 2489 1590 2514 nata
1603 2479 1648 2513 est
1664 2481 1800 2513 samosat»
1816 2479 1928 2513 harum
1954 2481 2049 2514 bene-

1169 2528 1351 2561 distionum
1373 2526 1540 2563 distinctio
1565 2555 1572 2563 .
1604 2529 1648 2563 Et
1671 2529 1805 2563 istorum
1827 2530 2047 2564 charaiietum

1171 2577 1323 2620 Episcopi
1337 2578 1459 2621 semper
1470 2580 1600 2613 fuerunt
1613 2579 1794 2613 zelosiffimi
1808 2605 1813 2611 .
1840 2581 1922 2626 Joan
1929 2591 1983 2613 nes
1995 2579 2048 2614 de·

1169 2628 1272 2661 cimus
1294 2628 1427 2661 ostavus
1448 2653 1458 2670 ,
1495 2640 1592 2671 quem
1615 2628 1670 2661 alii
1694 2630 1884 2673 vigesimum
1908 2630 2048 2669 dicunt,

1170 2678 1290 2720 primus
1305 2677 1437 2721 incoepit
1451 2677 1637 2712 Abbatibus
1649 2681 1834 2724 permittere
1855 2691 2048 2714 ornamenta

1170 2725 1376 2761 pontificalia
1394 2739 1400 2759 z
1432 2727 1475 2760 Et
1495 2739 1620 2772 quanto
1646 2729 1771 2772 impetu
1787 2730 1940 2773 Episcopi
1953 2731 2047 2764 inter·

1169 2777 1338 2816 cesserint,
1365 2777 1486 2811 docent
1498 2779 1587 2823 plura
1601 2780 1721 2822 tragica
1737 2781 1907 2823 exempla.
1937 2780 1981 2813 Et
2006 2792 2049 2815 ta-

1170 2839 1242 2862 men
1255 2827 1305 2860 isti
1319 2827 1492 2872 privilegio
1503 2829 1642 2863 necdum
1655 2829 1757 2863 inerat
1769 2830 1904 2867 facultas
1920 2830 2047 2873 Episco-

1169 2877 1249 2922 palis
1268 2876 1517 2912 benedictionis.
1545 2878 1639 2912 Hinc
1650 2879 1739 2914 enim
1753 2880 1921 2917 adversum
1935 2881 2049 2914 infula·

1169 2939 1221 2963 tos
1242 2927 1389 2962 Abbates
1400 2928 1560 2963 declamat
1573 2929 1605 2963 in
1621 2929 1736 2966 litteris
1747 2931 1787 2964 ad
1800 2932 1982 2965 Henricum
1994 2931 2047 2964 Se·

1168 2979 1345 3014 nonensem
1367 2976 1664 3024 Archiepiscopum
1685 2981 1819 3015 Sanetus
1841 2980 2041 3014 Bernardus:

1167 3033 1230 3062 Cur
1241 3040 1297 3061 non
1305 3026 1446 3071 &sacros
1457 3030 1578 3063 ordines
1589 3029 1762 3073 celebratis,
1789 3032 1823 3065 δ’
1834 3032 1915 3063 dans
1928 3030 2043 3063 benedi«
2066 3036 2116 3072 Ep·
2136 3046 2183 3070 μ,

1166 3079 1440 3120 lironesinpopulis
1455 3080 1471 3111 ?
1499 3079 1651 3115 Omnino
1665 3081 1792 3115 videtur
1805 3080 1896 3123 loqui
1910 3091 1977 3113 non
2002 3081 2043 3114 de

1170 3129 1380 3172 presbyterali
1403 3128 1633 3165 benedictione
1655 3156 1666 3173 ‚
1693 3131 1746 3164 sed
1767 3130 1808 3164 de
1836 3131 2035 3176 Episcopali.

1166 3181 1270 3225 Ipsam
1283 3190 1349 3213 non
1369 3179 1479 3215 minus
1489 3181 1584 3226 quam
1598 3182 1758 3215 sacrorum
1769 3179 1935 3215 Ordinum
1947 3180 2044 3216 colla-

1166 3233 1291 3265 tionem
1316 3230 1422 3264 censet
1447 3231 1632 3275 Episcopali
1656 3230 1810 3274 dignitati
1834 3231 2042 3266 reservatam.

1169 3282 1315 3315 Primum
1328 3278 1423 3322 hujus
1434 3279 1672 3315 benedictionis
1696 3279 1809 3314 dandae
1832 3281 2041 3325 privilegium

1168 3333 1265 3366 Petro
1276 3330 1425 3364 Cavensis
1437 3331 1521 3374 apud
1533 3330 1703 3364 Salernum
1716 3330 1912 3364 celeberrimi
1927 3331 2044 3365 Mona-

1169 3383 1252 3418 stetii
1265 3380 1400 3415 Praelato
1411 3380 1546 3416 donavit
1561 3380 1719 3415 Urbanus
1731 3381 1904 3415 secundus.
1931 3380 2043 3417 H;›bes

1893 3430 1995 3474 diplo-
