2352 3756
80 689 166 729 EpIst.
199 699 245 720 12.

68 2031 128 2063 lib.
152 2042 179 2066 9·

66 2071 145 2110 epist.
159 2081 189 2106 4.

70 2724 131 2755 lib·
158 2732 185 2760 3.

69 2774 133 2803 cap·
158 2774 204 2795 70.

777 63 1583 114 CouctLIABULum,

272 154 437 191 frustratus
452 178 460 185 .
488 151 541 184 Ex
552 148 603 184 his
625 144 754 183 interim
769 145 860 181 vides
873 170 884 186 ,
909 143 1000 189 quod
1011 145 1150 203 Guiber·

264 216 338 244 tus,
365 204 441 237 licet
463 202 482 236 ὲ
495 200 679 235 Brixinenfi
696 206 863 232 conventu
886 197 1012 254 evetius
1031 207 1065 229 in
1079 196 1149 230 An-

264 255 425 298 ti-Papam
439 277 450 292 ,
476 263 545 285 non
558 247 751 285 valedixerit
764 246 1123 283 Ravennat1.Ecc1es12
1139 271 1150 287 ,

261 305 338 347 quia
355 303 471 347 nempe
483 300 592 336 adhuc
605 298 757 334 manebat
778 296 957 341 Gujbertus
969 320 982 337 ,
1006 295 1149 332 necdum

267 364 333 388 erat
346 354 501 389 Clemens
520 352 651 386 tertius.
1068 383 1069 387 Ἰ
1101 397 1108 404 ¹

313 405 446 438 Interim
460 402 642 446 Gregorius
657 410 724 433 non
736 395 860 433 destitit
882 395 1011 432 studere
1029 396 1149 431 exstin-

262 455 397 501 guendo
425 451 611 487 schismati.
640 447 774 483 Etenim
797 446 831 480 in
854 446 969 479 litteris
998 447 1039 483 ad
1060 447 1149 480 Mar-

264 506 346 540 chiae
365 504 526 538 Firmanae
545 527 557 543 ,
581 497 758 537 Thusciae‚
788 498 820 532 δε
842 496 1022 531 Ravenatis
1048 497 1148 530 Exar-

265 556 379 591 chatus
407 552 543 586 Clerurn
568 551 602 586 δε
627 548 785 592 populum
808 546 946 587 affirmat
974 546 1146 582 Ravenna-

263 614 330 640 tem
351 602 527 637 Ecclefiam
555 601 649 634 fuifl'e
673 598 754 631 olim
782 595 1061 639 opulentissimam
1080 620 1091 636 ,
1113 596 1146 629 ὃς

263 654 359 698 plene
382 651 555 695 subjestam
578 647 777 693 Apostolicae
798 646 910 687 Sedis,
938 654 1034 689 atque
1047 645 1146 687 prose-

263 706 373 748 quitur
388 717 399 737 .-
428 704 520 743 Cujus
545 706 704 741 antiquum
728 698 814 731 decus
834 701 865 727 in
882 694 1089 736 spiritualibus
1113 696 1146 728 (¹2-

258 753 455 799 saeculari'bus
475 749 609 795 profedio
636 749 701 785 cum
729 743 940 787 reminiscimur
959 768 973 789 ,
1010 755 1068 778 non
1084 742 1145 784 fine

255 811 351 848 gravi
385 812 502 835 maerore
528 810 592 832 eam
618 804 706 832 tanta
730 794 932 833 devastatione
956 793 1021 826 labo
1030 803 1149 827 rantem.

259 865 338 888 nunc
360 855 523 885 cernimus.
551 851 597 880 Et
620 855 653 883 ut
677 844 810 886 apertius,
831 844 1007 886 intelligatis
1032 869 1042 884 ,
1066 846 1144 881 certe

254 900 460 947 perversorem
504 923 515 939 ,
548 894 807 939 deflrudi'oremque
842 894 910 934 ejus
949 893 1141 940 Guibertum‚

259 955 372 988 dicium
386 945 637 990 Arcbiepiscopum
651 969 662 985 ,
688 949 731 976 ita
744 944 922 986 Religionem
943 943 1143 986 eJ'us‘disper-

260 990 384 1046 iiidiffe,
410 999 532 1036 &bona
556 993 733 1038 dilapidaffle
756 1004 813 1025 non
840 997 944 1029 minori
957 992 1028 1034 fere
1045 994 1143 1027 dolore

253 1054 447 1097 fhffirimus,
473 1048 563 1091 qutim
581 1044 610 1086 fi
628 1046 705 1081 idem
725 1041 841 1086 sanc‘lae
853 1045 998 1080 Romame
1010 1042 1141 1084 Ecclefiae

253 1113 312 1146 pro
330 1101 387 1145 sua
411 1100 539 1133 audacia
555 1095 686 1139 fecisset.
712 1093 821 1130 Verum
843 1091 908 1125 cum
931 1103 1040 1130 caetera
1050 1093 1141 1134 facia

257 1155 336 1187 illius
360 1149 589 1193 perpenduntur
610 1169 622 1185 ,
647 1143 710 1177 baec
736 1153 794 1175 non
820 1143 975 1183 tantopere
999 1144 1140 1180 miranda

258 1204 401 1236 videntur
429 1224 436 1231 .

258 1251 480 1295 &infidelitate
493 1251 670 1282 committere
692 1254 749 1276 non
771 1246 889 1281 timuit,
918 1247 1024 1288 quique
1035 1251 1136 1278 contra

258 1301 355 1345 ipsam
382 1298 567 1342 Apostolicam
590 1295 717 1334 sedem,
741 1298 786 1325 cui
800 1294 1015 1334 perjuraverat
1036 1317 1047 1332 ,
1072 1304 1136 1326 con-

251 1352 370 1395 spirare
392 1359 449 1392 pro
470 1353 590 1389 minimo
612 1344 738 1382 babuit,
762 1353 884 1384 eamque
906 1343 1053 1380 invadere
1067 1348 1136 1386 cogi.

257 1413 329 1434 tans
352 1427 363 1443 ,
386 1399 487 1433 eodem
508 1397 590 1431 modo
615 1394 747 1435 diffipare
773 1391 1012 1431 vehementiffime
1034 1399 1136 1434 cupit,

258 1451 342 1487 borno
361 1448 573 1495 superbiffimus
592 1469 603 1485 ‚
631 1443 826 1484 nefandorum
843 1439 983 1484 scelerum
996 1441 1053 1483 fibi
1073 1453 1136 1477 con-

256 1501 359 1543 scius,
386 1504 431 1532 cui
449 1498 555 1532 mirum
567 1494 666 1530 videri
687 1492 795 1538 debet,⁴
810 1491 840 1532 fi
846 1492 958 1532 adepta
975 1491 1136 1533 potestate,

260 1552 310 1585 ubi
331 1553 435 1589 licuit,
461 1553 507 1580 ita
526 1544 560 1589 se
581 1542 706 1577 babuit?
733 1542 792 1580 sed
811 1541 888 1574 illius
903 1541 1048 1582 facinora
1066 1552 1135 1576 com·

257 1610 417 1634 memorare
426 1594 615 1640 supersedeo,
641 1604 708 1636 quae
716 1600 774 1633 per
797 1598 889 1624 totum
914 1595 1080 1625 Romanum
1091 1605 1135 1628 or-

257 1649 322 1684 bem
337 1648 370 1692 se
388 1648 609 1690 prodiderunt,
628 1651 687 1684 pro
709 1640 816 1683 quibus
840 1639 901 1685 ipse
920 1646 952 1673 in
970 1640 1079 1684 fanilla
1089 1645 1134 1680 55-

258 1702 332 1735 nodo
343 1703 445 1735 Roma,-
464 1694 611 1733 celebrata
631 1695 762 1728 omnium
774 1687 984 1736 Episcoporum
999 1695 1048 1732 qui
1067 1691 1133 1723 ade-

259 1759 330 1783 rant
354 1747 475 1793 consona
488 1745 639 1790 sententia
659 1767 669 1782 ,
696 1744 764 1785 jam
790 1752 827 1774 ex
852 1745 979 1774 triennio
998 1764 1010 1781 ,
1029 1740 1133 1784 gladio

258 1798 462 1833 anathematis
487 1795 549 1838 fine
570 1792 624 1836 spe
651 1795 880 1833 recuperationis
904 1791 1051 1833 percuffus
1077 1789 1130 1830 est.

256 1852 309 1881 Ea
333 1861 394 1882 nont
408 1851 619 1889 praeterierunt
640 1846 778 1875 notitiam
788 1839 927 1879 vestram.
960 1840 1044 1894 Qae
1063 1851 1132 1896 0113-

250 1899 307 1932 nia
323 1897 502 1940 Gregorius
519 1893 634 1936 repetit
656 1892 690 1924 in
702 1889 828 1924 duabus
852 1889 1057 1944 sequentibus
1067 1900 1130 1932 epr-

249 1948 359 1982 fiolis.
389 1947 431 1980 Et
458 1945 493 1978 in
513 1940 648 1987 epistola
669 1939 709 1974 ad
732 1937 937 1973 Defiderrum
963 1937 1128 1972 Cassinen·

250 2000 318 2032 sem
334 1995 498 2030 Abbatem
509 2018 520 2035 ,
539 2004 577 2025 ac
591 1991 749 2024 Romanae
762 1987 908 2021 Ecclefiae
919 1986 1126 2022 Cardinalem

251 2046 482 2088 Presbyterum
495 2067 505 2082 ,
533 2039 704 2083 adjungit:
730 2041 775 2070 Tu
798 2036 942 2079 vero'ipse
962 2036 1103 2080 cognoscis
1116 2060 1126 2077 ,

255 2103 328 2139 quia
347 2095 375 2137 fi
392 2106 442 2127 nos
457 2103 538 2125 amor
554 2088 677 2132 justitiae
701 2088 734 2120 Θ
757 2085 846 2118 bonor
861 2084 976 2131 sanHae
994 2085 1126 2127 Ecclefiae

252 2159 312 2180 non
323 2154 454 2183 teneret,
480 2151 599 2182 tamque
617 2146 728 2181 pravae
742 2136 892 2174 voluntati
910 2139 1000 2179 Regis
1023 2134 1124 2179 &suo-

251 2208 317 2229 rum
333 2197 470 2229 vellemus
477 2191 608 2233 favere,
634 2188 734 2227 nullus
757 2185 921 2227 aliquando
939 2186 1124 2228 Praedcceffo·
1150 2198 1152 2201 ’

249 2259 316 2279 rum
332 2244 492 2284 nostrorum
514 2240 552 2272 ab
565 2235 787 2280 Antecefforibus
798 2234 925 2279 Regibus
938 2260 949 2276 ,
971 2234 1023 2279 seu
1032 2240 1121 2269 etiam

251 2292 472 2337 Archiepiscopis
494 2315 504 2331 ,
530 2289 645 2333 utique
669 2285 918 2320 Ravennatrbus
938 2309 950 2325 ,
974 2294 1038 2318 tam
1057 2297 1119 2318 am-

247 2348 331 2386 plum
351 2348 383 2377 (τ
397 2345 534 2374 devotum
550 2337 730 2382 servitium,
751 2334 824 2378 ficut
846 2347 898 2368 nos
914 2336 952 2368 ab
975 2334 1025 2368 hoc
1041 2339 1120 2381 Rege

249 2398 283 2428 (s'
294 2394 343 2426 hoc
357 2388 571 2433 Arcbiepiscopo
582 2413 592 2428 ,
621 2386 725 2421 babere
732 2393 893 2428 potuerunt
901 2409 908 2416 .
934 2386 1041 2419 Verum
1053 2396 1118 2427 quo-

251 2450 332 2477 niam
349 2444 462 2475 illorum
476 2445 572 2472 minas
591 2435 761 2480 &servitia
777 2442 833 2476 pro
856 2433 945 2468 nibilo
959 2435 1092 2467 ducimus
1107 2458 1117 2473 ,

249 2500 345 2537 magis
362 2517 372 2532 ,
391 2491 420 2533 fi
435 2488 544 2532 necesse*
560 2486 657 2530 fuerit
677 2511 688 2526 ,
716 2494 836 2519 mortem
853 2483 996 2527 suscipere
1016 2489 1117 2524 parati

248 2551 376 2582 erimus,
402 2542 491 2583 quam
513 2536 711 2580 impietatibus
730 2546 826 2581 eorum
847 2532 989 2577 offensum
1001 2533 1118 2592 praebf-

247 2605 280 2625 re
301 2618 307 2624 .
333 2590 464 2637 Qibus
484 2601 526 2622 ex
547 2587 649 2620 verbis
675 2583 831 2618 habemus
857 2584 924 2616 duo
951 2608 957 2615 .
981 2582 1123 2640 .¹'‘¹¹¹¹⁰.’'

246 2641 334 2686 quod
357 2643 391 2675 ἀ
402 2639 566 2674 Henricus
586 2636 620 2669 δε
632 2634 808 2668 Guibertus
817 2633 899 2666 olim
910 2634 1027 2666 fuerint
1039 2644 1116 2666 arnt-

246 2696 275 2726 ci
289 2691 468 2735 Gregorio,
480 2690 510 2722 &
522 2686 630 2721 conati
646 2686 679 2718 in
690 2682 845 2717 omnibus
855 2683 978 2726 placere
991 2706 998 2714 .
1013 2681 1115 2729 Qdd

247 2746 372 2775 Domino
387 2739 440 2784 suo
449 2742 585 2782 Gregorio
591 2733 715 2778 septimo
727 2736 822 2774 Papae
837 2731 994 2775 fidelitatis
1013 2735 1114 2766 Sacra-

246 2801 348 2825 menta
362 2785 699 2829 Guibertuspraestiterit
714 2809 723 2824 ‚
749 2786 782 2818 (5
795 2782 992 2816 obedientiam
1010 2793 1114 2816 novem

245 2848 332 2874 annis
359 2839 524 2873 exhibuerit
544 2861 555 2877 ,
582 2835 689 2868 scribit
716 2835 749 2867 in
778 2831 970 2866 Caffinensis
996 2832 1114 2887 Mona:

247 2892 330 2924 iterii
346 2890 517 2924 Chronico
529 2888 597 2920 Leo
608 2883 765 2920 Ostiensis
777 2883 969 2926 Episcopus.
999 2882 1112 2939 Secun-

245 2941 289 2974 do
315 2939 467 2973 habemus
489 2962 500 2978 ,
538 2935 627 2980 quod
650 2934 844 2975 assumptum
873 2934 906 2965 in
931 2932 1110 2988 Brixrnenfi

245 2991 422 3024 Conventu
442 2988 602 3030 Papatum
626 2983 803 3018 Guibertus
823 2981 1052 3016 circumtulerit
1071 2983 1110 3016 ad

244 3040 347 3073 solum
361 3037 511 3081 Gregorii
531 3045 704 3074 terrorem,
730 3042 860 3075 paratus
882 3032 1062 3088 deponere,
1091 3033 1111 3066 si

246 3089 411 3132 placuisset
438 3086 601 3130 Gregorio
629 3083 669 3117 ad
695 3081 761 3124 ejus
786 3082 819 3115 &
846 3082 983 3136 Henrrci
1011 3081 1111 3138 Regis

242 3141 375 3173 crimina
389 3136 576 3170 connivere.
605 3134 683 3175 Ejus
694 3143 798 3166 mores
812 3130 930 3165 ibidem
943 3131 1111 3174 insigniter

242 3188 388 3233 depingit
402 3187 471 3219 Leo
484 3209 495 3225 ‚
521 3183 641 3218 addens
660 3183 833 3216 Dementis
844 3183 940 3224 quarn
959 3181 1108 3215 Clemen-

242 3242 281 3274 tis
295 3237 428 3271 nomine
451 3234 543 3268 fuisse
556 3231 738 3277 digniorem
749 3256 756 3262 .

292 3289 362 3322 Nec
374 3284 502 3319 tanthrn
516 3282 648 3326 propriae
660 3281 824 3319 Ecclefiae,
854 3280 905 3314 sed
928 3281 1027 3314 etiam
1041 3280 1108 3315 sub-

240 3339 384 3373 ditorum
403 3335 458 3371 sibi
483 3331 756 3366 Monasteriorum
781 3330 868 3365 bona
894 3330 1007 3365 invasit
1027 3331 1108 3366 Gui-

339 3385 443 3427 christ.
457 3387 535 3427 Lupi
546 3386 644 3426 Opera
657 3383 687 3413 T.
701 3384 751 3413 VI.

465 1197 585 1242 Quippe,
615 1189 666 1237 qui
691 1194 854 1235 periurium.
877 1192 914 1225 de
942 1191 1139 1225 inobedientia
1164 1207 1167 1211 ·

1930 94 1950 136 3
1965 92 2019 135 25

1196 144 1342 187 -bertus,
1368 159 1405 180 ac
1426 148 1635 193 dilapidavit.
1663 157 1796 193 Sanstus
1817 158 1928 194 Petrus
1955 163 2085 197 Damia-

1213 196 1270 238 ni,
1297 197 1409 231 nimiis
1421 209 1480 240 pro
1493 203 1666 241 reparanda
1684 206 1830 243 Ecclefiae
1848 210 2018 252 disciplina
2043 213 2085 246 la-

1214 245 1348 282 boribus
1368 246 1498 281 lassatus
1523 249 1556 282 &
1576 251 1693 287 stacius
1715 279 1725 293 ,
1750 258 1932 293 Ostiensem
1954 260 2084 303 Episco-

1212 307 1326 342 patum
1338 296 1511 341 deposuit,
1538 299 1572 333 ἀ
1584 299 1616 332 se
1628 301 1790 348 clausit-in
1805 310 1911 348 nescio
1924 321 1991 354 quo
2010 322 2084 353 pau·

1213 358 1287 391 pere
1306 347 1511 395 Ravennatis
1533 347 1690 383 Dioecefis
1710 352 1932 398 Monasterio,
1959 359 2028 394 illic
2049 362 2083 395 se

1212 408 1325 440 parans
1340 397 1381 431 ad
1399 398 1609 433 tremendum
1628 400 1693 434 Dei
1713 400 1886 443 judicium.
1913 407 2083 444 Videtur-2⁵

1212 447 1375 482 Guiberto
1394 447 1488 481 fuiffe
1508 448 1683 490 invitatus,
1713 450 1822 484 verum
1845 455 1951 495 poste&
1972 461 2083 494 tracta-

1212 507 1263 532 tus
1285 497 1414 541 pessime
1432 523 1438 530 .
1469 499 1602 533 Etenim
1621 499 1655 532 in
1675 499 1760 535 datis
1782 501 1822 536 ad
1843 503 1947 545 ipsum
1967 506 2081 542 litteris

1212 548 1408 587 lamentatur
1422 549 1454 581 se
1465 558 1525 582 nec
1539 548 1580 582 ad
1591 549 1659 592 ejus
1668 550 1787 586 faciem
1798 551 1950 594 admitti,
1976 554 2082 599 flagel-

1211 597 1268 630 lari
1289 598 1323 630 in
1337 598 1425 639 dies,
1453 598 1517 640 pati
1529 610 1615 632 acres
1637 600 1806 636 verborum
1829 603 1940 648 plagas
1949 627 1960 643 ,
1986 615 2081 648 atque

1211 646 1362 692 adjungit
1377 652 1392 679 ':
1420 651 1496 681 Ecce
1525 673 1536 688 ,
1555 650 1773 690 Clementifflme
1794 657 1918 687 Domine
1936 678 1947 694 ,
1974 663 2080 689 caetera
2097 654 2153 699 Lib.
2181 658 2213 693 3·'

1210 697 1388 737 Monasteria
1402 695 1458 740 sub
1468 699 1525 730 alis
1550 697 1758 741 misericordiae
1783 702 1886 742 vcstrae
1907 703 2081 747 illesaperfi-
2094 693 2172 732 eiust·
2185 705 2211 732 5⁴

1203 746 1286 787 stunt
1297 771 1308 787 ,
1334 749 1368 781 ὁ*
1392 757 1457 779 cum
1471 746 1629 790 securitate
1651 750 1684 785 ὁ·
1701 755 1890 786 immunitate
1906 757 1969 787 Deo
1987 754 2082 798 deser-

1210 802 1298 830 viunt
1309 810 1323 839 ,-
1350 796 1401 830 boc
1419 806 1516 832 autem
1535 796 1628 840 solum
1648 824 1658 839 ,
1686 812 1723 834 ex
1741 812 1796 842 quo
1816 806 1848 834 in
1867 804 1944 836 illud
1964 807 2081 848 ingredi

1203 846 1375 889 precepistis
1386 871 1397 887 ,
1426 857 1468 883 tot
1479 855 1569 889 patet
1589 849 1787 890 invasionibus
1815 847 1975 894 &rapinis
1997 854 2081 889 obno-

1208 901 1314 937 xium,
1342 906 1374 930 ut
1397 895 1454 939 nisi
1469 909 1554 931 mens
1577 899 1672 939 vestra
1684 901 1735 934 vel
1743 901 1959 943 nuncflecPatur
1977 906 2081 938 admi-

1205 944 1396 990 sericordt'am
1416 971 1427 987 ,
1445 949 1516 988 jam
1542 950 1685 983 videatur
1700 950 1845 992 funditus
1870 952 2081 996 desolandum.

1207 998 1254 1028 Sic
1273 1001 1372 1038 itaque
1394 997 1498 1030 domus
1518 1001 1575 1031 Dei
1590 1007 1646 1041 per
1667 1009 1697 1034 te
1719 1002 1839 1035 videtur
1855 1007 1886 1035 in
1897 1008 1958 1036 ima
1967 1005 2081 1046 dejici,

1203 1055 1259 1087 per
1279 1058 1366 1088 quem
1381 1045 1581 1089 sperabatur,
1609 1052 1670 1083 Deo
1691 1051 1774 1085 vobis
1793 1061 1962 1093 cooperante
1976 1078 1987 1094 ,
2012 1056 2080 1088 coelo

1206 1105 1294 1128 tenus
1317 1097 1466 1129 exaltari.
1493 1099 1703 1141 Quapropter,
1726 1102 1910 1144 gloriofiffime
1931 1107 2078 1146 Domine,

1201 1145 1278 1186 fusis
1304 1146 1458 1185 lachrymis
1485 1150 1530 1179 ad
1552 1147 1674 1192 vestigia
1698 1151 1795 1190 vestra
1820 1164 1916 1186 corruo
1940 1178 1950 1193 ,
1973 1152 2079 1196 sande

1199 1192 1336 1232 'Pietatis
1359 1195 1471 1238 viscera
1493 1198 1614 1238 imploro
1632 1220 1642 1236 ,
1666 1208 1700 1231 ut
1718 1198 1883 1243 secundum
1902 1206 2080 1237 Gravitatis

1206 1243 1298 1286 vestre
1316 1246 1511 1286 prudentiam
1541 1253 1735 1282 memineritis
1760 1257 1885 1285 retinere
1905 1253 2081 1297 flagellum,

1198 1297 1268 1335 jam
1291 1300 1414 1336 ponatis
1438 1303 1481 1327 tot
1500 1295 1748 1339 persecutionibus
1776 1303 1894 1335 modum
1917 1326 1929 1342 ,
1964 1304 2080 1337 dicente

1205 1349 1329 1377 Domino
1350 1353 1405 1386 per
1429 1346 1629 1387 Prophetam:
1654 1350 1734 1381 Dum
1755 1351 1945 1385 conturbatus
1956 1351 2054 1393 fueris
2066 1377 2081 1394 ,

1204 1400 1237 1426 in
1259 1399 1307 1427 ira
1329 1393 1526 1437 misericordie
1546 1408 1654 1432 memor
1669 1405 1728 1432 eris
1740 1424 1747 1432 .
1776 1405 1842 1435 Nec
1857 1407 2000 1445 gravetis
2006 1401 2082 1445 san-

1203 1443 1280 1482 c‘lum
1301 1447 1392 1478 Iocum
1417 1443 1512 1478 adbuc
1534 1444 1696 1488 auferendo
1713 1456 1889 1490 pecuniam,
1912 1463 1999 1493 quem
2009 1462 2081 1486 tan-

1204 1502 1267 1527 tam
1280 1493 1546 1535 Ecclefiasticarum
1560 1507 1657 1529 rerum
1677 1498 1762 1538 nostis
1767 1501 1839 1540 jam
1853 1501 2002 1544 pertuliffe
2023 1504 2079 1543 ja-

1202 1544 1317 1577 t‘luram
1341 1570 1348 1577 .
1374 1544 1494 1577 Tantae
1518 1545 1684 1590 dignitatis
1707 1549 1741 1582 ἀ·
1762 1559 1859 1584 tantae
1879 1549 2078 1586 humilitatis

1203 1595 1307 1628 virum
1335 1594 1520 1629 excruciare
1547 1619 1558 1635 ,
1594 1595 1726 1640 ejusque
1752 1600 1896 1636 sanetum
1921 1602 1954 1635 ἃς
1980 1602 2077 1645 inops

1202 1644 1437 1679 Monasteriurn
1459 1645 1602 1689 expilare
1623 1643 1724 1684 homo
1749 1648 1914 1694 improbus
1924 1662 1992 1687 non
2004 1663 2077 1690 eru·

1201 1692 1288 1728 buit.

1250 1741 1355 1780 Porro
1376 1744 1578 1781 Geberardus
1588 1748 1834 1794 Salisburgenfis
1848 1751 2075 1795 Archiepisco-

1198 1804 1257 1836 pus
1279 1796 1360 1828 reste
1377 1796 1496 1839 scripsit
1517 1797 1714 1832 Guibertum
1736 1812 1804 1834 non
1825 1802 1858 1835 in
1871 1802 1990 1842 unica,
2016 1802 2072 1838 sed

1198 1844 1230 1876 in
1255 1843 1397 1886 pluribus
1410 1845 1572 1880 Romanis
1593 1850 1735 1891 Synodis
1751 1850 1844 1886 fuifle
1855 1853 2049 1886 damnatum
2061 1874 2070 1886 .

1196 1891 1305 1926 Prima
1315 1893 1377 1927 suit
1388 1906 1500 1938 quarta
1519 1897 1619 1930 nostri
1633 1898 1783 1943 Gregorii
1796 1900 1966 1942 Synodus:
1994 1902 2070 1936 The-

1195 1941 1316 1975 baldum
1354 1945 1467 1978 diHum
1503 1946 1754 1990 Arcbiepiscopum
1796 1950 2039 1995 Mediolanensem
2052 1977 2064 1992 ‚

1194 1993 1228 2025 ὁ·
1251 1995 1462 2028 Ravennatem
1481 1995 1653 2029 Guibertum
1677 2022 1688 2037 ,
1713 2002 1851 2033 inaudita
1870 2001 1962 2042 bfrefi
1976 2001 2066 2045 &su-

1188 2042 1294 2083 perbia
1321 2043 1470 2077 adversus
1491 2044 1569 2079 hanc
1589 2044 1728 2089 sanc‘lam
1753 2049 1938 2084 catholicam
1965 2054 2065 2086 Eccle-

1184 2089 1260 2131 fiam
1277 2089 1311 2133 se
1331 2094 1505 2126 extollentes
1525 2115 1535 2133 ,
1561 2096 1601 2127 ab
1621 2096 1793 2139 Epist-opali
1809 2101 1894 2141 officio
1913 2100 2062 2144 suspendi-

1190 2151 1255 2172 mus
1267 2163 1278 2180 ,
1304 2142 1339 2174 δ’
1351 2143 1493 2183 olimjam
1502 2142 1620 2183 faHum
1638 2146 1799 2179 anathema
1805 2147 1895 2190 super
1916 2149 1993 2194 ipsos
2014 2157 2062 2184 in-

1189 2200 1351 2223 novamus.
1378 2190 1608 2226 Anathematis
1617 2196 1745 2229 causam
1755 2198 1893 2240 exponit
1913 2199 1947 2232 in
1960 2200 2059 2236 Gaffi-

1189 2241 1292 2276 nenfis
1315 2241 1510 2275 Monasserii
1529 2241 1700 2278 Chronico
1720 2244 1791 2280 Leo
1813 2248 1970 2283 Ostienfis
1980 2249 2058 2294 Epi-

1187 2290 1302 2333 scopus
1330 2302 1337 2322 :
1375 2295 1459 2324 Anno
1483 2295 1636 2335 Dominice
1670 2299 1886 2331 Incarnationts
1912 2299 2056 2341 millesimo
2094 2333 2099 2338 ,

1182 2338 1387 2384 septuagesimo
1403 2339 1529 2384 septimo
1549 2342 1697 2377 Matbiide
1719 2348 1868 2390 Comitr'ffa
1879 2352 2001 2393 Ligurie
2021 2352 2054 2387 Θ·
2068 2333 2129 2403 gb·
2157 2345 2185 2372 3·

1187 2387 1308 2431 Thuscie
1326 2414 1337 2430 ,
1363 2397 1439 2423 iram
1466 2395 1658 2433 ImperatorIs
1680 2397 1797 2429 Henrici
1818 2397 1873 2440 fibi
1898 2410 2052 2442 metuens,
2103 2382 2130 2413 p·
2151 2386 2201 2413 ⁴9.

1185 2441 1339 2482 Liguriam
1365 2442 1399 2474 Θ
1425 2440 1579 2484 Thusciam
1600 2446 1777 2478 Provincias
1803 2451 1942 2492 Gregorio
1967 2453 2051 2494 Papo

1185 2487 1329 2531 &sande
1350 2494 1481 2533 Romane
1505 2491 1627 2534 Ecclefie
1649 2495 1822 2535 devotiffimi?
1839 2499 1957 2534 obtulit.
1988 2508 2050 2544 Hec

1180 2548 1248 2582 ergo
1269 2537 1356 2581 causa
1376 2537 1452 2574 int'er
1465 2541 1636 2583 Pontificem
1657 2545 1867 2581 &Romanum
1888 2553 2049 2593 Imperium

1181 2586 1349 2631 dffensionis
1360 2591 1394 2623 (ν
1404 2592 1464 2623 odii
1467 2591 1605 2631 fomitem
1618 2594 1797 2634 ministravit
1807 2624 1814 2631 .
1842 2599 1944 2635 Tunc
1957 2603 2050 2636 Hen-

1179 2639 1263 2671 ricus
1288 2639 1420 2673 intravit
1445 2640 1572 2675 Italiam
1591 2663 1611 2682 ·,
1636 2642 1822 2689 studuitque
1853 2648 1887 2682 <Sc
1914 2650 2049 2686 Mathil·

1179 2687 1248 2722 dim
1275 2689 1308 2722 δε
1332 2689 1528 2734 Gregorium
1555 2702 1669 2735 capere
1685 2718 1698 2734 ‚
1723 2707 1760 2729 ac
1783 2696 1876 2740 hujus
1902 2701 1936 2733 in
1959 2701 2047 2737 thro·

1179 2749 1254 2772 num
1270 2737 1429 2773 intrudere
1442 2740 1656 2776 Guibertum.
1684 2744 1728 2777 Et
1746 2744 1813 2780 haec
1835 2749 1966 2793 quidem
1989 2753 2047 2796 Sy·

1178 2787 1282 2821 nodus
1300 2800 1368 2823 non
1393 2790 1536 2830 inflixit,
1563 2791 1617 2826 sed
1643 2793 1849 2830 solummodo
1872 2799 2044 2836 innovavit

1175 2837 1345 2873 anathema
1367 2851 1374 2872 ε
1403 2840 1532 2884 Utique
1552 2841 1570 2876 ὲ
1592 2843 1685 2878 tertia
1723 2845 1859 2888 synodo
1886 2848 2042 2886 inflistum

1176 2888 1207 2922 in
1233 2899 1347 2922 omnes
1373 2891 1551 2934 generatim
1579 2892 1681 2938 Regis
1714 2895 1852 2931 Henrici
1880 2899 2038 2934 fautores.

1175 2939 1320 2972 Secunda
1346 2940 1415 2983 ejus
1448 2941 1617 2976 damnatio
1651 2943 1713 2977 suit
1740 2945 1833 2987 plena
1861 2948 2039 2991 depositio,

1174 2988 1293 3022 inflicta
1307 3000 1360 3032 per
1373 2990 1520 3032 quintam
1534 2991 1685 3036 Gregorii
1701 2995 1887 3037 Synodum.
1918 2998 2012 3032 Istam
2025 3023 2038 3039 ,

1175 3039 1247 3072 licet
1261 3039 1437 3080 synodalia
1454 3040 1536 3075 Asta
1549 3042 1674 3076 nullam
1685 3044 1804 3077 faciant
1814 3047 2013 3081 mentionem
2025 3072 2037 3087 ,

1173 3090 1308 3132 exponit
1329 3087 1484 3123 Pontifex
1504 3094 1793 3136 arqueexsequirur
1815 3095 1848 3127 in
1862 3095 1976 3130 litteris
1993 3098 2034 3132 ad

1173 3139 1396 3173 Ravennatem
1425 3140 1623 3174 Ecclefiam.
1652 3142 1857 3183 Tyrannicas
1884 3145 2036 3183 Guiberti

1171 3188 1418 3231 depraedationes
1431 3213 1441 3229 ,
1472 3190 1600 3233 aliaque
1623 3191 1764 3225 facinora
1777 3204 2034 3239 commemorat,

1171 3249 1265 3280 atque
1285 3239 1503 3281 prosequitur:
1531 3242 1590 3274 Sed
1618 3245 1689 3282 quia
1711 3240 1756 3272 bis
1777 3244 1886 3283 malis,
1910 3246 2033 3290 aliisque
2050 3255 2110 3285 Lib.
2130 3261 2158 3286 6.

1170 3290 1260 3330 quam
1280 3288 1416 3328 plurimis
1447 3289 1572 3332 flagitiis
1599 3294 1731 3322 irretitus
1757 3299 1845 3335 atque
1880 3297 2031 3339 pollutus,
2049 3296 2124 3334 epist.
2141 3307 2184 3326 10.

1171 3350 1206 3372 ne
1242 3343 1325 3382 argui
1356 3338 1442 3380 posset
1483 3347 1572 3381 atque
1604 3345 1735 3373 convinci
1772 3365 1783 3382 ,
1815 3342 1949 3388 superbiq
1980 3349 2033 3389 fa-

1609 3388 1682 3423 Ee
1936 3398 1983 3437 stu
