2352 3756
345 123 441 161 260

277 207 312 232 re
330 222 337 230 .
363 198 446 242 Qae
463 190 577 228 omnia
601 190 669 227 late
691 194 834 228 referunt
856 192 976 230 vetusti
996 191 1147 237 Anglica-

276 257 351 283 rum
363 255 466 280 rerum
484 244 677 288 Scriptores.

330 297 396 330 Res
405 293 451 328 est
462 292 561 328 altius
576 294 750 337 ‘repetenda
765 320 772 327 .
801 294 935 329 Etenim
947 292 1070 328 inflista
1079 290 1147 324 Ro-

279 345 370 380 berto
382 354 510 388 paterna
521 343 705 378 maledictio
726 355 794 379 non
809 344 912 379 caruit
934 344 1050 377 caufis.
1078 341 1146 374 Ha-

276 406 349 430 rum
372 394 560 439 praecipuatn
581 393 714 428 adducit
735 395 770 427 in
783 404 881 437 opere
901 393 942 427 de
959 392 1146 437 Anglorum

276 442 479 479 Pontificum
501 444 599 489 gestis
630 444 827 476 Guilielmus
853 440 1148 476 Malmesberienfis

277 494 471 530 Monasterii
497 492 766 528 Bibliothecatius
792 517 803 533 ‚
835 491 974 526 scribens
1011 489 1147 524 Guiliel-

277 555 370 579 mum
381 543 560 589 Anglicani
571 543 680 586 Regni
693 541 958 585 Conquaestorem
971 541 989 575 ὲ
1005 540 1147 574 Cantua-

277 595 428 629 riensium
450 592 706 635 Archiepiscopo
730 592 914 637 Stigando,
939 590 1031 635 quod
1054 589 1146 624 aRo-

278 655 381 679 mauae
392 643 539 677 Ecclesiae
549 642 785 677 communione
797 643 873 676 effer
885 641 1047 684 suspensus
1059 664 1069 680 ,
1092 650 1145 673 no-

129 703 191 734 Lib.
211 685 241 742 3,—
278 691 460 737 luiffeungi
473 694 506 725 in
518 691 645 736 Regem
660 716 670 732 ,
698 701 793 735 atque
817 691 1016 735 adjungens:
1043 689 1145 723 Aldre-

126 740 181 775 fol·
200 758 263 784 271·
277 745 335 777 dus
348 740 537 782 Eboracenfis
551 740 788 784 Archiepiscopus
808 740 1051 783 consicrationem
1064 745 1124 783 egit
1135 763 1146 780 ,

278 792 475 836 exaaeopriias
489 803 585 825 coram
604 797 681 823 omni
697 792 804 833 populo
817 792 1039 832 jurejurando,
1068 790 1150 832 qued

275 842 309 887 se
331 842 453 883 modeste
477 854 545 886 erga
559 839 690 884 subditos
710 849 830 884 ageret,
859 843 983 883 &aequo
996 842 1068 881 jure
1089 843 1148 873 An-

274 894 361 936 glos,
388 904 443 935 quo
454 891 777 931 Francosnradaret.
807 894 853 924 Et
864 897 910 924 ita
920 891 1025 930 illum,
1047 901 1149 932 quam·

279 944 333 976 diu
346 954 416 986 erga
421 941 488 985 suos
494 939 630 984 subditos
652 946 819 982 temperiem
842 941 988 976 babuerat
1004 965 1015 982 ‚
1042 941 1148 975 dilexit

278 1000 312 1026 ut
320 993 430 1034 prolem
444 1016 453 1032 ‚
478 1000 637 1024 veneratus
657 991 696 1031 est
717 1000 751 1024 ut
776 995 904 1034 Regem.
932 992 991 1025 sed
1008 992 1072 1024 cum
1094 997 1146 1023 im-

273 1042 430 1083 portabilis
442 1040 558 1073 Tributi
566 1039 690 1084 pensum
715 1043 734 1073 ᾶ
748 1042 986 1075 Provincialibus
998 1046 1127 1085 exigeret
1137 1065 1148 1082 ,

277 1097 413 1124 convenit
435 1102 498 1123 eum
517 1099 572 1131 per
585 1093 712 1134 Legatos
735 1090 858 1131 Anttstes
871 1117 881 1134 ‚
907 1104 977 1135 quos
1000 1092 1078 1135 «egre
1094 1091 1148 1124 ad·

277 1142 372 1183 missos
383 1152 446 1174 cum
457 1141 625 1173 turbulento
636 1138 781 1184 Responfii
799 1142 956 1186 abegisset,
982 1152 1039 1175 non
1056 1152 1151 1174 mora·

277 1200 326 1225 tus
337 1192 384 1224 ille
396 1190 610 1224 maledtffloms
625 1192 714 1223 telum
725 1195 756 1223 in
766 1191 850 1225 illum
876 1194 951 1226 &in
961 1203 1073 1225 omnem
1082 1193 1147 1231 ejus

277 1241 420 1274 vibrabat
438 1245 627 1284 progeniem.
653 1240 811 1282 Praefatus
829 1242 904 1285 poffe
928 1240 956 1282 se
976 1242 1149 1275 maledieta-

276 1302 344 1324 nem
362 1293 434 1324 dare
447 1297 567 1331 merito,
594 1294 645 1332 qui
656 1289 888 1326 benedictionem
909 1292 1029 1334 dediffet
1050 1296 1150 1324 Imme-

275 1346 349 1374 rito.
377 1343 472 1384 ‚Quod
492 1342 555 1373 cum
576 1341 702 1373 relatum
722 1341 786 1384 effer
797 1345 871 1386 Regi
883 1354 897 1382 ‚-
924 1347 1079 1374 amicorum
1099 1341 1150 1373 ad-

275 1398 435 1424 monitione
455 1392 595 1424 delinitus
608 1389 683 1432 misit
708 1396 758 1432 qui
770 1390 953 1434 Episcopum
975 1398 1145 1424 exorarent.

275 1444 484 1475 Verumtamen
499 1448 695 1482 praevenerat
716 1444 852 1473 Nunctos
878 1452 956 1473 mors
979 1439 1150 1479 Antistius,

275 1497 326 1533 qui
347 1503 384 1524 ex
397 1491 577 1535 aegritudine
597 1494 693 1521 animi
703 1489 850 1522 contrario
861 1489 956 1523 morbo
974 1489 1148 1523 decubuerat

275 1542 310 1574 (¹5
330 1540 441 1573 obierat
462 1564 468 1571 .
497 1539 578 1572 Non
607 1538 897 1584 solum‘populum
922 1565 931 1579 ,
970 1539 1024 1574 sed
1050 1539 1148 1573 etiam

277 1590 414 1623 Clerum
440 1587 642 1622 Guilielmus‘
649 1589 790 1623 vexabat
810 1589 999 1624 immodicis
1017 1590 1148 1623 exastio·

275 1640 372 1674 nibus
386 1664 393 1671 .
423 1640 496 1673 Has
506 1637 707 1680 compendio
729 1641 867 1683 exponit
877 1638 1054 1674 Matthaeus
1067 1638 1152 1673 Pari·

273 1690 381 1724 fienfis
395 1701 402 1721 :
431 1693 499 1722 Rex
509 1689 685 1737 §uincimus
697 1712 708 1729 ‚
715 1691 830 1731 peffimo
839 1689 906 1732 usus
915 1689 1024 1731 confilio
1035 1713 1045 1729 ‚
1054 1694 1152 1723 omnia

274 1742 436 1783 Anglorum
459 1737 636 1778 Monasteria
658 1748 730 1770 auro
737 1738 870 1781 spolians
893 1741 1078 1782 &argentm
1108 1745 1152 1771 in-

268 1787 451 1833 satiabiliter
470 1791 703 1830 appropriavit,
729 1790 818 1822 &ad
838 1790 954 1831 majora
970 1788 1084 1832 sandlae
1097 1791 1151 1820 Ec—

273 1839 361 1882 clefiae
381 1836 537 1880 opprobria
559 1837 698 1871 calicibus
728 1839 761 1870 (5
777 1837 904 1880 feretris
926 1849 985 1871 non
1004 1843 1150 1879 pepercit.

274 1888 476 1933 Episcopatus
492 1899 604 1930 quoque
625 1888 660 1920 ό·
671 1884 816 1920 abbatias
830 1899 928 1921 omnes
939 1910 950 1926 ,
975 1899 1041 1930 quae
1061 1890 1153 1920 Baro-

276 1938 343 1973 nias
368 1938 528 1978 tenebant,
555 1938 589 1971 et
604 1946 725 1969 eatenus
746 1937 786 1970 ab
812 1944 892 1971 omni
908 1936 1059 1981 servitute
1065 1936 1154 1980 saecu·

274 1992 334 2024 lari
349 1989 518 2023 libertatem
540 1985 708 2024 habuerant
725 2010 736 2026 ‚
757 1985 967 2030 subsit-vitute
980 1987 1087 2027 statuit
1098 1996 1155 2020 mt-

277 2042 386 2081 litari,
412 2039 577 2074 inrotulans
600 2036 727 2080 singulos
743 2036 944 2080 Episcopatus
967 2037 1154 2070 &Abbatias

274 2100 332 2135 pro
354 2089 510 2124 voluntate
530 2085 608 2130 sua,
633 2094 702 2128 quot
726 2088 835 2121 milites
841 2087 897 2129 fibi
918 2086 1153 2130 &succefforibus

275 2139 342 2185 suis
359 2163 370 2179 ,
403 2138 569 2179 hostilitatis
590 2144 719 2177 tempore
739 2161 750 2176 ,
775 2139 869 2170 voluit
894 2139 915 2169 ᾶ
933 2136 1051 2181 fingulis
1071 2137 1156 2170 exbi-

280 2191 363 2226 beri.
392 2192 468 2221 Huic
493 2186 690 2227 constitutioni
697 2187 821 2227 peffimae
833 2187 1009 2222 reluctantes
1027 2189 1156 2231 &Regno

279 2239 422 2284 fugavit.
449 2239 531 2271 solus
556 2242 635 2270 inter
659 2247 755 2269 omnes
771 2239 886 2282 Angliae
909 2239 1057 2271 Praelatos
1069 2239 1157 2280 Egel-

284 2297 402 2324 vvinus
435 2285 635 2329 Dunelmenfis
659 2284 826 2328 Episcopus
851 2313 861 2328 ‚
896 2290 969 2322 exul
988 2289 1021 2321 (ν
1035 2287 1156 2331 proscri-

281 2349 355 2384 ptus
370 2362 381 2378 ,
407 2340 503 2373 zelum
515 2340 572 2370 Dei
593 2335 707 2370 babens
722 2361 733 2377 ,
760 2343 1026 2372 excommunicavit
1037 2344 1157 2371 univer-

283 2390 334 2435 sos
356 2387 488 2431 Ecclefiae
509 2384 661 2429 invasores
685 2410 696 2426 ‚
724 2387 758 2420 o·
780 2398 878 2421 rerum
904 2387 1159 2430 Ecclefiasticarum

286 2448 423 2482 raptores
446 2463 453 2470 .
482 2437 591 2471 Etiam
623 2436 789 2471 Aldredus
822 2436 1094 2482 Arcliiepiscopus
1115 2437 1159 2471 ob

238 2524 241 2526 ,
288 2490 355 2525 hoc
383 2488 552 2533 praesertim
579 2487 707 2521 facinus
733 2487 827 2520 illum
854 2488 1025 2522 maledixit
1049 2513 1056 2520 .
1086 2488 1159 2521 Nec

289 2538 525 2574 tantummodo
542 2538 645 2581 ipsum
659 2561 670 2576 ,
697 2536 749 2571 sed
771 2538 948 2572 &omnem
971 2538 1039 2581 ejus
1051 2549 1162 2583 proge-

292 2591 380 2624 niem
395 2614 402 2622 .
432 2588 475 2622 Et
502 2587 741 2623 maledistionis
765 2588 846 2620 vires
863 2589 1065 2633 cognoscens
1089 2589 1161 2622 Rex

293 2640 420 2675 absolvi
442 2638 564 2672 studuit
587 2662 598 2678 ,
625 2647 658 2671 at
685 2648 753 2671 non
778 2639 964 2681 impetravit
985 2663 992 2670 .
1020 2638 1064 2672 Et
1086 2637 1163 2672 hinc

296 2702 364 2724 non
385 2700 533 2723 revocata
552 2687 738 2722 maledictio
752 2687 857 2731 ipsum
867 2688 1029 2732 compulit
1042 2688 1083 2723 ad
1097 2699 1162 2732 pro·

296 2741 368 2783 prio
387 2738 607 2784 primogenito
629 2737 915 2779 maledicendum,
940 2740 974 2773 δε
995 2739 1083 2772 suam
1105 2739 1164 2772 sca·

299 2790 387 2824 biem
398 2788 630 2822 traducendam
642 2789 676 2822 in
687 2799 803 2823 omnes
814 2789 888 2822 suos
900 2789 1060 2831 posteros.
1080 2789 1168 2835 Q·

301 2840 345 2873 les
357 2839 446 2871 enim
470 2837 504 2872 hi
517 2839 635 2872 fuerint
648 2863 658 2878 ,
685 2837 903 2872 demonstrare
916 2840 1010 2882 poffit
1028 2839 1167 2882 ipsorum

301 2888 394 2922 series
405 2886 540 2921 deducta
556 2889 573 2920 ὲ
587 2888 769 2921 Guilielmo
792 2888 883 2922 Rufo
906 2890 1007 2932 usque
1027 2889 1066 2922 ad
1079 2889 1168 2923 Hen-

302 2940 408 2972 ricum
431 2938 605 2971 ostavum.
646 2937 830 2971 Audiamus
866 2938 946 2980 quid
973 2939 1170 2981 compendio

119 1709 154 1739 Α.
174 1714 249 1740 ιοῚο

301 2988 419 3023 scribat
442 2987 484 3021 de
508 2987 580 3028 ipsis
602 2987 743 3030 Ioannes
755 2988 953 3022 Bromtonus
974 2988 1088 3023 Abbas
1109 2989 1171 3031 Jor-
1229 3006 1231 3009 v

156 3059 287 3090 A.1155·
305 3038 444 3073 nalenfis
468 3050 475 3069 ε
502 3035 670 3070 Richardus
690 3042 809 3078 primus
837 3039 949 3080 Angliae
976 3042 1043 3072 Rex
1063 3039 1172 3081 referre

300 3088 412 3134 solebat
437 3112 447 3127 ,
473 3087 597 3129 asserem
628 3098 684 3119 non
706 3087 757 3129 esse
779 3088 951 3120 mirandum
972 3114 983 3129 ‚
1014 3086 1039 3129 fi
1061 3091 1098 3122 de
1118 3091 1172 3122 tali

301 3150 408 3183 genere
414 3138 605 3179 procedentes
621 3134 932 3179 semutuoinfestent‚
960 3147 1115 3181 tamquam
1137 3140 1172 3172 de

308 3189 421 3222 diabolo
455 3192 604 3220 venientes
629 3209 640 3224 ,
677 3188 711 3219 so·
732 3187 776 3218 ad
798 3187 944 3220 diabolum
971 3187 1176 3231 transeuntes.

309 3240 393 3270 Unde
415 3239 447 3270 Co·
470 3238 599 3269 Clericus
623 3237 748 3278 quidam
772 3237 792 3267 ἃ
815 3240 892 3279 Rege
915 3244 1040 3273 Henrico
1050 3237 1176 3281 secundo

309 3287 353 3319 ad
361 3286 451 3328 filium
474 3286 767 3328 suum'Gaufredum
780 3288 951 3319 BritannIae
963 3292 1103 3321 Comitem
1123 3296 1176 3330 pro

307 3344 380 3379 pace
392 3335 580 3376 reformanda
592 3337 687 3378 miffus
703 3360 713 3375 ,
740 3335 789 3368 hoc
805 3337 825 3367 ἃ
841 3335 902 3377 filio
915 3340 1053 3370 audivit:
1081 3343 1175 3371 Num-

312 3385 386 3431 quid
410 3384 510 3424 venisti
532 3386 724 3421 exhaeredare
750 3398 794 3419 me
818 3387 854 3419 de
867 3388 940 3428 ‚iure
960 3399 1021 3422 meo
1043 3394 1147 3421 nativo
1160 3387 1176 3419 3²

653 111 696 156 S.
732 108 1053 157 Gneookn
1086 124 1314 156 sepum
1349 111 1704 160 P0N111=101s

1212 195 1299 223 Num
1324 195 1445 235 ignoras
1466 191 1517 224 boc
1529 193 1611 226 nobis
1629 195 1806 228 naturaliter
1816 192 1886 238 fore
1899 202 2053 241 proprium
2063 224 2074 240 ,

1210 241 1244 273 Θ
1255 239 1294 271 ab
1313 246 1419 274 atavis
1443 240 1585 283 insertum
1596 266 1607 282 ,
1631 252 1665 276 ut
1685 243 1811 283 nostrum
1828 248 1927 281 nullus
1945 250 2076 283 alterum

1208 289 1317 332 diligat
1341 290 1354 323 ?
1380 292 1455 325 Noli
1475 294 1540 335 ergo
1553 291 1671 333 frustra
1692 293 1824 327 laborare
1845 318 1856 334 ‚
1879 304 1914 328 ut
1933 307 2073 332 naturam

1205 341 1356 381 expellas.
1384 345 1432 375 De
1450 341 1501 380 isto
1521 353 1629 385 quoque
1649 348 1727 387 Rege
1747 349 1871 380 Henrico
1888 368 1900 384 ‚
1926 349 2073 387 quondam

1208 389 1357 431 infantulo
1371 415 1382 431 ,
1410 393 1486 426 &in
1509 395 1603 425 Curia
1626 396 1715 436 Regis
1738 399 1922 428 Francorum
1942 401 2073 439 nutrito,

1207 440 1311 474 beatus
1340 443 1519 475 Bernardus
1541 442 1642 476 Abbas
1655 447 1734 488 Rege
1749 442 2077 487 prasenteficpropbe·

1206 497 1306 525 tavit:
1335 495 1381 525 De
1393 491 1505 525 diabolo
1524 497 1628 534 venit,
1657 494 1742 527 &ad
1754 495 1900 529 diabolum
1910 494 1981 528 ibit.
2007 498 2074 527 No-

1206 551 1279 574 tans
1301 549 1357 584 per
1378 540 1430 575 hoc
1449 551 1512 575 tam
1533 544 1716 581 tyrannidem
1738 546 1840 577 Patris
1855 543 1904 588 sui
1926 543 2072 586 Gaufredi

1208 596 1331 625 Comitis
1356 591 1574 636 Andegavenfis
1596 617 1606 633 ,
1632 599 1683 635 qui
1707 593 1870 637 Sagiensem
1891 592 2073 637 Episcopum

1208 641 1461 676 eunuchizaverat
1485 665 1496 682 ‚
1520 653 1610 684 quam
1630 649 1723 676 etiam
1742 643 1823 683 istius
1850 650 1971 679 Hemici
1986 644 2074 685 futu-

1206 703 1273 725 ram
1284 698 1468 725 atrocitatem
1480 715 1491 732 ,
1518 703 1576 734 qua
1597 698 1629 726 in
1639 693 1758 727 beatum
1778 693 1920 726 Thomam
1941 698 2076 726 cantua-

1207 741 1330 786 riensem
1353 740 1603 785 Archiepiscopum
1623 741 1782 786 desaeviret
1807 768 1815 775 .
1842 744 1960 778 Eidem
1982 743 2076 778 Hen-

1209 793 1276 827 rico
1300 816 1312 833 ,
1336 793 1488 827 extremis
1507 793 1619 827 Terrae
1646 794 1758 827 sanstae
1780 793 1930 837 periculis
1952 793 2076 828 auxilia

1209 842 1382 887 deneganti
1404 868 1416 885 ,
1441 843 1474 879 δε
1493 843 1624 886 culpam
1643 843 1792 878 referenti
1819 845 1854 878 in
1873 845 1947 879 suos
1968 843 2079 882 filios,

1208 893 1346 936 reposuit
1367 891 1553 928 Patriarcha
1567 893 1905 937 Hierosolymitanus:
1934 898 2007 927 Non
2024 898 2076 926 mi·
2091 888 2127 918 Α·
2146 893 2231 927 ¹185-

1207 954 1292 984 rum,
1319 948 1390 986 quia
1398 943 1455 985 filii
1471 949 1516 977 tui
1527 944 1565 977 de
1584 943 1697 978 diabolo
1714 951 1861 978 venerunt
1876 968 1887 985 ,
1913 945 1947 978 (ν
1958 945 2001 976 ad
2010 944 2087 987 dia--

1207 993 1301 1026 bolum
1315 993 1401 1026 ibunt
1412 1017 1420 1025 .

1258 1044 1310 1077 De
1326 1038 1443 1077 eodem
1455 1042 1603 1077 He‘nrico
1624 1043 1786 1079 moriente
1804 1044 1913 1079 scribit
1928 1044 2077 1088 Rogerus

1210 1092 1411 1129 Hovedenfis
1434 1105 1441 1125 :
1470 1097 1617 1128 Henricus
1642 1093 1738 1126 :aeus
1763 1096 1857 1128 dolore
1875 1093 2051 1137 intrinsecus
2065 1117 2077 1135 ,
2093 1077 2151 1111 ¹³0¹·
2164 1084 2233 1117 ⁶54⁸

1209 1143 1364 1176 maledixit
1384 1143 1463 1183 diei,
1489 1147 1521 1174 in
1542 1155 1602 1185 qua
1624 1153 1713 1176 natus
1726 1143 1791 1184 fuit
1811 1167 1823 1184 ‚
1847 1146 1882 1177 ό*
1904 1144 2078 1177 maledidic-

1210 1205 1275 1226 nem
1287 1196 1344 1226 Dei
1366 1204 1400 1225 ac
1404 1191 1493 1235 suam
1510 1194 1594 1226 dedit
1611 1192 1685 1234 filiis
1691 1192 1776 1236 suis,
1805 1204 1894 1235 quam
1917 1204 2079 1235 numquam

1211 1245 1347 1276 relaxare
1357 1244 1452 1276 voluit
1464 1266 1475 1281 ,
1501 1243 1567 1276 licet
1578 1241 1717 1285 Epist-opi
1739 1245 1773 1277 (9·
1785 1248 1882 1278 caetert'
1893 1247 1952 1276 viri
1961 1239 2084 1286 religiofi

1210 1303 1274 1326 eum
1289 1292 1334 1324 ad
1353 1294 1565 1326 relaxationem
1576 1294 1789 1327 malediBtonis
1806 1292 1872 1334 suae
1878 1291 1992 1336 saepius
2008 1303 2081 1326 com-

1211 1341 1377 1385 moviffent.
1406 1341 1448 1376 Et
1468 1342 1547 1384 quid
1558 1340 1625 1377 haec
1645 1342 1832 1377 maledictio
1843 1343 1938 1377 fuerit
1950 1351 2081 1385 operata

1214 1392 1245 1424 in
1272 1390 1338 1425 istis
1360 1391 1435 1424 filiis
1456 1416 1466 1432 ,
1496 1392 1664 1434 praesertim
1687 1393 1722 1426 in
1744 1392 1870 1435 Joanne
1891 1391 2083 1436 Anglorum

1215 1441 1329 1486 Rege,
1354 1452 1476 1474 norunt
1491 1442 1751 1486 Anglicanarum
1761 1453 1866 1476 rerum
1879 1442 1973 1485 periti
1988 1465 1995 1472 .
2026 1441 2083 1474 Et·

1214 1492 1277 1526 iam
1290 1489 1368 1534 quid
1381 1501 1511 1534 operata
1528 1491 1610 1525 sitin
1623 1493 1760 1535 Joannis
1766 1493 1911 1535 posteros
1923 1515 1931 1523 .
1959 1491 2010 1525 Ex
2021 1489 2083 1524 hac

1213 1541 1303 1576 enim
1325 1540 1495 1574 maledicta
1517 1542 1623 1576 radice
1634 1543 1766 1576 tandem
1787 1542 1907 1586 prodiit
1919 1541 2083 1575 Henricus

1214 1593 1347 1626 ostavus
1361 1613 1371 1631 ,
1397 1602 1452 1634 per
1470 1602 1566 1634 quem
1591 1592 1778 1636 Anglorum
1791 1615 1803 1632 ,
1827 1602 1910 1636 quos
1927 1599 2084 1634 tanquam

1214 1640 1364 1686 Angelos
1390 1641 1579 1681 intuebatur
1604 1641 1747 1686 Magnus
1765 1641 1942 1686 Gregorius
1962 1665 1975 1682 ‚
2000 1651 2083 1674 terra

1214 1692 1378 1724 demutata
1394 1690 1441 1724 est
1460 1690 1495 1723 in
1518 1690 1756 1726 schismaticam
1782 1702 1881 1735 atque
1900 1691 2083 1725 haereticam

1214 1741 1395 1783 speluncam
1429 1738 1688 1774 daemoniorum.
1717 1740 1760 1776 Et
1787 1740 1905 1774 horum
1929 1741 2085 1773 omnium

1214 1790 1350 1833 primam
1373 1788 1537 1833 originem
1557 1790 1738 1825 Gaufredus
1765 1789 1939 1824 Britanniae
1960 1788 2085 1824 Comes

1215 1839 1296 1873 reete
1318 1839 1430 1872 tetulit
1452 1839 1489 1872 in
1511 1839 1585 1874 suos
1606 1849 1720 1874 atavos
1738 1865 1745 1873 .
1775 1839 1909 1875 Etenim
1932 1838 2023 1874 venit
2040 1850 2086 1873 ex

1214 1887 1441 1923 maledictione
1454 1913 1466 1929 ,
1489 1899 1586 1931 quam
1597 1889 1781 1924 Guilielmo
1791 1889 2018 1932 Conquaestori
2037 1886 2086 1922 ob

1213 1939 1316 1974 laesam
1334 1938 1422 1972 Cleri
1442 1937 1476 1970 δε
1490 1938 1602 1982 populi
1616 1937 1796 1973 libertatem
1815 1938 1938 1972 inflixit
1954 1948 2088 1973 venera-

1215 1988 1289 2024 bilis
1303 1987 1745 2032 AldredusArchiepiscopus
1765 1987 1988 2023 Eboracenfis.
2019 1988 2087 2022 Ac-

1215 2039 1303 2073 ceffit
1317 2039 1351 2073 δε
1362 2036 1546 2072 maledistio
1555 2062 1566 2078 ,
1592 2049 1691 2081 quam
1703 2038 1887 2072 Guilielmo
1894 2036 2086 2082 Aquitanis

1215 2088 1303 2125 Duci
1316 2112 1327 2128 ,
1339 2086 1418 2122 dum
1430 2087 1476 2120 sui
1489 2086 1731 2122 vice-Comitis
1741 2087 1846 2130 rapuit
1855 2088 1890 2122 ὃς
1899 2087 1993 2122 duxit
2004 2097 2086 2122 uxo-

1217 2150 1284 2173 rem
1309 2162 1319 2178 ,
1346 2135 1470 2171 inflixit
1491 2137 1600 2172 nescio
1627 2137 1700 2181 quis
1721 2138 1858 2172 sanetus
1883 2137 2085 2182 Episcopus:

1216 2194 1386 2231 Nunquam
1392 2188 1491 2230 proles
1505 2188 1543 2220 de
1553 2187 1637 2222 vobis
1651 2193 1773 2221 veniens
1787 2186 1922 2229 studium
1934 2186 2033 2230 faciet
2037 2186 2092 2228 fe-

1215 2242 1297 2273 licem
1315 2263 1322 2270 .
1350 2239 1402 2272 Ex
1414 2237 1476 2271 isto
1485 2236 1574 2272 enim
1592 2237 1777 2273 adulterino
1788 2237 1946 2281 conjugio
1964 2235 2089 2280 prodiit

1218 2289 1381 2323 Eleonora
1395 2312 1405 2328 ,
1431 2298 1500 2329 quae
1510 2288 1649 2330 primum
1660 2287 1832 2321 Ludovico
1842 2287 1981 2329 septimo
1991 2286 2090 2320 Fran-

1218 2350 1330 2374 corum
1352 2337 1436 2382 Regi
1448 2338 1554 2381 nupsit
1571 2361 1583 2377 ,
1608 2338 1642 2372 δε
1658 2336 1865 2381 postmodum
1877 2344 2091 2379 proptercon·

1221 2389 1473 2433 sanguinitatem
1483 2388 1524 2421 ab
1542 2387 1602 2422 illo
1622 2389 1762 2431 separata
1776 2385 1900 2422 transiit
1911 2385 1952 2420 ad
1969 2384 2093 2419 Henri·

1221 2449 1296 2474 cum
1323 2437 1501 2472 secundum
1516 2436 1646 2482 Angliae
1657 2438 1785 2482 Regem
1799 2461 1810 2477 ,
1835 2447 1933 2480 atque
1950 2436 1997 2470 ita
2007 2433 2092 2470 mul-

1222 2500 1329 2524 torum
1340 2487 1499 2523 bellorum
1513 2488 1575 2521 fuit
1587 2488 1679 2521 causa
1690 2511 1701 2528 ,
1725 2487 1760 2521 ὃς
1785 2495 1889 2522 mater
1904 2485 2092 2520 infelicium

1223 2540 1365 2573 filiorum
1377 2536 1397 2570 C
1411 2538 1609 2571 Guilielmus
1623 2537 1680 2571 iste
1691 2537 1735 2571 est
1748 2538 1882 2572 Sanstus
1892 2535 2092 2571 Guilielmus

1226 2589 1391 2628 Eremita,
1415 2589 1472 2631 qui
1493 2584 1653 2621 horrenda
1672 2588 1726 2621 sua
1749 2586 1874 2631 flagitia
1893 2587 1929 2622 ἀ
1945 2586 2093 2620 facinora

1223 2636 1399 2683 postmodo
1426 2637 1574 2682 purgavit
1596 2647 1650 2681 per
1668 2636 1783 2671 duram
1798 2636 1975 2680 &longam
1988 2634 2094 2679 poeni-

1225 2689 1377 2724 tentiam.
1405 2687 1548 2722 Proinde
1573 2686 1709 2722 Aldredi
1730 2685 1973 2729 Archiepiscopi
1994 2684 2094 2718 male-

1226 2739 1325 2774 diedo
1345 2737 1429 2771 istud
1451 2739 1555 2781 ipsum
1577 2738 1647 2782 egit
1670 2737 1705 2771 in
1724 2747 1827 2782 genus
1837 2734 2011 2769 Guilielmi
2030 2734 2095 2769 Re-

1226 2792 1276 2834 gis
1298 2814 1308 2829 ,
1335 2788 1425 2833 quod
1450 2787 1614 2821 Bonifacii
1631 2787 1733 2821 octavi
1758 2784 1944 2820 maledictio
1960 2793 2096 2828 operata

1228 2841 1290 2874 fuit
1304 2842 1334 2872 in
1346 2848 1448 2884 genus
1461 2836 1605 2880 Philippi
1618 2835 1748 2870 Pulchri
1760 2836 1861 2880 Regis
1873 2836 2073 2869 Francorum
2086 2857 2095 2866 .

1230 2891 1324 2923 Istius
1345 2887 1517 2922 adulterini
1538 2886 1685 2931 conjugii
1707 2886 1974 2920 maledictionem
2001 2884 2099 2918 refert

1231 2941 1315 2975 idem
1332 2939 1472 2982 Joannes
1486 2937 1698 2970 Bromtonus.

1283 2990 1385 3035 Qod
1400 2997 1568 3030 parentum
1580 2987 1614 3020 in
1626 2986 1712 3020 filios
1721 2985 1905 3020 maledid’tio
1916 2986 2102 3028 frequenter
2118 2995 2151 3027 Α,
2170 3001 2256 3032 1155·

1232 3040 1422 3074 exaudiatur
1441 3039 1458 3071 ὲ
1478 3036 1601 3070 Divina
1621 3035 1767 3080 Juststia,
1792 3037 1826 3070 &
1849 3034 2029 3070 horrendos
2049 3044 2103 3078 pa·

1235 3092 1294 3124 riat
1311 3089 1462 3128 effestus,
1486 3086 1697 3120 demonstrari
1717 3086 1811 3130 poffit
1833 3085 1977 3130 pluribus
1997 3093 2104 3118 exem-

1237 3140 1312 3183 plis.
1342 3138 1514 3172 Adducam
1526 3146 1630 3169 unum
1652 3137 1692 3170 de
1703 3135 1807 3170 nobili
1825 3135 1912 3179 apud
1932 3132 2103 3178 Cappado-

1236 3201 1310 3223 cum
1323 3188 1501 3222 Caesaraeam
1517 3185 1626 3221 Vidua
1638 3209 1648 3225 ‚
1674 3187 1795 3229 septem
1807 3185 1993 3220 filiorum&
2004 3184 2105 3217 trium

1238 3240 1376 3273 filiarum
1400 3247 1503 3271 matre
1526 3260 1537 3276 ,
1564 3248 1634 3279 quae
1658 3237 1678 3270 ἐι
1704 3237 1829 3270 seniore
1849 3236 1921 3269 filio
1941 3233 2107 3278 perculsa,

1239 3288 1393 3323 omnibus
1413 3298 1467 3331 per
1489 3286 1730 3328 impatientiam
1760 3285 1930 3319 maledixit
1949 3308 1956 3315 .
1983 3281 2108 3316 Audia-

1241 3351 1311 3373 mus
1320 3350 1384 3371 rem
1398 3350 1438 3371 ex
1451 3335 1565 3377 Pauli„
1576 3337 1629 3380 qui
1641 3337 1801 3379 Hippone
1811 3335 1851 3369 ad
1862 3332 1964 3368 Sancti
1975 3331 2110 3375 Stepha-

1242 3391 1276 3423 ni
1298 3387 1564 3429 Proto·martyris
1586 3386 1777 3421 memoriam
1794 3386 1921 3419 sanatus
1940 3381 2031 3465 sulit&
2052 3380 2110 3415 fibi

1930 3434 1963 3467 in
1994 3433 2061 3465 istis
