<?xml version="1.0" encoding="UTF-8"?>
<!DOCTYPE html PUBLIC "-//W3C//DTD XHTML 1.0 Transitional//EN"
    "http://www.w3.org/TR/xhtml1/DTD/xhtml1-transitional.dtd">
<html xmlns="http://www.w3.org/1999/xhtml" xml:lang="en" lang="en">
 <head>
  <title>
</title>
<meta http-equiv="Content-Type" content="text/html;charset=utf-8" />
  <meta name='ocr-system' content='tesseract 3.04.00' />
  <meta name='ocr-capabilities' content='ocr_page ocr_carea ocr_par ocr_line ocrx_word'/>
</head>
<body>
  <div class='ocr_page' id='page_1' title='image "./operaomniastudio06lupuuoft/operaomniastudio06lupuuoft_0392.png"; bbox 0 0 2352 3756; ppageno 0'>
   <div class='ocr_carea' id='block_1_1' title="bbox 124 1792 250 1873">
    <p class='ocr_par' dir='ltr' id='par_1_1' title="bbox 124 1792 250 1873">
     <span class='ocr_line' id='line_1_1' title="bbox 124 1792 240 1829; baseline -0.017 0"><span class='ocrx_word' id='word_1_1' title='bbox 124 1792 182 1829; x_wconf 67' lang='grc' dir='ltr'><em>ΕΡ·</em></span> <span class='ocrx_word' id='word_1_2' title='bbox 206 1800 240 1828; x_wconf 77' lang='lat'><em>47</em></span> 
     </span>
     <span class='ocr_line' id='line_1_2' title="bbox 127 1842 250 1873; baseline -0.016 -9"><span class='ocrx_word' id='word_1_3' title='bbox 127 1842 250 1873; x_wconf 50' lang='lat' dir='ltr'><em>capam</em></span> 
     </span>
    </p>
   </div>
   <div class='ocr_carea' id='block_1_2' title="bbox 153 3087 274 3121">
    <p class='ocr_par' dir='ltr' id='par_1_2' title="bbox 153 3087 274 3121">
     <span class='ocr_line' id='line_1_3' title="bbox 153 3087 274 3121; baseline -0.025 -3"><span class='ocrx_word' id='word_1_4' title='bbox 153 3087 185 3118; x_wconf 68' lang='lat' dir='ltr'><em>L·</em></span> <span class='ocrx_word' id='word_1_5' title='bbox 211 3090 274 3121; x_wconf 69' lang='lat'><em>123-</em></span> 
     </span>
    </p>
   </div>
   <div class='ocr_carea' id='block_1_3' title="bbox 157 3135 221 3163">
    <p class='ocr_par' dir='ltr' id='par_1_3' title="bbox 157 3135 221 3163">
     <span class='ocr_line' id='line_1_4' title="bbox 157 3135 221 3163; baseline -0.047 0"><span class='ocrx_word' id='word_1_6' title='bbox 157 3135 221 3163; x_wconf 76' lang='lat'>¹37·</span> 
     </span>
    </p>
   </div>
   <div class='ocr_carea' id='block_1_4' title="bbox 333 135 427 193">
    <p class='ocr_par' dir='ltr' id='par_1_4' title="bbox 333 135 427 193">
     <span class='ocr_line' id='line_1_5' title="bbox 333 135 427 193; baseline 0 -12"><span class='ocrx_word' id='word_1_7' title='bbox 333 135 427 193; x_wconf 75' lang='lat'><em>382</em></span> 
     </span>
    </p>
   </div>
   <div class='ocr_carea' id='block_1_5' title="bbox 259 214 1160 1268">
    <p class='ocr_par' dir='ltr' id='par_1_5' title="bbox 259 214 1159 1166">
     <span class='ocr_line' id='line_1_6' title="bbox 261 214 1151 262; baseline -0.006 -12"><span class='ocrx_word' id='word_1_8' title='bbox 261 228 349 250; x_wconf 76' lang='lat' dir='ltr'><em>mano</em></span> <span class='ocrx_word' id='word_1_9' title='bbox 359 220 489 260; x_wconf 74' lang='lat' dir='ltr'><em>componi</em></span> <span class='ocrx_word' id='word_1_10' title='bbox 495 217 604 258; x_wconf 73' lang='lat' dir='ltr'><em>poffint</em></span> <span class='ocrx_word' id='word_1_11' title='bbox 611 240 621 257; x_wconf 91' lang='lat'><em>,</em></span> <span class='ocrx_word' id='word_1_12' title='bbox 633 220 666 250; x_wconf 77' lang='lat' dir='ltr'><em>in</em></span> <span class='ocrx_word' id='word_1_13' title='bbox 678 216 855 261; x_wconf 69' lang='lat' dir='ltr'><em>quibusdam</em></span> <span class='ocrx_word' id='word_1_14' title='bbox 870 217 1040 262; x_wconf 67' lang='lat' dir='ltr'><em>discrepant</em></span> <span class='ocrx_word' id='word_1_15' title='bbox 1050 239 1058 247; x_wconf 92' lang='lat'><strong><em>.</em></strong></span> <span class='ocrx_word' id='word_1_16' title='bbox 1089 214 1151 246; x_wconf 83' lang='lat' dir='ltr'><em>Ale·</em></span> 
     </span>
     <span class='ocr_line' id='line_1_7' title="bbox 259 265 1154 303; baseline -0.003 -3"><span class='ocrx_word' id='word_1_17' title='bbox 259 269 432 300; x_wconf 49' lang='lat' dir='ltr'><em>kandrtnus</em></span> <span class='ocrx_word' id='word_1_18' title='bbox 443 271 522 300; x_wconf 83' lang='lat' dir='ltr'><em>enim</em></span> <span class='ocrx_word' id='word_1_19' title='bbox 544 268 579 300; x_wconf 67' lang='grc'><em>6·</em></span> <span class='ocrx_word' id='word_1_20' title='bbox 594 268 789 302; x_wconf 76' lang='lat' dir='ltr'><em>Antiocbemcs</em></span> <span class='ocrx_word' id='word_1_21' title='bbox 802 275 919 303; x_wconf 82' lang='lat' dir='ltr'><em>unicam</em></span> <span class='ocrx_word' id='word_1_22' title='bbox 943 268 1064 300; x_wconf 78' lang='lat' dir='ltr'><em>tantum</em></span> <span class='ocrx_word' id='word_1_23' title='bbox 1076 265 1154 296; x_wconf 77' lang='lat' dir='ltr'><em>Dioe.</em></span> 
     </span>
     <span class='ocr_line' id='line_1_8' title="bbox 263 315 1154 361; baseline -0.006 -11"><span class='ocrx_word' id='word_1_24' title='bbox 263 316 343 359; x_wconf 83' lang='lat' dir='ltr'><em>oefim</em></span> <span class='ocrx_word' id='word_1_25' title='bbox 363 315 592 359; x_wconf 77' lang='lat' dir='ltr'><em>Ecclefiasticam</em></span> <span class='ocrx_word' id='word_1_26' title='bbox 611 318 804 361; x_wconf 82' lang='lat' dir='ltr'><em>obtinebant,</em></span> <span class='ocrx_word' id='word_1_27' title='bbox 828 331 867 352; x_wconf 84' lang='lat' dir='ltr'><em>ex</em></span> <span class='ocrx_word' id='word_1_28' title='bbox 889 319 985 349; x_wconf 88' lang='lat' dir='ltr'><em>decem</em></span> <span class='ocrx_word' id='word_1_29' title='bbox 1010 319 1154 355; x_wconf 87' lang='lat' dir='ltr'><em>Metropo-</em></span> 
     </span>
     <span class='ocr_line' id='line_1_9' title="bbox 264 364 1156 412; baseline -0.003 -14"><span class='ocrx_word' id='word_1_30' title='bbox 264 369 370 400; x_wconf 70' lang='lat' dir='ltr'><em>litam‘s</em></span> <span class='ocrx_word' id='word_1_31' title='bbox 382 368 538 408; x_wconf 82' lang='lat' dir='ltr'><em>conflatam</em></span> <span class='ocrx_word' id='word_1_32' title='bbox 552 392 563 408; x_wconf 90' lang='lat'>‚</span> <span class='ocrx_word' id='word_1_33' title='bbox 588 379 770 412; x_wconf 83' lang='lat' dir='ltr'><em>quamquam</em></span> <span class='ocrx_word' id='word_1_34' title='bbox 793 368 893 410; x_wconf 69' lang='lat' dir='ltr'><em>postea</em></span> <span class='ocrx_word' id='word_1_35' title='bbox 912 364 1156 405; x_wconf 78' lang='lat' dir='ltr'><em>Constantinopo-</em></span> 
     </span>
     <span class='ocr_line' id='line_1_10' title="bbox 264 414 1156 460; baseline 0 -11"><span class='ocrx_word' id='word_1_36' title='bbox 264 418 359 450; x_wconf 68' lang='lat' dir='ltr'><em>litano</em></span> <span class='ocrx_word' id='word_1_37' title='bbox 380 418 503 452; x_wconf 75' lang='lat' dir='ltr'><em>tributae</em></span> <span class='ocrx_word' id='word_1_38' title='bbox 520 417 580 460; x_wconf 83' lang='lat' dir='ltr'><em>fint</em></span> <span class='ocrx_word' id='word_1_39' title='bbox 601 428 662 453; x_wconf 80' lang='lat' dir='ltr'><em>tres</em></span> <span class='ocrx_word' id='word_1_40' title='bbox 675 416 820 460; x_wconf 80' lang='lat' dir='ltr'><em>Dioeceses</em></span> <span class='ocrx_word' id='word_1_41' title='bbox 831 441 843 457; x_wconf 92' lang='lat'><em>,</em></span> <span class='ocrx_word' id='word_1_42' title='bbox 860 419 901 449; x_wconf 68' lang='lat' dir='ltr'><em>⁴in</em></span> <span class='ocrx_word' id='word_1_43' title='bbox 925 414 1031 459; x_wconf 79' lang='lat' dir='ltr'><em>quibus</em></span> <span class='ocrx_word' id='word_1_44' title='bbox 1043 417 1156 458; x_wconf 71' lang='lat' dir='ltr'><em>viginti</em></span> 
     </span>
     <span class='ocr_line' id='line_1_11' title="bbox 265 464 1156 511; baseline -0.004 -12"><span class='ocrx_word' id='word_1_45' title='bbox 265 466 326 499; x_wconf 75' lang='grc' dir='ltr'><em>οέῖο</em></span> <span class='ocrx_word' id='word_1_46' title='bbox 344 470 566 511; x_wconf 71' lang='lat' dir='ltr'><em>Metropolitum</em></span> <span class='ocrx_word' id='word_1_47' title='bbox 589 467 843 502; x_wconf 83' lang='lat' dir='ltr'><em>numerabantur.</em></span> <span class='ocrx_word' id='word_1_48' title='bbox 872 470 912 499; x_wconf 78' lang='lat' dir='ltr'><em>At</em></span> <span class='ocrx_word' id='word_1_49' title='bbox 937 464 1081 510; x_wconf 70' lang='lat' dir='ltr'><em>Episcopi</em></span> <span class='ocrx_word' id='word_1_50' title='bbox 1099 467 1156 496; x_wconf 85' lang='lat' dir='ltr'><em>Ro-</em></span> 
     </span>
     <span class='ocr_line' id='line_1_12' title="bbox 267 515 1157 562; baseline -0.001 -12"><span class='ocrx_word' id='word_1_51' title='bbox 267 524 352 552; x_wconf 76' lang='lat' dir='ltr'><em>mani</em></span> <span class='ocrx_word' id='word_1_52' title='bbox 372 530 444 553; x_wconf 87' lang='lat' dir='ltr'><em>cura</em></span> <span class='ocrx_word' id='word_1_53' title='bbox 459 527 576 562; x_wconf 68' lang='lat' dir='ltr'><em>prater</em></span> <span class='ocrx_word' id='word_1_54' title='bbox 602 515 849 551; x_wconf 79' lang='lat' dir='ltr'><em>Patrtarcbatum</em></span> <span class='ocrx_word' id='word_1_55' title='bbox 867 519 1054 551; x_wconf 76' lang='lat' dir='ltr'><em>ordinarium</em></span> <span class='ocrx_word' id='word_1_56' title='bbox 1066 541 1077 557; x_wconf 95' lang='lat'><em>,</em></span> <span class='ocrx_word' id='word_1_57' title='bbox 1104 521 1157 560; x_wconf 79' lang='lat' dir='ltr'><em>qui</em></span> 
     </span>
     <span class='ocr_line' id='line_1_13' title="bbox 263 566 1156 613; baseline -0.001 -12"><span class='ocrx_word' id='word_1_58' title='bbox 263 566 373 613; x_wconf 71' lang='lat' dir='ltr'><em>¹saltem</em></span> <span class='ocrx_word' id='word_1_59' title='bbox 396 582 434 604; x_wconf 78' lang='lat' dir='ltr'><em>ex</em></span> <span class='ocrx_word' id='word_1_60' title='bbox 447 566 567 608; x_wconf 79' lang='lat' dir='ltr'><em>Dioecefi</em></span> <span class='ocrx_word' id='word_1_61' title='bbox 573 566 728 600; x_wconf 74' lang='lat' dir='ltr'><em>Urbicaria</em></span> <span class='ocrx_word' id='word_1_62' title='bbox 751 569 903 611; x_wconf 79' lang='lat' dir='ltr'><em>decemque</em></span> <span class='ocrx_word' id='word_1_63' title='bbox 915 568 1156 610; x_wconf 72' lang='lat' dir='ltr'><em>Metropolitanis</em></span> 
     </span>
     <span class='ocr_line' id='line_1_14' title="bbox 266 616 1157 662; baseline 0 -11"><span class='ocrx_word' id='word_1_64' title='bbox 266 620 416 660; x_wconf 64' lang='lat' dir='ltr'><em>constabat</em></span> <span class='ocrx_word' id='word_1_65' title='bbox 428 646 439 662; x_wconf 94' lang='lat'><em>,</em></span> <span class='ocrx_word' id='word_1_66' title='bbox 461 616 663 661; x_wconf 72' lang='lat' dir='ltr'><em>porrigebatur</em></span> <span class='ocrx_word' id='word_1_67' title='bbox 685 622 718 650; x_wconf 78' lang='lat' dir='ltr'><em>in</em></span> <span class='ocrx_word' id='word_1_68' title='bbox 738 619 871 661; x_wconf 77' lang='lat' dir='ltr'><em>reliquas</em></span> <span class='ocrx_word' id='word_1_69' title='bbox 896 629 997 652; x_wconf 74' lang='lat' dir='ltr'><em>omnes</em></span> <span class='ocrx_word' id='word_1_70' title='bbox 1019 620 1157 651; x_wconf 82' lang='lat' dir='ltr'><em>Occiden-</em></span> 
     </span>
     <span class='ocr_line' id='line_1_15' title="bbox 268 667 1155 711; baseline -0.001 -9"><span class='ocrx_word' id='word_1_71' title='bbox 268 676 311 703; x_wconf 76' lang='lat' dir='ltr'><em>tis</em></span> <span class='ocrx_word' id='word_1_72' title='bbox 323 670 495 711; x_wconf 79' lang='lat' dir='ltr'><em>Metropoles</em></span> <span class='ocrx_word' id='word_1_73' title='bbox 507 692 518 707; x_wconf 93' lang='lat'><em>,</em></span> <span class='ocrx_word' id='word_1_74' title='bbox 545 679 612 710; x_wconf 81' lang='lat' dir='ltr'><em>quae</em></span> <span class='ocrx_word' id='word_1_75' title='bbox 620 667 852 711; x_wconf 51' lang='lat' dir='ltr'><em>,sexagenarium</em></span> <span class='ocrx_word' id='word_1_76' title='bbox 864 680 1016 702; x_wconf 87' lang='lat' dir='ltr'><em>numerum</em></span> <span class='ocrx_word' id='word_1_77' title='bbox 1034 667 1155 711; x_wconf 83' lang='lat' dir='ltr'><em>egredie-</em></span> 
     </span>
     <span class='ocr_line' id='line_1_16' title="bbox 268 719 1158 762; baseline -0.004 -9"><span class='ocrx_word' id='word_1_78' title='bbox 268 721 392 754; x_wconf 79' lang='lat' dir='ltr'><em>bamur.</em></span> <span class='ocrx_word' id='word_1_79' title='bbox 419 720 547 759; x_wconf 85' lang='lat' dir='ltr'><em>Majoris</em></span> <span class='ocrx_word' id='word_1_80' title='bbox 568 724 670 762; x_wconf 80' lang='lat' dir='ltr'><em>itaque</em></span> <span class='ocrx_word' id='word_1_81' title='bbox 694 719 793 752; x_wconf 80' lang='lat' dir='ltr'><em>Italiae</em></span> <span class='ocrx_word' id='word_1_82' title='bbox 811 725 913 762; x_wconf 80' lang='lat' dir='ltr'><em>partis</em></span> <span class='ocrx_word' id='word_1_83' title='bbox 937 720 1158 760; x_wconf 68' lang='lat' dir='ltr'><em>Metropolitum</em></span> 
     </span>
     <span class='ocr_line' id='line_1_17' title="bbox 268 768 1159 812; baseline -0.002 -10"><span class='ocrx_word' id='word_1_84' title='bbox 268 773 289 802; x_wconf 74' lang='grc' dir='ltr'><em>ἃ</em></span> <span class='ocrx_word' id='word_1_85' title='bbox 297 768 411 812; x_wconf 87' lang='lat' dir='ltr'><em>summo</em></span> <span class='ocrx_word' id='word_1_86' title='bbox 434 768 576 811; x_wconf 81' lang='lat' dir='ltr'><em>Pontifice</em></span> <span class='ocrx_word' id='word_1_87' title='bbox 603 770 821 803; x_wconf 83' lang='lat' dir='ltr'><em>ordinabantur</em></span> <span class='ocrx_word' id='word_1_88' title='bbox 844 776 878 803; x_wconf 84' lang='lat' dir='ltr'><em>in</em></span> <span class='ocrx_word' id='word_1_89' title='bbox 899 769 966 812; x_wconf 78' lang='lat' dir='ltr'><em>ipsa</em></span> <span class='ocrx_word' id='word_1_90' title='bbox 987 769 1080 809; x_wconf 86' lang='lat' dir='ltr'><em>urbe,</em></span> <span class='ocrx_word' id='word_1_91' title='bbox 1106 776 1159 801; x_wconf 84' lang='lat' dir='ltr'><em>aut</em></span> 
     </span>
     <span class='ocr_line' id='line_1_18' title="bbox 265 817 1157 863; baseline 0 -12"><span class='ocrx_word' id='word_1_92' title='bbox 265 819 419 863; x_wconf 83' lang='lat' dir='ltr'><em>postquam</em></span> <span class='ocrx_word' id='word_1_93' title='bbox 440 819 653 863; x_wconf 83' lang='lat' dir='ltr'><em>Episcoporum</em></span> <span class='ocrx_word' id='word_1_94' title='bbox 679 822 973 862; x_wconf 74' lang='lat' dir='ltr'><em>Conprovincialtum</em></span> <span class='ocrx_word' id='word_1_95' title='bbox 1005 817 1157 863; x_wconf 83' lang='lat' dir='ltr'><em>consensus</em></span> 
     </span>
     <span class='ocr_line' id='line_1_19' title="bbox 265 870 1159 914; baseline -0.003 -9"><span class='ocrx_word' id='word_1_96' title='bbox 265 870 436 905; x_wconf 62' lang='lat' dir='ltr'><em>eledilonem</em></span> <span class='ocrx_word' id='word_1_97' title='bbox 442 870 623 913; x_wconf 77' lang='lat' dir='ltr'><em>firmaverat</em></span> <span class='ocrx_word' id='word_1_98' title='bbox 633 895 644 911; x_wconf 90' lang='lat'><em>,</em></span> <span class='ocrx_word' id='word_1_99' title='bbox 671 875 694 902; x_wconf 74' lang='lat' dir='ltr'><em>ti</em></span> <span class='ocrx_word' id='word_1_100' title='bbox 701 871 841 914; x_wconf 82' lang='lat' dir='ltr'><em>permiffu</em></span> <span class='ocrx_word' id='word_1_101' title='bbox 852 870 918 913; x_wconf 62' lang='lat' dir='ltr'><em>ejus</em></span> <span class='ocrx_word' id='word_1_102' title='bbox 937 872 1159 904; x_wconf 27' lang='lat' dir='ltr'><em>&#39;ordinationem</em></span> 
     </span>
     <span class='ocr_line' id='line_1_20' title="bbox 270 920 1159 964; baseline -0.001 -10"><span class='ocrx_word' id='word_1_103' title='bbox 270 922 497 964; x_wconf 69' lang='lat' dir='ltr'><em>metropolitam·</em></span> <span class='ocrx_word' id='word_1_104' title='bbox 505 920 714 955; x_wconf 69' lang='lat' dir='ltr'><em>celebrabant.</em></span> <span class='ocrx_word' id='word_1_105' title='bbox 740 923 801 955; x_wconf 76' lang='lat' dir='ltr'><em>Sed</em></span> <span class='ocrx_word' id='word_1_106' title='bbox 818 927 851 955; x_wconf 82' lang='lat' dir='ltr'><em>in</em></span> <span class='ocrx_word' id='word_1_107' title='bbox 864 921 986 963; x_wconf 75' lang='lat' dir='ltr'><em>Dioecefi</em></span> <span class='ocrx_word' id='word_1_108' title='bbox 1002 920 1159 954; x_wconf 78' lang='lat' dir='ltr'><em>Urbicarta</em></span> 
     </span>
     <span class='ocr_line' id='line_1_21' title="bbox 269 970 1158 1015; baseline -0.003 -9"><span class='ocrx_word' id='word_1_109' title='bbox 269 981 416 1015; x_wconf 87' lang='lat' dir='ltr'><em>receptum</em></span> <span class='ocrx_word' id='word_1_110' title='bbox 430 981 497 1006; x_wconf 80' lang='lat' dir='ltr'><em>erat</em></span> <span class='ocrx_word' id='word_1_111' title='bbox 509 996 520 1012; x_wconf 93' lang='lat'><em>‚</em></span> <span class='ocrx_word' id='word_1_112' title='bbox 545 981 579 1005; x_wconf 85' lang='lat' dir='ltr'><em>ut</em></span> <span class='ocrx_word' id='word_1_113' title='bbox 591 970 734 1014; x_wconf 69' lang='lat' dir='ltr'><em>Episcopi</em></span> <span class='ocrx_word' id='word_1_114' title='bbox 747 973 819 1005; x_wconf 76' lang='lat' dir='ltr'><em>alus</em></span> <span class='ocrx_word' id='word_1_115' title='bbox 834 974 1077 1014; x_wconf 73' lang='lat' dir='ltr'><em>Metropoli-tanis</em></span> <span class='ocrx_word' id='word_1_116' title='bbox 1089 970 1158 1014; x_wconf 82' lang='lat' dir='ltr'><em>sub-</em></span> 
     </span>
     <span class='ocr_line' id='line_1_22' title="bbox 266 1021 1157 1066; baseline -0.002 -11"><span class='ocrx_word' id='word_1_117' title='bbox 266 1024 339 1064; x_wconf 74' lang='lat' dir='ltr'><em>jec‘li</em></span> <span class='ocrx_word' id='word_1_118' title='bbox 362 1022 401 1055; x_wconf 83' lang='lat' dir='ltr'><em>ab</em></span> <span class='ocrx_word' id='word_1_119' title='bbox 423 1034 453 1056; x_wconf 83' lang='lat' dir='ltr'><em>oo</em></span> <span class='ocrx_word' id='word_1_120' title='bbox 464 1021 700 1065; x_wconf 81' lang='lat' dir='ltr'><em>consecrarentur</em></span> <span class='ocrx_word' id='word_1_121' title='bbox 715 1048 722 1055; x_wconf 92' lang='lat'>.</span> <span class='ocrx_word' id='word_1_122' title='bbox 748 1027 785 1055; x_wconf 84' lang='lat' dir='ltr'><em>In</em></span> <span class='ocrx_word' id='word_1_123' title='bbox 806 1035 862 1065; x_wconf 88' lang='lat' dir='ltr'><em>quo</em></span> <span class='ocrx_word' id='word_1_124' title='bbox 874 1023 982 1066; x_wconf 81' lang='lat' dir='ltr'><em>fimilis</em></span> <span class='ocrx_word' id='word_1_125' title='bbox 1006 1031 1073 1056; x_wconf 87' lang='lat' dir='ltr'><em>erat</em></span> <span class='ocrx_word' id='word_1_126' title='bbox 1084 1025 1157 1063; x_wconf 82' lang='lat' dir='ltr'><em>Epi-</em></span> 
     </span>
     <span class='ocr_line' id='line_1_23' title="bbox 266 1073 1158 1117; baseline 0 -12"><span class='ocrx_word' id='word_1_127' title='bbox 266 1073 351 1117; x_wconf 81' lang='lat' dir='ltr'><em>scopo</em></span> <span class='ocrx_word' id='word_1_128' title='bbox 363 1074 555 1107; x_wconf 76' lang='lat' dir='ltr'><em>Alexandriae</em></span> <span class='ocrx_word' id='word_1_129' title='bbox 567 1098 578 1113; x_wconf 93' lang='lat'>‚</span> <span class='ocrx_word' id='word_1_130' title='bbox 597 1076 693 1115; x_wconf 78' lang='lat' dir='ltr'><em>juxta</em></span> <span class='ocrx_word' id='word_1_131' title='bbox 707 1077 869 1106; x_wconf 78' lang='lat' dir='ltr'><em>Concilium</em></span> <span class='ocrx_word' id='word_1_132' title='bbox 882 1079 1044 1107; x_wconf 74' lang='lat' dir='ltr'><em>Ntcaenum</em></span> <span class='ocrx_word' id='word_1_133' title='bbox 1058 1097 1064 1104; x_wconf 93' lang='lat'><strong>.</strong></span> <span class='ocrx_word' id='word_1_134' title='bbox 1092 1075 1117 1106; x_wconf 87' lang='lat' dir='ltr'><em>C</em></span> <span class='ocrx_word' id='word_1_135' title='bbox 1120 1084 1158 1105; x_wconf 69' lang='grc' dir='ltr'><em>ιε-</em></span> 
     </span>
     <span class='ocr_line' id='line_1_24' title="bbox 269 1122 933 1166; baseline -0.002 -9"><span class='ocrx_word' id='word_1_136' title='bbox 269 1134 367 1157; x_wconf 78' lang='lat' dir='ltr'><em>terum</em></span> <span class='ocrx_word' id='word_1_137' title='bbox 379 1126 415 1157; x_wconf 80' lang='lat' dir='ltr'><em>id</em></span> <span class='ocrx_word' id='word_1_138' title='bbox 425 1127 445 1157; x_wconf 73' lang='grc' dir='ltr'><em>ἃ</em></span> <span class='ocrx_word' id='word_1_139' title='bbox 459 1130 575 1157; x_wconf 82' lang='lat' dir='ltr'><em>nemine</em></span> <span class='ocrx_word' id='word_1_140' title='bbox 586 1134 656 1156; x_wconf 87' lang='lat' dir='ltr'><em>ante</em></span> <span class='ocrx_word' id='word_1_141' title='bbox 667 1135 712 1157; x_wconf 85' lang='lat' dir='ltr'><em>me</em></span> <span class='ocrx_word' id='word_1_142' title='bbox 724 1122 914 1166; x_wconf 82' lang='lat' dir='ltr'><em>observatum</em></span> <span class='ocrx_word' id='word_1_143' title='bbox 926 1149 933 1156; x_wconf 92' lang='lat'><strong>.</strong></span> 
     </span>
    </p>

    <p class='ocr_par' dir='ltr' id='par_1_6' title="bbox 265 1172 1160 1268">
     <span class='ocr_line' id='line_1_25' title="bbox 322 1172 1160 1218; baseline -0.002 -10"><span class='ocrx_word' id='word_1_144' title='bbox 322 1174 469 1209; x_wconf 87' lang='lat' dir='ltr'><em>Utinam</em></span> <span class='ocrx_word' id='word_1_145' title='bbox 494 1176 512 1208; x_wconf 75' lang='lat' dir='ltr'><em>a</em></span> <span class='ocrx_word' id='word_1_146' title='bbox 538 1175 670 1208; x_wconf 85' lang='lat' dir='ltr'><em>nemine</em></span> <span class='ocrx_word' id='word_1_147' title='bbox 692 1172 858 1218; x_wconf 87' lang='lat' dir='ltr'><em>hucusque</em></span> <span class='ocrx_word' id='word_1_148' title='bbox 882 1176 926 1209; x_wconf 78' lang='lat' dir='ltr'><em>sic</em></span> <span class='ocrx_word' id='word_1_149' title='bbox 950 1174 1057 1208; x_wconf 71' lang='lat' dir='ltr'><em>fuisset</em></span> <span class='ocrx_word' id='word_1_150' title='bbox 1078 1185 1160 1208; x_wconf 86' lang='lat' dir='ltr'><em>erra-</em></span> 
     </span>
     <span class='ocr_line' id='line_1_26' title="bbox 265 1223 1160 1268; baseline -0.002 -9"><span class='ocrx_word' id='word_1_151' title='bbox 265 1233 341 1259; x_wconf 80' lang='lat' dir='ltr'><em>tum</em></span> <span class='ocrx_word' id='word_1_152' title='bbox 351 1250 359 1258; x_wconf 88' lang='lat'><strong>.</strong></span> <span class='ocrx_word' id='word_1_153' title='bbox 388 1225 432 1259; x_wconf 89' lang='lat' dir='ltr'><em>Et</em></span> <span class='ocrx_word' id='word_1_154' title='bbox 444 1224 500 1260; x_wconf 89' lang='lat' dir='ltr'><em>hic</em></span> <span class='ocrx_word' id='word_1_155' title='bbox 510 1223 623 1259; x_wconf 70' lang='lat' dir='ltr'><em>denuo</em></span> <span class='ocrx_word' id='word_1_156' title='bbox 636 1224 680 1259; x_wconf 83' lang='lat' dir='ltr'><em>est</em></span> <span class='ocrx_word' id='word_1_157' title='bbox 698 1225 820 1268; x_wconf 86' lang='lat' dir='ltr'><em>primus</em></span> <span class='ocrx_word' id='word_1_158' title='bbox 833 1224 975 1266; x_wconf 83' lang='lat' dir='ltr'><em>Domini</em></span> <span class='ocrx_word' id='word_1_159' title='bbox 988 1223 1160 1267; x_wconf 84' lang='lat' dir='ltr'><em>Archiepi-</em></span> 
     </span>
    </p>
   </div>
   <div class='ocr_carea' id='block_1_6' title="bbox 268 1269 1182 1319">
    <p class='ocr_par' dir='ltr' id='par_1_7' title="bbox 268 1269 1182 1319">
     <span class='ocr_line' id='line_1_27' title="bbox 268 1269 1182 1319; baseline 0 -11"><span class='ocrx_word' id='word_1_160' title='bbox 268 1275 359 1319; x_wconf 81' lang='lat' dir='ltr'><em>scopi</em></span> <span class='ocrx_word' id='word_1_161' title='bbox 373 1287 461 1311; x_wconf 88' lang='lat' dir='ltr'><em>error</em></span> <span class='ocrx_word' id='word_1_162' title='bbox 471 1300 478 1308; x_wconf 92' lang='lat'>.</span> <span class='ocrx_word' id='word_1_163' title='bbox 506 1276 582 1310; x_wconf 87' lang='lat' dir='ltr'><em>Hos</em></span> <span class='ocrx_word' id='word_1_164' title='bbox 592 1277 682 1310; x_wconf 87' lang='lat' dir='ltr'><em>enim</em></span> <span class='ocrx_word' id='word_1_165' title='bbox 695 1276 865 1319; x_wconf 78' lang='lat' dir='ltr'><em>plerosque</em></span> <span class='ocrx_word' id='word_1_166' title='bbox 877 1269 1090 1319; x_wconf 60' lang='lat' dir='ltr'><em>errore&amp;;jam</em></span> <span class='ocrx_word' id='word_1_167' title='bbox 1103 1276 1158 1309; x_wconf 89' lang='lat' dir='ltr'><em>du·</em></span> <span class='ocrx_word' id='word_1_168' title='bbox 1180 1271 1182 1274; x_wconf 59' lang='grc'>’</span> 
     </span>
    </p>
   </div>
   <div class='ocr_carea' id='block_1_7' title="bbox 265 1325 1161 1421">
    <p class='ocr_par' dir='ltr' id='par_1_8' title="bbox 265 1325 1161 1421">
     <span class='ocr_line' id='line_1_28' title="bbox 265 1325 1157 1370; baseline -0.001 -10"><span class='ocrx_word' id='word_1_169' title='bbox 265 1326 350 1360; x_wconf 87' lang='lat' dir='ltr'><em>dum</em></span> <span class='ocrx_word' id='word_1_170' title='bbox 373 1337 471 1361; x_wconf 82' lang='lat' dir='ltr'><em>antea</em></span> <span class='ocrx_word' id='word_1_171' title='bbox 491 1326 606 1361; x_wconf 87' lang='lat' dir='ltr'><em>docuit</em></span> <span class='ocrx_word' id='word_1_172' title='bbox 621 1352 631 1368; x_wconf 92' lang='lat'><em>,</em></span> <span class='ocrx_word' id='word_1_173' title='bbox 657 1328 692 1360; x_wconf 71' lang='grc' dir='ltr'><em>ὃς</em></span> <span class='ocrx_word' id='word_1_174' title='bbox 713 1337 843 1369; x_wconf 85' lang='lat' dir='ltr'><em>propter</em></span> <span class='ocrx_word' id='word_1_175' title='bbox 865 1328 952 1370; x_wconf 90' lang='lat' dir='ltr'><em>ipsos</em></span> <span class='ocrx_word' id='word_1_176' title='bbox 978 1325 1020 1360; x_wconf 82' lang='lat' dir='ltr'><em>ab</em></span> <span class='ocrx_word' id='word_1_177' title='bbox 1046 1327 1157 1360; x_wconf 61' lang='lat' dir='ltr'><em>odiava</em></span> 
     </span>
     <span class='ocr_line' id='line_1_29' title="bbox 266 1376 1161 1421; baseline -0.002 -10"><span class='ocrx_word' id='word_1_178' title='bbox 266 1376 408 1421; x_wconf 85' lang='lat' dir='ltr'><em>Synodo</em></span> <span class='ocrx_word' id='word_1_179' title='bbox 433 1377 541 1412; x_wconf 81' lang='lat' dir='ltr'><em>notari</em></span> <span class='ocrx_word' id='word_1_180' title='bbox 572 1378 691 1411; x_wconf 87' lang='lat' dir='ltr'><em>meruit</em></span> <span class='ocrx_word' id='word_1_181' title='bbox 714 1376 919 1411; x_wconf 87' lang='lat' dir='ltr'><em>Hincmarus</em></span> <span class='ocrx_word' id='word_1_182' title='bbox 942 1377 1161 1419; x_wconf 81' lang='lat' dir='ltr'><em>Metropolita‘</em></span> 
     </span>
    </p>
   </div>
   <div class='ocr_carea' id='block_1_8' title="bbox 267 1421 2104 1476">
    <p class='ocr_par' dir='ltr' id='par_1_9' title="bbox 267 1421 2104 1476">
     <span class='ocr_line' id='line_1_30' title="bbox 267 1421 2104 1476; baseline 0.003 -15"><span class='ocrx_word' id='word_1_183' title='bbox 267 1426 459 1463; x_wconf 80' lang='lat' dir='ltr'><em>Remenfis.</em></span> <span class='ocrx_word' id='word_1_184' title='bbox 487 1426 603 1462; x_wconf 82' lang='lat' dir='ltr'><em>Exstat</em></span> <span class='ocrx_word' id='word_1_185' title='bbox 630 1428 837 1471; x_wconf 84' lang='lat' dir='ltr'><em>Imperatoris</em></span> <span class='ocrx_word' id='word_1_186' title='bbox 861 1427 974 1461; x_wconf 90' lang='lat' dir='ltr'><em>Caroli</em></span> <span class='ocrx_word' id='word_1_187' title='bbox 1001 1425 1097 1459; x_wconf 85' lang='lat' dir='ltr'><em>Calvi</em></span> <span class='ocrx_word' id='word_1_188' title='bbox 1120 1421 1183 1470; x_wconf 43' lang='lat' dir='ltr'><em>ad&#39;f</em></span> <span class='ocrx_word' id='word_1_189' title='bbox 1222 1429 1474 1473; x_wconf 86' lang='lat' dir='ltr'><em>Metropolitica</em></span> <span class='ocrx_word' id='word_1_190' title='bbox 1495 1430 1652 1473; x_wconf 84' lang='lat' dir='ltr'><em>potestate</em></span> <span class='ocrx_word' id='word_1_191' title='bbox 1685 1431 1903 1475; x_wconf 79' lang='lat' dir='ltr'>emancipavit</span> <span class='ocrx_word' id='word_1_192' title='bbox 1921 1456 1929 1464; x_wconf 87' lang='lat'><strong>.</strong></span> <span class='ocrx_word' id='word_1_193' title='bbox 1957 1432 2104 1476; x_wconf 63' lang='lat' dir='ltr'><em>Reliqua</em></span> 
     </span>
    </p>
   </div>
   <div class='ocr_carea' id='block_1_9' title="bbox 264 1476 1175 3179">
    <p class='ocr_par' dir='ltr' id='par_1_10' title="bbox 264 1476 1175 3179">
     <span class='ocr_line' id='line_1_31' title="bbox 266 1476 1158 1521; baseline -0.002 -9"><span class='ocrx_word' id='word_1_194' title='bbox 266 1476 431 1521; x_wconf 67' lang='lat' dir='ltr'><em>Ioannem</em></span> <span class='ocrx_word' id='word_1_195' title='bbox 453 1479 605 1512; x_wconf 58' lang='lat' dir='ltr'><em>oetavum</em></span> <span class='ocrx_word' id='word_1_196' title='bbox 629 1477 831 1511; x_wconf 86' lang='lat' dir='ltr'><em>Pontificem</em></span> <span class='ocrx_word' id='word_1_197' title='bbox 847 1477 970 1512; x_wconf 86' lang='lat' dir='ltr'><em>famosa</em></span> <span class='ocrx_word' id='word_1_198' title='bbox 993 1476 1158 1520; x_wconf 78' lang='lat' dir='ltr'><em>Epistola,</em></span> 
     </span>
     <span class='ocr_line' id='line_1_32' title="bbox 264 1528 1158 1572; baseline -0.002 -10"><span class='ocrx_word' id='word_1_199' title='bbox 264 1539 338 1571; x_wconf 82' lang='lat' dir='ltr'><em>quae</em></span> <span class='ocrx_word' id='word_1_200' title='bbox 372 1528 613 1572; x_wconf 88' lang='lat' dir='ltr'><em>Episcoporum</em></span> <span class='ocrx_word' id='word_1_201' title='bbox 642 1552 653 1568; x_wconf 92' lang='lat'><em>,</em></span> <span class='ocrx_word' id='word_1_202' title='bbox 689 1539 727 1561; x_wconf 82' lang='lat' dir='ltr'><em>ac</em></span> <span class='ocrx_word' id='word_1_203' title='bbox 755 1528 925 1571; x_wconf 72' lang='lat' dir='ltr'><em>praesertim</em></span> <span class='ocrx_word' id='word_1_204' title='bbox 951 1528 1158 1561; x_wconf 84' lang='lat' dir='ltr'><em>Clericorum</em></span> 
     </span>
     <span class='ocr_line' id='line_1_33' title="bbox 266 1577 1157 1624; baseline -0.002 -12"><span class='ocrx_word' id='word_1_205' title='bbox 266 1577 591 1622; x_wconf 76' lang='lat' dir='ltr'><em>Trans-Alpinorum</em></span> <span class='ocrx_word' id='word_1_206' title='bbox 614 1578 851 1623; x_wconf 80' lang='lat' dir='ltr'><em>appellationes</em></span> <span class='ocrx_word' id='word_1_207' title='bbox 871 1579 1077 1624; x_wconf 84' lang='lat' dir='ltr'>dogmatizat</span> <span class='ocrx_word' id='word_1_208' title='bbox 1091 1588 1157 1611; x_wconf 88' lang='lat' dir='ltr'><em>non</em></span> 
     </span>
     <span class='ocr_line' id='line_1_34' title="bbox 265 1627 1159 1674; baseline -0.002 -11"><span class='ocrx_word' id='word_1_209' title='bbox 265 1630 356 1674; x_wconf 73' lang='lat' dir='ltr'><em>posse</em></span> <span class='ocrx_word' id='word_1_210' title='bbox 368 1629 484 1664; x_wconf 87' lang='lat' dir='ltr'><em>deduci</em></span> <span class='ocrx_word' id='word_1_211' title='bbox 499 1629 644 1664; x_wconf 85' lang='lat' dir='ltr'><em>Romam</em></span> <span class='ocrx_word' id='word_1_212' title='bbox 658 1654 668 1668; x_wconf 92' lang='lat'>‚</span> <span class='ocrx_word' id='word_1_213' title='bbox 697 1627 773 1661; x_wconf 85' lang='lat' dir='ltr'><em>istos</em></span> <span class='ocrx_word' id='word_1_214' title='bbox 797 1641 913 1663; x_wconf 84' lang='lat' dir='ltr'><em>omnes</em></span> <span class='ocrx_word' id='word_1_215' title='bbox 937 1632 1068 1663; x_wconf 87' lang='lat' dir='ltr'><em>suorum</em></span> <span class='ocrx_word' id='word_1_216' title='bbox 1089 1628 1159 1661; x_wconf 86' lang='lat' dir='ltr'><em>Me-</em></span> 
     </span>
     <span class='ocr_line' id='line_1_35' title="bbox 266 1679 1159 1723; baseline -0.002 -10"><span class='ocrx_word' id='word_1_217' title='bbox 266 1680 519 1723; x_wconf 83' lang='lat' dir='ltr'><em>tropolitatum,</em></span> <span class='ocrx_word' id='word_1_218' title='bbox 547 1690 603 1714; x_wconf 86' lang='lat' dir='ltr'><em>aut</em></span> <span class='ocrx_word' id='word_1_219' title='bbox 626 1691 713 1713; x_wconf 90' lang='lat' dir='ltr'><em>certe</em></span> <span class='ocrx_word' id='word_1_220' title='bbox 737 1680 915 1714; x_wconf 59' lang='lat' dir='ltr'><em>electorum</em></span> <span class='ocrx_word' id='word_1_221' title='bbox 935 1680 1082 1722; x_wconf 83' lang='lat' dir='ltr'><em>judicum</em></span> <span class='ocrx_word' id='word_1_222' title='bbox 1095 1679 1159 1711; x_wconf 81' lang='lat' dir='ltr'><em>ser.-</em></span> 
     </span>
     <span class='ocr_line' id='line_1_36' title="bbox 267 1729 1154 1774; baseline -0.005 -10"><span class='ocrx_word' id='word_1_223' title='bbox 267 1731 371 1764; x_wconf 88' lang='lat' dir='ltr'><em>tentia</em></span> <span class='ocrx_word' id='word_1_224' title='bbox 406 1741 557 1774; x_wconf 79' lang='lat' dir='ltr'><em>oportere</em></span> <span class='ocrx_word' id='word_1_225' title='bbox 580 1730 644 1764; x_wconf 78' lang='lat' dir='ltr'><em>esse</em></span> <span class='ocrx_word' id='word_1_226' title='bbox 682 1740 859 1764; x_wconf 86' lang='lat' dir='ltr'><em>contentos</em></span> <span class='ocrx_word' id='word_1_227' title='bbox 881 1752 891 1768; x_wconf 91' lang='lat'><em>,</em></span> <span class='ocrx_word' id='word_1_228' title='bbox 921 1731 955 1763; x_wconf 91' lang='lat'>&amp;</span> <span class='ocrx_word' id='word_1_229' title='bbox 991 1729 1154 1772; x_wconf 81' lang='lat' dir='ltr'><em>adjungit.</em></span> 
     </span>
     <span class='ocr_line' id='line_1_37' title="bbox 269 1777 1159 1825; baseline -0.007 -10"><span class='ocrx_word' id='word_1_230' title='bbox 269 1781 365 1819; x_wconf 81' lang='lat' dir='ltr'><em>Potest</em></span> <span class='ocrx_word' id='word_1_231' title='bbox 374 1784 441 1825; x_wconf 82' lang='lat' dir='ltr'><em>fieri</em></span> <span class='ocrx_word' id='word_1_232' title='bbox 456 1806 466 1821; x_wconf 92' lang='lat'>‚</span> <span class='ocrx_word' id='word_1_233' title='bbox 493 1790 526 1813; x_wconf 82' lang='lat' dir='ltr'><em>ut</em></span> <span class='ocrx_word' id='word_1_234' title='bbox 537 1782 581 1812; x_wconf 82' lang='lat' dir='ltr'><em>illi</em></span> <span class='ocrx_word' id='word_1_235' title='bbox 594 1786 645 1822; x_wconf 72' lang='lat' dir='ltr'><em>qut</em></span> <span class='ocrx_word' id='word_1_236' title='bbox 658 1786 690 1811; x_wconf 78' lang='lat' dir='ltr'><em>in</em></span> <span class='ocrx_word' id='word_1_237' title='bbox 697 1785 806 1812; x_wconf 71' lang='lat' dir='ltr'><em>vicinis</em></span> <span class='ocrx_word' id='word_1_238' title='bbox 820 1778 977 1812; x_wconf 77' lang='lat' dir='ltr'><em>Paroebiis</em></span> <span class='ocrx_word' id='word_1_239' title='bbox 986 1777 1060 1821; x_wconf 87' lang='lat' dir='ltr'><em>sunt</em></span> <span class='ocrx_word' id='word_1_240' title='bbox 1071 1777 1159 1817; x_wconf 83' lang='lat' dir='ltr'><em>hujus</em></span> 
     </span>
     <span class='ocr_line' id='line_1_38' title="bbox 264 1827 1159 1875; baseline -0.007 -11"><span class='ocrx_word' id='word_1_241' title='bbox 264 1831 381 1875; x_wconf 77' lang='lat' dir='ltr'><em>sanc‘lae</em></span> <span class='ocrx_word' id='word_1_242' title='bbox 396 1829 683 1875; x_wconf 15' lang='lat' dir='ltr'><em>RomanaelEcclest&#39;ae</em></span> <span class='ocrx_word' id='word_1_243' title='bbox 695 1854 706 1869; x_wconf 92' lang='lat'>‚</span> <span class='ocrx_word' id='word_1_244' title='bbox 732 1834 839 1871; x_wconf 79' lang='lat' dir='ltr'><em>quique</em></span> <span class='ocrx_word' id='word_1_245' title='bbox 851 1830 947 1868; x_wconf 75' lang='lat' dir='ltr'><em>juxta</em></span> <span class='ocrx_word' id='word_1_246' title='bbox 957 1827 1065 1869; x_wconf 83' lang='lat' dir='ltr'><em>sacras</em></span> <span class='ocrx_word' id='word_1_247' title='bbox 1076 1837 1159 1869; x_wconf 81' lang='lat' dir='ltr'><em>regu-</em></span> 
     </span>
     <span class='ocr_line' id='line_1_39' title="bbox 268 1874 1160 1922; baseline -0.01 -6"><span class='ocrx_word' id='word_1_248' title='bbox 268 1884 316 1917; x_wconf 87' lang='lat' dir='ltr'><em>las</em></span> <span class='ocrx_word' id='word_1_249' title='bbox 335 1883 382 1914; x_wconf 78' lang='lat' dir='ltr'><em>ad</em></span> <span class='ocrx_word' id='word_1_250' title='bbox 389 1892 498 1914; x_wconf 84' lang='lat' dir='ltr'><em>manus</em></span> <span class='ocrx_word' id='word_1_251' title='bbox 509 1878 716 1922; x_wconf 74' lang='lat' dir='ltr'><em>impositionem</em></span> <span class='ocrx_word' id='word_1_252' title='bbox 730 1903 740 1917; x_wconf 95' lang='lat'>‚</span> <span class='ocrx_word' id='word_1_253' title='bbox 766 1879 800 1911; x_wconf 63' lang='grc' dir='ltr'><em>(θ’</em></span> <span class='ocrx_word' id='word_1_254' title='bbox 822 1878 868 1910; x_wconf 91' lang='lat' dir='ltr'><em>ad</em></span> <span class='ocrx_word' id='word_1_255' title='bbox 877 1877 1003 1915; x_wconf 74' lang='lat' dir='ltr'><em>synodos</em></span> <span class='ocrx_word' id='word_1_256' title='bbox 1029 1874 1084 1908; x_wconf 81' lang='lat' dir='ltr'><em>buc</em></span> <span class='ocrx_word' id='word_1_257' title='bbox 1095 1887 1160 1908; x_wconf 89' lang='lat' dir='ltr'><em>con-</em></span> 
     </span>
     <span class='ocr_line' id='line_1_40' title="bbox 267 1926 1158 1975; baseline -0.01 -9"><span class='ocrx_word' id='word_1_258' title='bbox 267 1938 375 1966; x_wconf 74' lang='lat' dir='ltr'><em>venire</em></span> <span class='ocrx_word' id='word_1_259' title='bbox 391 1930 506 1975; x_wconf 73' lang='lat' dir='ltr'><em>solent,</em></span> <span class='ocrx_word' id='word_1_260' title='bbox 534 1929 592 1972; x_wconf 74' lang='lat' dir='ltr'><em>ipfi</em></span> <span class='ocrx_word' id='word_1_261' title='bbox 604 1937 659 1971; x_wconf 85' lang='lat' dir='ltr'><em>pro</em></span> <span class='ocrx_word' id='word_1_262' title='bbox 682 1929 890 1961; x_wconf 79' lang='lat' dir='ltr'><em>reclamatione</em></span> <span class='ocrx_word' id='word_1_263' title='bbox 908 1935 1012 1960; x_wconf 77' lang='lat' dir='ltr'><em>contra</em></span> <span class='ocrx_word' id='word_1_264' title='bbox 1037 1926 1158 1963; x_wconf 75' lang='lat' dir='ltr'><em>Presby-</em></span> 
     </span>
     <span class='ocr_line' id='line_1_41' title="bbox 269 1973 1159 2025; baseline -0.011 -8"><span class='ocrx_word' id='word_1_265' title='bbox 269 1980 521 2025; x_wconf 81' lang='lat' dir='ltr'><em>terorumsuorum</em></span> <span class='ocrx_word' id='word_1_266' title='bbox 532 1985 787 2014; x_wconf 77' lang='lat' dir='ltr'><em>examinationem</em></span> <span class='ocrx_word' id='word_1_267' title='bbox 813 1982 991 2011; x_wconf 78' lang='lat' dir='ltr'><em>conveniant</em></span> <span class='ocrx_word' id='word_1_268' title='bbox 1005 1999 1015 2014; x_wconf 96' lang='lat'><em>,</em></span> <span class='ocrx_word' id='word_1_269' title='bbox 1032 1973 1159 2017; x_wconf 81' lang='lat' dir='ltr'><em>ficutsa-</em></span> 
     </span>
     <span class='ocr_line' id='line_1_42' title="bbox 267 2028 1159 2073; baseline -0.01 -7"><span class='ocrx_word' id='word_1_270' title='bbox 267 2038 463 2066; x_wconf 79' lang='lat' dir='ltr'><em>eriCanones</em></span> <span class='ocrx_word' id='word_1_271' title='bbox 490 2041 526 2063; x_wconf 87' lang='lat' dir='ltr'><em>ac</em></span> <span class='ocrx_word' id='word_1_272' title='bbox 546 2032 622 2073; x_wconf 83' lang='lat' dir='ltr'><em>leges</em></span> <span class='ocrx_word' id='word_1_273' title='bbox 634 2035 841 2070; x_wconf 69' lang='lat' dir='ltr'><em>praectplunt,</em></span> <span class='ocrx_word' id='word_1_274' title='bbox 868 2036 902 2059; x_wconf 85' lang='lat' dir='ltr'><em>ut</em></span> <span class='ocrx_word' id='word_1_275' title='bbox 925 2028 970 2058; x_wconf 87' lang='lat' dir='ltr'><em>ad</em></span> <span class='ocrx_word' id='word_1_276' title='bbox 994 2029 1159 2060; x_wconf 80' lang='lat' dir='ltr'><em>Primatem</em></span> 
     </span>
     <span class='ocr_line' id='line_1_43' title="bbox 269 2074 1159 2125; baseline -0.011 -9"><span class='ocrx_word' id='word_1_277' title='bbox 269 2079 494 2125; x_wconf 75' lang='lat' dir='ltr'><em>uniuscujusque</em></span> <span class='ocrx_word' id='word_1_278' title='bbox 507 2083 680 2114; x_wconf 65' lang='lat' dir='ltr'><em>Provinciae</em></span> <span class='ocrx_word' id='word_1_279' title='bbox 695 2102 705 2116; x_wconf 93' lang='lat'>‚</span> <span class='ocrx_word' id='word_1_280' title='bbox 732 2083 783 2120; x_wconf 82' lang='lat' dir='ltr'><em>qui</em></span> <span class='ocrx_word' id='word_1_281' title='bbox 806 2081 923 2119; x_wconf 85' lang='lat' dir='ltr'><em>negotia</em></span> <span class='ocrx_word' id='word_1_282' title='bbox 943 2075 1087 2112; x_wconf 76' lang='lat' dir='ltr'><em>videntur</em></span> <span class='ocrx_word' id='word_1_283' title='bbox 1108 2074 1159 2107; x_wconf 83' lang='lat' dir='ltr'><em>ha-</em></span> 
     </span>
     <span class='ocr_line' id='line_1_44' title="bbox 269 2123 1160 2172; baseline -0.011 -6"><span class='ocrx_word' id='word_1_284' title='bbox 269 2134 336 2167; x_wconf 81' lang='lat' dir='ltr'><em>here</em></span> <span class='ocrx_word' id='word_1_285' title='bbox 360 2157 371 2172; x_wconf 91' lang='lat'>‚</span> <span class='ocrx_word' id='word_1_286' title='bbox 393 2138 590 2169; x_wconf 77' lang='lat' dir='ltr'><em>concurrant,</em></span> <span class='ocrx_word' id='word_1_287' title='bbox 617 2129 670 2162; x_wconf 78' lang='lat' dir='ltr'><em>vel</em></span> <span class='ocrx_word' id='word_1_288' title='bbox 690 2128 734 2158; x_wconf 84' lang='lat' dir='ltr'><em>ad</em></span> <span class='ocrx_word' id='word_1_289' title='bbox 752 2128 894 2164; x_wconf 80' lang='lat' dir='ltr'><em>synodum</em></span> <span class='ocrx_word' id='word_1_290' title='bbox 916 2149 926 2164; x_wconf 89' lang='lat'>‚</span> <span class='ocrx_word' id='word_1_291' title='bbox 955 2131 1004 2167; x_wconf 80' lang='lat' dir='ltr'><em>qui</em></span> <span class='ocrx_word' id='word_1_292' title='bbox 1023 2123 1056 2167; x_wconf 82' lang='lat' dir='ltr'><em>se</em></span> <span class='ocrx_word' id='word_1_293' title='bbox 1074 2123 1160 2167; x_wconf 78' lang='lat' dir='ltr'><em>laesos</em></span> 
     </span>
     <span class='ocr_line' id='line_1_45' title="bbox 270 2174 1160 2222; baseline -0.009 -6"><span class='ocrx_word' id='word_1_294' title='bbox 270 2182 444 2222; x_wconf 79' lang='lat' dir='ltr'><em>existimant</em></span> <span class='ocrx_word' id='word_1_295' title='bbox 466 2204 477 2220; x_wconf 91' lang='lat'><em>,</em></span> <span class='ocrx_word' id='word_1_296' title='bbox 506 2189 563 2222; x_wconf 81' lang='lat' dir='ltr'><em>quo</em></span> <span class='ocrx_word' id='word_1_297' title='bbox 586 2189 643 2211; x_wconf 87' lang='lat' dir='ltr'><em>non</em></span> <span class='ocrx_word' id='word_1_298' title='bbox 663 2176 702 2218; x_wconf 80' lang='lat' dir='ltr'><em>fit</em></span> <span class='ocrx_word' id='word_1_299' title='bbox 729 2176 844 2217; x_wconf 81' lang='lat' dir='ltr'><em>difficile</em></span> <span class='ocrx_word' id='word_1_300' title='bbox 871 2174 955 2214; x_wconf 83' lang='lat' dir='ltr'><em>testes</em></span> <span class='ocrx_word' id='word_1_301' title='bbox 976 2176 1160 2216; x_wconf 79' lang='lat' dir='ltr'><em>producere,</em></span> 
     </span>
     <span class='ocr_line' id='line_1_46' title="bbox 273 2224 1161 2269; baseline -0.011 -2"><span class='ocrx_word' id='word_1_302' title='bbox 273 2239 459 2267; x_wconf 76' lang='lat' dir='ltr'><em>invitentur.</em></span> <span class='ocrx_word' id='word_1_303' title='bbox 489 2228 721 2269; x_wconf 73' lang='lat' dir='ltr'><em>Trans-Alpinis</em></span> <span class='ocrx_word' id='word_1_304' title='bbox 735 2235 835 2259; x_wconf 81' lang='lat' dir='ltr'><em>autem</em></span> <span class='ocrx_word' id='word_1_305' title='bbox 849 2250 859 2266; x_wconf 95' lang='lat'>‚</span> <span class='ocrx_word' id='word_1_306' title='bbox 885 2227 919 2259; x_wconf 66' lang='lat' dir='ltr'><em>&lt;rr</em></span> <span class='ocrx_word' id='word_1_307' title='bbox 935 2227 1006 2258; x_wconf 79' lang='lat' dir='ltr'><em>aliis</em></span> <span class='ocrx_word' id='word_1_308' title='bbox 1026 2230 1078 2267; x_wconf 82' lang='lat' dir='ltr'><em>qui</em></span> <span class='ocrx_word' id='word_1_309' title='bbox 1082 2224 1161 2266; x_wconf 76' lang='lat' dir='ltr'><em>fimi-</em></span> 
     </span>
     <span class='ocr_line' id='line_1_47' title="bbox 275 2275 1160 2325; baseline -0.011 -7"><span class='ocrx_word' id='word_1_310' title='bbox 275 2287 390 2318; x_wconf 81' lang='lat' dir='ltr'><em>literin</em></span> <span class='ocrx_word' id='word_1_311' title='bbox 414 2282 585 2325; x_wconf 79' lang='lat' dir='ltr'><em>longinquis</em></span> <span class='ocrx_word' id='word_1_312' title='bbox 601 2277 765 2322; x_wconf 82' lang='lat' dir='ltr'><em>regionibus</em></span> <span class='ocrx_word' id='word_1_313' title='bbox 788 2283 1023 2317; x_wconf 82' lang='lat' dir='ltr'><em>commorantur,</em></span> <span class='ocrx_word' id='word_1_314' title='bbox 1050 2275 1160 2318; x_wconf 80' lang='lat' dir='ltr'><em>Aposto-</em></span> 
     </span>
     <span class='ocr_line' id='line_1_48' title="bbox 274 2327 1159 2372; baseline -0.011 -4"><span class='ocrx_word' id='word_1_315' title='bbox 274 2336 333 2369; x_wconf 56' lang='lat' dir='ltr'><em>lica</em></span> <span class='ocrx_word' id='word_1_316' title='bbox 353 2334 442 2367; x_wconf 75' lang='lat' dir='ltr'><em>sedes</em></span> <span class='ocrx_word' id='word_1_317' title='bbox 463 2357 475 2372; x_wconf 89' lang='lat'><em>,</em></span> <span class='ocrx_word' id='word_1_318' title='bbox 502 2333 537 2365; x_wconf 60' lang='lat' dir='ltr'><em>et</em></span> <span class='ocrx_word' id='word_1_319' title='bbox 559 2332 711 2363; x_wconf 83' lang='lat' dir='ltr'><em>Sacrorum</em></span> <span class='ocrx_word' id='word_1_320' title='bbox 733 2331 888 2360; x_wconf 87' lang='lat' dir='ltr'><em>Canonum</em></span> <span class='ocrx_word' id='word_1_321' title='bbox 907 2327 1159 2370; x_wconf 81' lang='lat' dir='ltr'><em>promulgatores,</em></span> 
     </span>
     <span class='ocr_line' id='line_1_49' title="bbox 275 2375 1163 2428; baseline -0.009 -10"><span class='ocrx_word' id='word_1_322' title='bbox 275 2387 410 2428; x_wconf 82' lang='lat' dir='ltr'><em>loquente</em></span> <span class='ocrx_word' id='word_1_323' title='bbox 425 2387 510 2416; x_wconf 75' lang='lat' dir='ltr'><em>ineis</em></span> <span class='ocrx_word' id='word_1_324' title='bbox 533 2383 649 2423; x_wconf 75' lang='lat' dir='ltr'><em>SpirItu</em></span> <span class='ocrx_word' id='word_1_325' title='bbox 670 2379 799 2418; x_wconf 75' lang='lat' dir='ltr'><em>Sanc‘lo,</em></span> <span class='ocrx_word' id='word_1_326' title='bbox 825 2388 896 2420; x_wconf 80' lang='lat' dir='ltr'><em>quae</em></span> <span class='ocrx_word' id='word_1_327' title='bbox 913 2375 987 2420; x_wconf 85' lang='lat' dir='ltr'><em>sunt</em></span> <span class='ocrx_word' id='word_1_328' title='bbox 1009 2382 1163 2419; x_wconf 79' lang='lat' dir='ltr'><em>unicuique</em></span> 
     </span>
     <span class='ocr_line' id='line_1_50' title="bbox 278 2427 1159 2475; baseline -0.011 -5"><span class='ocrx_word' id='word_1_329' title='bbox 278 2438 452 2471; x_wconf 68' lang='lat' dir='ltr'><em>Provinctae</em></span> <span class='ocrx_word' id='word_1_330' title='bbox 469 2430 612 2475; x_wconf 78' lang='lat' dir='ltr'><em>poffibilia</em></span> <span class='ocrx_word' id='word_1_331' title='bbox 632 2455 644 2472; x_wconf 93' lang='lat'><em>,</em></span> <span class='ocrx_word' id='word_1_332' title='bbox 671 2431 705 2463; x_wconf 63' lang='lat'><em>(5</em></span> <span class='ocrx_word' id='word_1_333' title='bbox 727 2427 905 2462; x_wconf 72' lang='lat' dir='ltr'><em>authortcan</em></span> <span class='ocrx_word' id='word_1_334' title='bbox 931 2433 1137 2462; x_wconf 79' lang='lat' dir='ltr'><em>convenientia</em></span> <span class='ocrx_word' id='word_1_335' title='bbox 1150 2451 1159 2467; x_wconf 92' lang='lat'>‚</span> 
     </span>
     <span class='ocr_line' id='line_1_51' title="bbox 278 2476 1164 2529; baseline -0.009 -9"><span class='ocrx_word' id='word_1_336' title='bbox 278 2496 368 2529; x_wconf 79' lang='lat' dir='ltr'><em>atque</em></span> <span class='ocrx_word' id='word_1_337' title='bbox 386 2490 456 2527; x_wconf 77' lang='lat' dir='ltr'><em>paci</em></span> <span class='ocrx_word' id='word_1_338' title='bbox 480 2481 616 2524; x_wconf 79' lang='lat' dir='ltr'><em>Ecclefiae</em></span> <span class='ocrx_word' id='word_1_339' title='bbox 634 2485 847 2525; x_wconf 77' lang='lat' dir='ltr'><em>congruentia,</em></span> <span class='ocrx_word' id='word_1_340' title='bbox 872 2480 1002 2514; x_wconf 82' lang='lat' dir='ltr'><em>tenenda</em></span> <span class='ocrx_word' id='word_1_341' title='bbox 1027 2480 1062 2513; x_wconf 68' lang='lat' dir='ltr'><em>(tt</em></span> <span class='ocrx_word' id='word_1_342' title='bbox 1085 2476 1164 2521; x_wconf 69' lang='lat' dir='ltr'><em>exse-</em></span> 
     </span>
     <span class='ocr_line' id='line_1_52' title="bbox 279 2528 1165 2580; baseline -0.009 -10"><span class='ocrx_word' id='word_1_343' title='bbox 279 2537 403 2580; x_wconf 72' lang='lat' dir='ltr'><em>quenda</em></span> <span class='ocrx_word' id='word_1_344' title='bbox 421 2531 596 2578; x_wconf 65' lang='lat' dir='ltr'><em>disertiffime</em></span> <span class='ocrx_word' id='word_1_345' title='bbox 614 2530 810 2577; x_wconf 79' lang='lat' dir='ltr'><em>praefixerunt</em></span> <span class='ocrx_word' id='word_1_346' title='bbox 830 2557 838 2564; x_wconf 90' lang='lat'><strong>.</strong></span> <span class='ocrx_word' id='word_1_347' title='bbox 867 2529 982 2565; x_wconf 70' lang='lat' dir='ltr'><em>Palam</em></span> <span class='ocrx_word' id='word_1_348' title='bbox 1002 2528 1165 2575; x_wconf 87' lang='lat' dir='ltr'><em>dogmati-</em></span> 
     </span>
     <span class='ocr_line' id='line_1_53' title="bbox 279 2580 1165 2625; baseline -0.01 -3"><span class='ocrx_word' id='word_1_349' title='bbox 279 2586 439 2622; x_wconf 80' lang='lat' dir='ltr'><em>zat&#39;solos</em></span> <span class='ocrx_word' id='word_1_350' title='bbox 461 2585 554 2619; x_wconf 86' lang='lat' dir='ltr'><em>almae</em></span> <span class='ocrx_word' id='word_1_351' title='bbox 566 2582 658 2618; x_wconf 78' lang='lat' dir='ltr'><em>Urbi</em></span> <span class='ocrx_word' id='word_1_352' title='bbox 681 2582 811 2618; x_wconf 81' lang='lat' dir='ltr'><em>vicinos</em></span> <span class='ocrx_word' id='word_1_353' title='bbox 829 2580 1010 2625; x_wconf 85' lang='lat' dir='ltr'><em>Episcopos</em></span> <span class='ocrx_word' id='word_1_354' title='bbox 1029 2581 1165 2624; x_wconf 71' lang='lat' dir='ltr'><em>spectare</em></span> 
     </span>
     <span class='ocr_line' id='line_1_54' title="bbox 281 2629 1163 2679; baseline -0.008 -8"><span class='ocrx_word' id='word_1_355' title='bbox 281 2638 323 2671; x_wconf 83' lang='lat' dir='ltr'><em>ad</em></span> <span class='ocrx_word' id='word_1_356' title='bbox 337 2634 693 2679; x_wconf 79' lang='lat' dir='ltr'><em>PontificisSynodum</em></span> <span class='ocrx_word' id='word_1_357' title='bbox 720 2633 752 2667; x_wconf 90' lang='lat'>&amp;</span> <span class='ocrx_word' id='word_1_358' title='bbox 765 2643 880 2667; x_wconf 87' lang='lat' dir='ltr'><em>manus</em></span> <span class='ocrx_word' id='word_1_359' title='bbox 900 2629 1163 2676; x_wconf 72' lang='lat' dir='ltr'><em>impositionem,</em></span> 
     </span>
     <span class='ocr_line' id='line_1_55' title="bbox 283 2680 1166 2731; baseline -0.008 -10"><span class='ocrx_word' id='word_1_360' title='bbox 283 2687 426 2731; x_wconf 84' lang='lat' dir='ltr'><em>ideoque</em></span> <span class='ocrx_word' id='word_1_361' title='bbox 451 2683 681 2721; x_wconf 77' lang='lat' dir='ltr'><em>solas&#39;horurn</em></span> <span class='ocrx_word' id='word_1_362' title='bbox 703 2684 860 2718; x_wconf 85' lang='lat' dir='ltr'><em>Ecclefias</em></span> <span class='ocrx_word' id='word_1_363' title='bbox 883 2684 946 2717; x_wconf 78' lang='lat' dir='ltr'><em>effe</em></span> <span class='ocrx_word' id='word_1_364' title='bbox 955 2681 1025 2724; x_wconf 81' lang='lat' dir='ltr'><em>ejus</em></span> <span class='ocrx_word' id='word_1_365' title='bbox 1037 2680 1166 2715; x_wconf 84' lang='lat' dir='ltr'><em>ordina-</em></span> 
     </span>
     <span class='ocr_line' id='line_1_56' title="bbox 284 2730 1167 2778; baseline -0.008 -7"><span class='ocrx_word' id='word_1_366' title='bbox 284 2738 370 2772; x_wconf 85' lang='lat' dir='ltr'><em>rium</em></span> <span class='ocrx_word' id='word_1_367' title='bbox 402 2735 662 2773; x_wconf 80' lang='lat' dir='ltr'><em>Patriarchatum</em></span> <span class='ocrx_word' id='word_1_368' title='bbox 697 2759 708 2775; x_wconf 92' lang='lat'><em>,</em></span> <span class='ocrx_word' id='word_1_369' title='bbox 746 2734 886 2778; x_wconf 85' lang='lat' dir='ltr'><em>reliquas</em></span> <span class='ocrx_word' id='word_1_370' title='bbox 920 2730 1167 2771; x_wconf 82' lang='lat' dir='ltr'><em>transmarinas,</em></span> 
     </span>
     <span class='ocr_line' id='line_1_57' title="bbox 285 2782 1168 2825; baseline -0.005 -5"><span class='ocrx_word' id='word_1_371' title='bbox 285 2798 341 2821; x_wconf 88' lang='lat' dir='ltr'><em>aut</em></span> <span class='ocrx_word' id='word_1_372' title='bbox 363 2790 627 2823; x_wconf 84' lang='lat' dir='ltr'><em>transmontanas</em></span> <span class='ocrx_word' id='word_1_373' title='bbox 649 2787 684 2819; x_wconf 87' lang='lat' dir='ltr'><em>in</em></span> <span class='ocrx_word' id='word_1_374' title='bbox 708 2784 896 2819; x_wconf 83' lang='lat' dir='ltr'><em>Occidente</em></span> <span class='ocrx_word' id='word_1_375' title='bbox 921 2782 1081 2817; x_wconf 78' lang='lat' dir='ltr'><em>Ecclesias</em></span> <span class='ocrx_word' id='word_1_376' title='bbox 1103 2782 1168 2825; x_wconf 89' lang='lat' dir='ltr'><em>spe·</em></span> 
     </span>
     <span class='ocr_line' id='line_1_58' title="bbox 285 2832 1170 2882; baseline -0.005 -11"><span class='ocrx_word' id='word_1_377' title='bbox 285 2839 370 2871; x_wconf 61' lang='lat' dir='ltr'><em>§lare</em></span> <span class='ocrx_word' id='word_1_378' title='bbox 382 2839 514 2882; x_wconf 85' lang='lat' dir='ltr'><em>quidem</em></span> <span class='ocrx_word' id='word_1_379' title='bbox 534 2836 574 2872; x_wconf 86' lang='lat' dir='ltr'><em>ad</em></span> <span class='ocrx_word' id='word_1_380' title='bbox 595 2836 661 2881; x_wconf 82' lang='lat' dir='ltr'><em>ejus</em></span> <span class='ocrx_word' id='word_1_381' title='bbox 671 2847 780 2870; x_wconf 86' lang='lat' dir='ltr'><em>curam</em></span> <span class='ocrx_word' id='word_1_382' title='bbox 793 2858 803 2874; x_wconf 94' lang='lat'><em>,</em></span> <span class='ocrx_word' id='word_1_383' title='bbox 829 2845 898 2868; x_wconf 87' lang='lat' dir='ltr'><em>non</em></span> <span class='ocrx_word' id='word_1_384' title='bbox 926 2841 1035 2867; x_wconf 87' lang='lat' dir='ltr'><em>tamen</em></span> <span class='ocrx_word' id='word_1_385' title='bbox 1056 2832 1097 2866; x_wconf 85' lang='lat' dir='ltr'><em>ad</em></span> <span class='ocrx_word' id='word_1_386' title='bbox 1109 2832 1170 2867; x_wconf 86' lang='lat' dir='ltr'><em>Pa·</em></span> 
     </span>
     <span class='ocr_line' id='line_1_59' title="bbox 286 2883 1171 2930; baseline -0.005 -10"><span class='ocrx_word' id='word_1_387' title='bbox 286 2883 497 2923; x_wconf 81' lang='lat' dir='ltr'><em>triarchaturn</em></span> <span class='ocrx_word' id='word_1_388' title='bbox 511 2914 521 2930; x_wconf 91' lang='lat'><em>,</em></span> <span class='ocrx_word' id='word_1_389' title='bbox 532 2900 592 2923; x_wconf 87' lang='lat' dir='ltr'><em>nec</em></span> <span class='ocrx_word' id='word_1_390' title='bbox 604 2887 644 2921; x_wconf 88' lang='lat' dir='ltr'><em>ad</em></span> <span class='ocrx_word' id='word_1_391' title='bbox 657 2885 828 2927; x_wconf 88' lang='lat' dir='ltr'><em>Synodum</em></span> <span class='ocrx_word' id='word_1_392' title='bbox 841 2891 850 2924; x_wconf 71' lang='lat'>3</span> <span class='ocrx_word' id='word_1_393' title='bbox 864 2895 921 2918; x_wconf 86' lang='lat' dir='ltr'><em>nec</em></span> <span class='ocrx_word' id='word_1_394' title='bbox 932 2883 973 2917; x_wconf 84' lang='lat' dir='ltr'><em>ad</em></span> <span class='ocrx_word' id='word_1_395' title='bbox 985 2894 1100 2917; x_wconf 90' lang='lat' dir='ltr'><em>manus</em></span> <span class='ocrx_word' id='word_1_396' title='bbox 1112 2884 1171 2917; x_wconf 88' lang='lat' dir='ltr'><em>im-</em></span> 
     </span>
     <span class='ocr_line' id='line_1_60' title="bbox 288 2934 1162 2980; baseline -0.006 -9"><span class='ocrx_word' id='word_1_397' title='bbox 288 2938 484 2980; x_wconf 72' lang='lat' dir='ltr'><em>positionem</em></span> <span class='ocrx_word' id='word_1_398' title='bbox 508 2963 516 2969; x_wconf 89' lang='lat'>.</span> <span class='ocrx_word' id='word_1_399' title='bbox 553 2938 610 2970; x_wconf 90' lang='lat' dir='ltr'><em>Est</em></span> <span class='ocrx_word' id='word_1_400' title='bbox 637 2936 780 2971; x_wconf 75' lang='lat' dir='ltr'><em>omnino</em></span> <span class='ocrx_word' id='word_1_401' title='bbox 806 2934 982 2969; x_wconf 85' lang='lat' dir='ltr'><em>Hincmari</em></span> <span class='ocrx_word' id='word_1_402' title='bbox 1008 2934 1162 2977; x_wconf 82' lang='lat' dir='ltr'><em>epistola.</em></span> 
     </span>
     <span class='ocr_line' id='line_1_61' title="bbox 288 2984 1170 3032; baseline -0.006 -10"><span class='ocrx_word' id='word_1_403' title='bbox 288 2987 460 3022; x_wconf 80' lang='lat' dir='ltr'><em>Versatilis</em></span> <span class='ocrx_word' id='word_1_404' title='bbox 481 2988 612 3032; x_wconf 86' lang='lat' dir='ltr'><em>ingenii</em></span> <span class='ocrx_word' id='word_1_405' title='bbox 633 2986 757 3028; x_wconf 88' lang='lat' dir='ltr'><em>homo,</em></span> <span class='ocrx_word' id='word_1_406' title='bbox 783 2997 853 3030; x_wconf 86' lang='lat' dir='ltr'><em>quae</em></span> <span class='ocrx_word' id='word_1_407' title='bbox 878 2984 1009 3027; x_wconf 84' lang='lat' dir='ltr'><em>proprio</em></span> <span class='ocrx_word' id='word_1_408' title='bbox 1034 2985 1170 3018; x_wconf 88' lang='lat' dir='ltr'><em>nomine</em></span> 
     </span>
     <span class='ocr_line' id='line_1_62' title="bbox 289 3034 1171 3084; baseline -0.003 -13"><span class='ocrx_word' id='word_1_409' title='bbox 289 3050 358 3072; x_wconf 88' lang='lat' dir='ltr'><em>non</em></span> <span class='ocrx_word' id='word_1_410' title='bbox 371 3036 564 3084; x_wconf 78' lang='lat' dir='ltr'><em>praesumpfit</em></span> <span class='ocrx_word' id='word_1_411' title='bbox 574 3037 760 3077; x_wconf 83' lang='lat' dir='ltr'><em>effundere,</em></span> <span class='ocrx_word' id='word_1_412' title='bbox 786 3034 941 3069; x_wconf 68' lang='lat' dir='ltr'><em>erustavit</em></span> <span class='ocrx_word' id='word_1_413' title='bbox 961 3034 1020 3068; x_wconf 88' lang='lat' dir='ltr'><em>sub</em></span> <span class='ocrx_word' id='word_1_414' title='bbox 1035 3035 1171 3068; x_wconf 88' lang='lat' dir='ltr'><em>nomine</em></span> 
     </span>
     <span class='ocr_line' id='line_1_63' title="bbox 288 3084 1170 3131; baseline -0.005 -9"><span class='ocrx_word' id='word_1_415' title='bbox 288 3088 430 3124; x_wconf 83' lang='lat' dir='ltr'><em>obnoxii</em></span> <span class='ocrx_word' id='word_1_416' title='bbox 441 3088 500 3123; x_wconf 85' lang='lat' dir='ltr'><em>fibi</em></span> <span class='ocrx_word' id='word_1_417' title='bbox 512 3087 718 3131; x_wconf 87' lang='lat' dir='ltr'><em>Imperatoris</em></span> <span class='ocrx_word' id='word_1_418' title='bbox 732 3114 739 3121; x_wconf 95' lang='lat'><strong>.</strong></span> <span class='ocrx_word' id='word_1_419' title='bbox 765 3085 809 3120; x_wconf 88' lang='lat' dir='ltr'><em>Et</em></span> <span class='ocrx_word' id='word_1_420' title='bbox 823 3084 891 3119; x_wconf 85' lang='lat' dir='ltr'><em>haec</em></span> <span class='ocrx_word' id='word_1_421' title='bbox 913 3084 1001 3119; x_wconf 82' lang='lat' dir='ltr'><em>foeda</em></span> <span class='ocrx_word' id='word_1_422' title='bbox 1013 3085 1170 3128; x_wconf 87' lang='lat' dir='ltr'><em>principia</em></span> 
     </span>
     <span class='ocr_line' id='line_1_64' title="bbox 291 3134 1175 3179; baseline -0.005 -7"><span class='ocrx_word' id='word_1_423' title='bbox 291 3139 434 3174; x_wconf 83' lang='lat' dir='ltr'><em>resorbet</em></span> <span class='ocrx_word' id='word_1_424' title='bbox 469 3138 636 3173; x_wconf 87' lang='lat' dir='ltr'><em>Dominus</em></span> <span class='ocrx_word' id='word_1_425' title='bbox 671 3136 947 3179; x_wconf 82' lang='lat' dir='ltr'><em>Archiepiscopus</em></span> <span class='ocrx_word' id='word_1_426' title='bbox 981 3134 1096 3169; x_wconf 88' lang='lat' dir='ltr'><em>Petrus</em></span> <span class='ocrx_word' id='word_1_427' title='bbox 1131 3134 1175 3168; x_wconf 83' lang='lat' dir='ltr'><em>de</em></span> 
     </span>
    </p>
   </div>
   <div class='ocr_carea' id='block_1_10' title="bbox 292 3183 1179 3234">
    <p class='ocr_par' dir='ltr' id='par_1_11' title="bbox 292 3183 1179 3234">
     <span class='ocr_line' id='line_1_65' title="bbox 292 3183 1179 3234; baseline -0.003 -12"><span class='ocrx_word' id='word_1_428' title='bbox 292 3188 407 3225; x_wconf 87' lang='lat' dir='ltr'><em>Marca</em></span> <span class='ocrx_word' id='word_1_429' title='bbox 420 3215 432 3231; x_wconf 93' lang='lat'><em>,</em></span> <span class='ocrx_word' id='word_1_430' title='bbox 456 3191 490 3224; x_wconf 79' lang='grc' dir='ltr'><em>δε</em></span> <span class='ocrx_word' id='word_1_431' title='bbox 502 3188 661 3234; x_wconf 86' lang='lat' dir='ltr'><em>gloriatur</em></span> <span class='ocrx_word' id='word_1_432' title='bbox 670 3189 733 3221; x_wconf 79' lang='lat' dir='ltr'><em>effe</em></span> <span class='ocrx_word' id='word_1_433' title='bbox 744 3188 801 3220; x_wconf 88' lang='lat' dir='ltr'><em>sua</em></span> <span class='ocrx_word' id='word_1_434' title='bbox 814 3186 949 3219; x_wconf 85' lang='lat' dir='ltr'><em>inventa</em></span> <span class='ocrx_word' id='word_1_435' title='bbox 960 3210 967 3217; x_wconf 87' lang='lat'><em>.</em></span> <span class='ocrx_word' id='word_1_436' title='bbox 995 3183 1098 3220; x_wconf 75' lang='lat' dir='ltr'><em>Porro</em></span> <span class='ocrx_word' id='word_1_437' title='bbox 1112 3185 1179 3219; x_wconf 47' lang='lat' dir='ltr'><em>Imm</em></span> 
     </span>
    </p>
   </div>
   <div class='ocr_carea' id='block_1_11' title="bbox 291 3236 1177 3483">
    <p class='ocr_par' dir='ltr' id='par_1_12' title="bbox 291 3236 1177 3483">
     <span class='ocr_line' id='line_1_66' title="bbox 292 3236 1173 3284; baseline -0.003 -12"><span class='ocrx_word' id='word_1_438' title='bbox 292 3242 446 3282; x_wconf 79' lang='lat' dir='ltr'><em>peratoris</em></span> <span class='ocrx_word' id='word_1_439' title='bbox 460 3238 634 3284; x_wconf 69' lang='lat' dir='ltr'><em>Iustiniani</em></span> <span class='ocrx_word' id='word_1_440' title='bbox 654 3236 798 3272; x_wconf 87' lang='lat' dir='ltr'><em>novellas</em></span> <span class='ocrx_word' id='word_1_441' title='bbox 809 3236 919 3280; x_wconf 87' lang='lat' dir='ltr'><em>leges,</em></span> <span class='ocrx_word' id='word_1_442' title='bbox 945 3247 1015 3279; x_wconf 83' lang='lat' dir='ltr'><em>quae</em></span> <span class='ocrx_word' id='word_1_443' title='bbox 1036 3237 1173 3279; x_wconf 66' lang='lat' dir='ltr'><em>spedlare</em></span> 
     </span>
     <span class='ocr_line' id='line_1_67' title="bbox 291 3286 1173 3333; baseline -0.002 -12"><span class='ocrx_word' id='word_1_444' title='bbox 291 3287 335 3322; x_wconf 84' lang='lat' dir='ltr'><em>ad</em></span> <span class='ocrx_word' id='word_1_445' title='bbox 373 3291 515 3333; x_wconf 69' lang='lat' dir='ltr'><em>alicujus</em></span> <span class='ocrx_word' id='word_1_446' title='bbox 534 3287 726 3324; x_wconf 79' lang='lat' dir='ltr'><em>Patriarchae</em></span> <span class='ocrx_word' id='word_1_447' title='bbox 761 3286 936 3330; x_wconf 86' lang='lat' dir='ltr'><em>Synodum</em></span> <span class='ocrx_word' id='word_1_448' title='bbox 972 3286 1006 3319; x_wconf 90' lang='lat'>&amp;</span> <span class='ocrx_word' id='word_1_449' title='bbox 1035 3287 1173 3328; x_wconf 58' lang='lat' dir='ltr'><em>spectare</em></span> 
     </span>
     <span class='ocr_line' id='line_1_68' title="bbox 293 3336 1173 3383; baseline -0.003 -11"><span class='ocrx_word' id='word_1_450' title='bbox 293 3336 335 3372; x_wconf 66' lang='lat' dir='ltr'><em>ad</em></span> <span class='ocrx_word' id='word_1_451' title='bbox 362 3339 496 3383; x_wconf 80' lang='lat' dir='ltr'><em>alicujus</em></span> <span class='ocrx_word' id='word_1_452' title='bbox 522 3337 717 3375; x_wconf 83' lang='lat' dir='ltr'><em>Patriarchae</em></span> <span class='ocrx_word' id='word_1_453' title='bbox 742 3336 987 3371; x_wconf 81' lang='lat' dir='ltr'><em>ordinationem</em></span> <span class='ocrx_word' id='word_1_454' title='bbox 1012 3336 1173 3370; x_wconf 86' lang='lat' dir='ltr'><em>affirmant</em></span> 
     </span>
     <span class='ocr_line' id='line_1_69' title="bbox 294 3385 1172 3425; baseline -0.003 -4"><span class='ocrx_word' id='word_1_455' title='bbox 294 3385 359 3422; x_wconf 77' lang='lat' dir='ltr'><em>effe</em></span> <span class='ocrx_word' id='word_1_456' title='bbox 383 3388 498 3423; x_wconf 83' lang='lat' dir='ltr'><em>eadem</em></span> <span class='ocrx_word' id='word_1_457' title='bbox 518 3399 574 3424; x_wconf 88' lang='lat' dir='ltr'><em>aut</em></span> <span class='ocrx_word' id='word_1_458' title='bbox 601 3388 763 3424; x_wconf 63' lang='lat' dir='ltr'><em>indivulse:</em></span> <span class='ocrx_word' id='word_1_459' title='bbox 788 3397 957 3425; x_wconf 80' lang='lat' dir='ltr'><em>connexa,</em></span> <span class='ocrx_word' id='word_1_460' title='bbox 983 3386 1085 3420; x_wconf 89' lang='lat' dir='ltr'><em>etiam</em></span> <span class='ocrx_word' id='word_1_461' title='bbox 1107 3385 1172 3418; x_wconf 86' lang='lat' dir='ltr'><em>lau-</em></span> 
     </span>
     <span class='ocr_line' id='line_1_70' title="bbox 294 3434 1177 3483; baseline -0.007 -9"><span class='ocrx_word' id='word_1_462' title='bbox 294 3437 351 3474; x_wconf 70' lang='lat' dir='ltr'><em>dat</em></span> <span class='ocrx_word' id='word_1_463' title='bbox 375 3438 473 3476; x_wconf 57' lang='lat' dir='ltr'><em>affin</em></span> <span class='ocrx_word' id='word_1_464' title='bbox 509 3438 582 3483; x_wconf 67' lang='lat' dir='ltr'><em>ipsis</em></span> <span class='ocrx_word' id='word_1_465' title='bbox 619 3442 650 3473; x_wconf 85' lang='lat' dir='ltr'><em>se</em></span> <span class='ocrx_word' id='word_1_466' title='bbox 676 3438 792 3476; x_wconf 85' lang='lat' dir='ltr'><em>fundat</em></span> <span class='ocrx_word' id='word_1_467' title='bbox 829 3436 888 3471; x_wconf 85' lang='lat' dir='ltr'><em>ista</em></span> <span class='ocrx_word' id='word_1_468' title='bbox 913 3435 1047 3481; x_wconf 87' lang='lat' dir='ltr'><em>epistola</em></span> <span class='ocrx_word' id='word_1_469' title='bbox 1068 3460 1077 3469; x_wconf 82' lang='lat'><strong>.</strong></span> <span class='ocrx_word' id='word_1_470' title='bbox 1116 3434 1177 3470; x_wconf 89' lang='lat' dir='ltr'><em>Est-</em></span> 
     </span>
    </p>
   </div>
   <div class='ocr_carea' id='block_1_12' title="bbox 842 136 1488 182">
    <p class='ocr_par' dir='ltr' id='par_1_13' title="bbox 842 136 1488 182">
     <span class='ocr_line' id='line_1_71' title="bbox 842 136 1488 182; baseline 0.002 -1"><span class='ocrx_word' id='word_1_471' title='bbox 842 136 1488 182; x_wconf 65' lang='lat' dir='ltr'><em>D1ssea-rarlo</em></span> 
     </span>
    </p>
   </div>
   <div class='ocr_carea' id='block_1_13' title="bbox 1213 213 2105 1221">
    <p class='ocr_par' dir='ltr' id='par_1_14' title="bbox 1216 213 2102 351">
     <span class='ocr_line' id='line_1_72' title="bbox 1216 213 2102 276; baseline 0.024 -28"><span class='ocrx_word' id='word_1_472' title='bbox 1216 213 1359 273; x_wconf 54' lang='lat' dir='ltr'><em>omnint}</em></span> <span class='ocrx_word' id='word_1_473' title='bbox 1383 217 1476 273; x_wconf 75' lang='lat' dir='ltr'><em>firma</em></span> <span class='ocrx_word' id='word_1_474' title='bbox 1491 221 1604 265; x_wconf 81' lang='lat' dir='ltr'><em>regula</em></span> <span class='ocrx_word' id='word_1_475' title='bbox 1617 247 1624 255; x_wconf 93' lang='lat'>.</span> <span class='ocrx_word' id='word_1_476' title='bbox 1653 223 1697 258; x_wconf 82' lang='lat' dir='ltr'><em>Et</em></span> <span class='ocrx_word' id='word_1_477' title='bbox 1715 233 1783 258; x_wconf 85' lang='lat' dir='ltr'><em>tam</em></span> <span class='ocrx_word' id='word_1_478' title='bbox 1803 226 1979 270; x_wconf 84' lang='lat' dir='ltr'><em>Hincmari</em></span> <span class='ocrx_word' id='word_1_479' title='bbox 2002 231 2102 276; x_wconf 64' lang='lat' dir='ltr'><em>quam</em></span> 
     </span>
     <span class='ocr_line' id='line_1_73' title="bbox 1217 264 2102 322; baseline 0.026 -27"><span class='ocrx_word' id='word_1_480' title='bbox 1217 264 1359 322; x_wconf 75' lang='lat' dir='ltr'><em>Domini</em></span> <span class='ocrx_word' id='word_1_481' title='bbox 1371 268 1622 317; x_wconf 74' lang='lat' dir='ltr'><em>Archiepiscopi</em></span> <span class='ocrx_word' id='word_1_482' title='bbox 1643 275 1865 319; x_wconf 77' lang='lat' dir='ltr'><em>cogitationes</em></span> <span class='ocrx_word' id='word_1_483' title='bbox 1886 283 2102 322; x_wconf 70' lang='lat' dir='ltr'><em>potentissime</em></span> 
     </span>
     <span class='ocr_line' id='line_1_74' title="bbox 1216 312 1372 351; baseline 0.026 -4"><span class='ocrx_word' id='word_1_484' title='bbox 1216 312 1352 350; x_wconf 81' lang='lat' dir='ltr'><em>destruit</em></span> <span class='ocrx_word' id='word_1_485' title='bbox 1365 344 1372 351; x_wconf 94' lang='lat'><strong><em>.</em></strong></span> 
     </span>
    </p>

    <p class='ocr_par' dir='ltr' id='par_1_15' title="bbox 1213 366 2105 1221">
     <span class='ocr_line' id='line_1_75' title="bbox 1266 366 2102 425; baseline 0.017 -23"><span class='ocrx_word' id='word_1_486' title='bbox 1266 366 1437 425; x_wconf 65' lang='lat' dir='ltr'><em>Secundus</em></span> <span class='ocrx_word' id='word_1_487' title='bbox 1458 371 1562 416; x_wconf 75' lang='lat' dir='ltr'><em>igitur</em></span> <span class='ocrx_word' id='word_1_488' title='bbox 1585 373 1728 409; x_wconf 87' lang='lat' dir='ltr'><em>Domini</em></span> <span class='ocrx_word' id='word_1_489' title='bbox 1740 374 1994 422; x_wconf 83' lang='lat' dir='ltr'><em>Archiepiscopi</em></span> <span class='ocrx_word' id='word_1_490' title='bbox 2013 386 2102 421; x_wconf 70' lang='lat' dir='ltr'><em>errot</em></span> 
     </span>
     <span class='ocr_line' id='line_1_76' title="bbox 1216 414 2104 469; baseline 0.021 -23"><span class='ocrx_word' id='word_1_491' title='bbox 1216 414 1262 447; x_wconf 89' lang='lat' dir='ltr'><em>est</em></span> <span class='ocrx_word' id='word_1_492' title='bbox 1285 429 1320 450; x_wconf 81' lang='grc' dir='ltr'><em>ιη</em></span> <span class='ocrx_word' id='word_1_493' title='bbox 1334 419 1385 456; x_wconf 74' lang='lat' dir='ltr'><em>his</em></span> <span class='ocrx_word' id='word_1_494' title='bbox 1409 421 1537 469; x_wconf 83' lang='lat' dir='ltr'><em>verbis:</em></span> <span class='ocrx_word' id='word_1_495' title='bbox 1565 426 1610 457; x_wconf 84' lang='lat' dir='ltr'><em>De</em></span> <span class='ocrx_word' id='word_1_496' title='bbox 1629 428 1866 468; x_wconf 80' lang='lat' dir='ltr'><em>Metropolitanis</em></span> <span class='ocrx_word' id='word_1_497' title='bbox 1888 431 2010 463; x_wconf 75' lang='lat' dir='ltr'><em>tantum</em></span> <span class='ocrx_word' id='word_1_498' title='bbox 2030 436 2104 465; x_wconf 76' lang='lat' dir='ltr'><em>acet-</em></span> 
     </span>
     <span class='ocr_line' id='line_1_77' title="bbox 1213 469 2101 521; baseline 0.018 -24"><span class='ocrx_word' id='word_1_499' title='bbox 1213 469 1320 507; x_wconf 81' lang='lat' dir='ltr'><em>piatur</em></span> <span class='ocrx_word' id='word_1_500' title='bbox 1333 494 1344 511; x_wconf 96' lang='lat'><em>,</em></span> <span class='ocrx_word' id='word_1_501' title='bbox 1370 471 1576 515; x_wconf 81' lang='lat' dir='ltr'><em>quiDioecefios</em></span> <span class='ocrx_word' id='word_1_502' title='bbox 1590 474 1754 510; x_wconf 79' lang='lat' dir='ltr'><em>Urbicariae</em></span> <span class='ocrx_word' id='word_1_503' title='bbox 1770 478 1883 521; x_wconf 75' lang='lat' dir='ltr'><em>finibus</em></span> <span class='ocrx_word' id='word_1_504' title='bbox 1898 485 2083 514; x_wconf 80' lang='lat' dir='ltr'><em>continentur</em></span> <span class='ocrx_word' id='word_1_505' title='bbox 2092 505 2101 513; x_wconf 89' lang='lat'><em>.</em></span> 
     </span>
     <span class='ocr_line' id='line_1_78' title="bbox 1220 520 2103 569; baseline 0.015 -17"><span class='ocrx_word' id='word_1_506' title='bbox 1220 520 1263 553; x_wconf 88' lang='lat' dir='ltr'><em>Et</em></span> <span class='ocrx_word' id='word_1_507' title='bbox 1289 520 1324 553; x_wconf 92' lang='lat' dir='ltr'><em>in</em></span> <span class='ocrx_word' id='word_1_508' title='bbox 1337 521 1407 557; x_wconf 89' lang='lat' dir='ltr'><em>his:</em></span> <span class='ocrx_word' id='word_1_509' title='bbox 1434 526 1498 567; x_wconf 73' lang='lat' dir='ltr'><em>,Qui</em></span> <span class='ocrx_word' id='word_1_510' title='bbox 1512 522 1622 566; x_wconf 84' lang='lat' dir='ltr'><em>saltem</em></span> <span class='ocrx_word' id='word_1_511' title='bbox 1642 537 1681 559; x_wconf 83' lang='lat' dir='ltr'><em>ex</em></span> <span class='ocrx_word' id='word_1_512' title='bbox 1693 527 1812 569; x_wconf 69' lang='lat' dir='ltr'><em>Dia-cest</em></span> <span class='ocrx_word' id='word_1_513' title='bbox 1834 529 1988 563; x_wconf 73' lang='lat' dir='ltr'><em>Urbicarla</em></span> <span class='ocrx_word' id='word_1_514' title='bbox 2008 532 2103 565; x_wconf 75' lang='lat' dir='ltr'><em>&amp;de-</em></span> 
     </span>
     <span class='ocr_line' id='line_1_79' title="bbox 1217 573 2102 625; baseline 0.015 -23"><span class='ocrx_word' id='word_1_515' title='bbox 1217 580 1279 603; x_wconf 87' lang='lat' dir='ltr'><em>cem</em></span> <span class='ocrx_word' id='word_1_516' title='bbox 1293 573 1533 615; x_wconf 80' lang='lat' dir='ltr'><em>Metropolitanis</em></span> <span class='ocrx_word' id='word_1_517' title='bbox 1550 574 1716 615; x_wconf 82' lang='lat' dir='ltr'><em>constabat.</em></span> <span class='ocrx_word' id='word_1_518' title='bbox 1745 577 1802 612; x_wconf 82' lang='lat' dir='ltr'><em>Est</em></span> <span class='ocrx_word' id='word_1_519' title='bbox 1825 579 1948 623; x_wconf 83' lang='lat' dir='ltr'><em>duplex</em></span> <span class='ocrx_word' id='word_1_520' title='bbox 1975 581 2011 614; x_wconf 88' lang='lat' dir='ltr'><em>in</em></span> <span class='ocrx_word' id='word_1_521' title='bbox 2027 581 2102 625; x_wconf 76' lang='lat' dir='ltr'><em>ipsis</em></span> 
     </span>
     <span class='ocr_line' id='line_1_80' title="bbox 1218 624 2102 675; baseline 0.011 -20"><span class='ocrx_word' id='word_1_522' title='bbox 1218 634 1326 658; x_wconf 86' lang='lat' dir='ltr'><em>error.</em></span> <span class='ocrx_word' id='word_1_523' title='bbox 1355 624 1484 658; x_wconf 83' lang='lat' dir='ltr'><em>Primus</em></span> <span class='ocrx_word' id='word_1_524' title='bbox 1496 624 1563 665; x_wconf 90' lang='lat' dir='ltr'><em>est,</em></span> <span class='ocrx_word' id='word_1_525' title='bbox 1589 625 1679 667; x_wconf 71' lang='lat' dir='ltr'><em>quod</em></span> <span class='ocrx_word' id='word_1_526' title='bbox 1699 628 1832 672; x_wconf 82' lang='lat' dir='ltr'><em>fingulae</em></span> <span class='ocrx_word' id='word_1_527' title='bbox 1849 630 1884 663; x_wconf 85' lang='lat' dir='ltr'><em>in</em></span> <span class='ocrx_word' id='word_1_528' title='bbox 1904 629 1998 664; x_wconf 84' lang='lat' dir='ltr'><em>Italia</em></span> <span class='ocrx_word' id='word_1_529' title='bbox 2021 631 2102 675; x_wconf 87' lang='lat' dir='ltr'><em>poli-</em></span> 
     </span>
     <span class='ocr_line' id='line_1_81' title="bbox 1218 673 2105 716; baseline 0.01 -9"><span class='ocrx_word' id='word_1_530' title='bbox 1218 674 1290 708; x_wconf 83' lang='lat' dir='ltr'><em>ticae</em></span> <span class='ocrx_word' id='word_1_531' title='bbox 1301 673 1483 708; x_wconf 82' lang='lat' dir='ltr'><em>Provinciae</em></span> <span class='ocrx_word' id='word_1_532' title='bbox 1494 675 1617 710; x_wconf 84' lang='lat' dir='ltr'><em>fuerint</em></span> <span class='ocrx_word' id='word_1_533' title='bbox 1633 678 1732 711; x_wconf 78' lang='lat' dir='ltr'><em>etiam</em></span> <span class='ocrx_word' id='word_1_534' title='bbox 1743 678 1925 714; x_wconf 82' lang='lat' dir='ltr'><em>Provinciae</em></span> <span class='ocrx_word' id='word_1_535' title='bbox 1948 680 2105 716; x_wconf 78' lang='lat' dir='ltr'><em>Ecclesia-</em></span> 
     </span>
     <span class='ocr_line' id='line_1_82' title="bbox 1219 724 2103 774; baseline 0.01 -17"><span class='ocrx_word' id='word_1_536' title='bbox 1219 725 1303 758; x_wconf 86' lang='lat' dir='ltr'><em>sticae</em></span> <span class='ocrx_word' id='word_1_537' title='bbox 1327 750 1337 765; x_wconf 92' lang='lat'><em>,</em></span> <span class='ocrx_word' id='word_1_538' title='bbox 1365 724 1608 768; x_wconf 86' lang='lat' dir='ltr'><em>habuerintque</em></span> <span class='ocrx_word' id='word_1_539' title='bbox 1632 728 1725 761; x_wconf 86' lang='lat' dir='ltr'><em>snum</em></span> <span class='ocrx_word' id='word_1_540' title='bbox 1750 729 1952 774; x_wconf 84' lang='lat' dir='ltr'><em>Episcopum</em></span> <span class='ocrx_word' id='word_1_541' title='bbox 1974 730 2103 765; x_wconf 88' lang='lat' dir='ltr'><em>Metro-</em></span> 
     </span>
     <span class='ocr_line' id='line_1_83' title="bbox 1220 774 2103 818; baseline 0.009 -11"><span class='ocrx_word' id='word_1_542' title='bbox 1220 774 1358 818; x_wconf 86' lang='lat' dir='ltr'><em>politam</em></span> <span class='ocrx_word' id='word_1_543' title='bbox 1371 800 1378 807; x_wconf 91' lang='lat'><strong>.</strong></span> <span class='ocrx_word' id='word_1_544' title='bbox 1407 775 1541 810; x_wconf 88' lang='lat' dir='ltr'><em>Etenim</em></span> <span class='ocrx_word' id='word_1_545' title='bbox 1562 776 1674 811; x_wconf 83' lang='lat' dir='ltr'><em>Italica</em></span> <span class='ocrx_word' id='word_1_546' title='bbox 1687 779 1845 813; x_wconf 77' lang='lat' dir='ltr'><em>DIoecefis</em></span> <span class='ocrx_word' id='word_1_547' title='bbox 1865 781 1948 814; x_wconf 88' lang='lat' dir='ltr'><em>olim</em></span> <span class='ocrx_word' id='word_1_548' title='bbox 1970 792 2038 815; x_wconf 89' lang='lat' dir='ltr'><em>non</em></span> <span class='ocrx_word' id='word_1_549' title='bbox 2050 781 2103 815; x_wconf 84' lang='lat' dir='ltr'><em>ha-</em></span> 
     </span>
     <span class='ocr_line' id='line_1_84' title="bbox 1221 823 2101 872; baseline 0.011 -15"><span class='ocrx_word' id='word_1_550' title='bbox 1221 823 1293 858; x_wconf 88' lang='lat' dir='ltr'><em>buit</em></span> <span class='ocrx_word' id='word_1_551' title='bbox 1323 826 1382 859; x_wconf 85' lang='lat' dir='ltr'><em>nisi</em></span> <span class='ocrx_word' id='word_1_552' title='bbox 1419 836 1560 869; x_wconf 86' lang='lat' dir='ltr'><em>quatuor</em></span> <span class='ocrx_word' id='word_1_553' title='bbox 1594 827 1829 872; x_wconf 86' lang='lat' dir='ltr'><em>Metropolitas</em></span> <span class='ocrx_word' id='word_1_554' title='bbox 1849 844 1860 864; x_wconf 82' lang='lat'><em>.-</em></span> <span class='ocrx_word' id='word_1_555' title='bbox 1887 830 2101 872; x_wconf 86' lang='lat' dir='ltr'><em>Romanum,</em></span> 
     </span>
     <span class='ocr_line' id='line_1_85' title="bbox 1220 873 2103 922; baseline 0.009 -14"><span class='ocrx_word' id='word_1_556' title='bbox 1220 873 1503 910; x_wconf 80' lang='lat' dir='ltr'><em>Mediolanensem</em></span> <span class='ocrx_word' id='word_1_557' title='bbox 1525 900 1536 916; x_wconf 86' lang='lat'>‚</span> <span class='ocrx_word' id='word_1_558' title='bbox 1576 877 1822 922; x_wconf 81' lang='lat' dir='ltr'><em>Aquilejensem</em></span> <span class='ocrx_word' id='word_1_559' title='bbox 1839 905 1850 921; x_wconf 93' lang='lat'><em>,</em></span> <span class='ocrx_word' id='word_1_560' title='bbox 1888 882 1922 915; x_wconf 68' lang='grc' dir='ltr'><em>ὃς</em></span> <span class='ocrx_word' id='word_1_561' title='bbox 1945 882 2103 916; x_wconf 87' lang='lat' dir='ltr'><em>Calarita-</em></span> 
     </span>
     <span class='ocr_line' id='line_1_86' title="bbox 1222 925 2104 973; baseline 0.009 -15"><span class='ocrx_word' id='word_1_562' title='bbox 1222 936 1302 959; x_wconf 83' lang='lat' dir='ltr'><em>num</em></span> <span class='ocrx_word' id='word_1_563' title='bbox 1317 951 1325 958; x_wconf 92' lang='lat'><strong>.</strong></span> <span class='ocrx_word' id='word_1_564' title='bbox 1352 925 1529 972; x_wconf 77' lang='lat' dir='ltr'><em>Qidquid</em></span> <span class='ocrx_word' id='word_1_565' title='bbox 1542 927 1642 962; x_wconf 68' lang='lat' dir='ltr'><em>Italiae</em></span> <span class='ocrx_word' id='word_1_566' title='bbox 1664 939 1720 963; x_wconf 91' lang='lat' dir='ltr'><em>aut</em></span> <span class='ocrx_word' id='word_1_567' title='bbox 1742 929 1961 973; x_wconf 81' lang='lat' dir='ltr'><em>adjacentium</em></span> <span class='ocrx_word' id='word_1_568' title='bbox 1981 932 2104 966; x_wconf 86' lang='lat' dir='ltr'><em>Insula·</em></span> 
     </span>
     <span class='ocr_line' id='line_1_87' title="bbox 1221 975 2104 1025; baseline 0.008 -16"><span class='ocrx_word' id='word_1_569' title='bbox 1221 986 1293 1010; x_wconf 83' lang='lat' dir='ltr'><em>rum</em></span> <span class='ocrx_word' id='word_1_570' title='bbox 1318 987 1385 1009; x_wconf 87' lang='lat' dir='ltr'><em>non</em></span> <span class='ocrx_word' id='word_1_571' title='bbox 1409 975 1567 1018; x_wconf 64' lang='lat' dir='ltr'><em>spectabat</em></span> <span class='ocrx_word' id='word_1_572' title='bbox 1589 976 1629 1011; x_wconf 87' lang='lat' dir='ltr'><em>ad</em></span> <span class='ocrx_word' id='word_1_573' title='bbox 1639 989 1745 1014; x_wconf 89' lang='lat' dir='ltr'><em>unum</em></span> <span class='ocrx_word' id='word_1_574' title='bbox 1766 979 1900 1015; x_wconf 79' lang='lat' dir='ltr'><em>etribus</em></span> <span class='ocrx_word' id='word_1_575' title='bbox 1918 982 2104 1025; x_wconf 83' lang='lat' dir='ltr'><em>posteriori·-</em></span> 
     </span>
     <span class='ocr_line' id='line_1_88' title="bbox 1223 1024 2103 1075; baseline 0.008 -15"><span class='ocrx_word' id='word_1_576' title='bbox 1223 1027 1283 1060; x_wconf 88' lang='lat' dir='ltr'><em>bus</em></span> <span class='ocrx_word' id='word_1_577' title='bbox 1294 1051 1303 1066; x_wconf 95' lang='lat'><em>,</em></span> <span class='ocrx_word' id='word_1_578' title='bbox 1320 1024 1470 1069; x_wconf 70' lang='lat' dir='ltr'><em>proxime</em></span> <span class='ocrx_word' id='word_1_579' title='bbox 1478 1025 1636 1068; x_wconf 69' lang='lat' dir='ltr'><em>speEtabat</em></span> <span class='ocrx_word' id='word_1_580' title='bbox 1643 1028 1684 1060; x_wconf 87' lang='lat' dir='ltr'><em>ad</em></span> <span class='ocrx_word' id='word_1_581' title='bbox 1697 1041 1806 1064; x_wconf 88' lang='lat' dir='ltr'><em>curam</em></span> <span class='ocrx_word' id='word_1_582' title='bbox 1819 1031 2103 1075; x_wconf 85' lang='lat' dir='ltr'><em>Metropoliticam</em></span> 
     </span>
     <span class='ocr_line' id='line_1_89' title="bbox 1223 1075 2103 1122; baseline 0.008 -12"><span class='ocrx_word' id='word_1_583' title='bbox 1223 1077 1370 1110; x_wconf 85' lang='lat' dir='ltr'><em>Romani</em></span> <span class='ocrx_word' id='word_1_584' title='bbox 1393 1075 1546 1119; x_wconf 85' lang='lat' dir='ltr'><em>Episcopi</em></span> <span class='ocrx_word' id='word_1_585' title='bbox 1569 1100 1576 1107; x_wconf 90' lang='lat'><strong>.</strong></span> <span class='ocrx_word' id='word_1_586' title='bbox 1603 1076 1766 1112; x_wconf 86' lang='lat' dir='ltr'><em>Flaminia</em></span> <span class='ocrx_word' id='word_1_587' title='bbox 1781 1103 1794 1119; x_wconf 86' lang='lat'><em>,</em></span> <span class='ocrx_word' id='word_1_588' title='bbox 1820 1081 1986 1122; x_wconf 82' lang='lat' dir='ltr'><em>AEmilia,</em></span> <span class='ocrx_word' id='word_1_589' title='bbox 2011 1082 2103 1117; x_wconf 86' lang='lat' dir='ltr'><em>Pice-</em></span> 
     </span>
     <span class='ocr_line' id='line_1_90' title="bbox 1223 1125 2103 1173; baseline 0.01 -14"><span class='ocrx_word' id='word_1_590' title='bbox 1223 1139 1302 1161; x_wconf 88' lang='lat' dir='ltr'><em>num</em></span> <span class='ocrx_word' id='word_1_591' title='bbox 1315 1152 1325 1167; x_wconf 90' lang='lat'><em>,</em></span> <span class='ocrx_word' id='word_1_592' title='bbox 1337 1126 1484 1160; x_wconf 85' lang='lat' dir='ltr'><em>Thuscia</em></span> <span class='ocrx_word' id='word_1_593' title='bbox 1498 1150 1508 1165; x_wconf 91' lang='lat'><em>,</em></span> <span class='ocrx_word' id='word_1_594' title='bbox 1533 1125 1678 1160; x_wconf 80' lang='lat' dir='ltr'><em>Umbria</em></span> <span class='ocrx_word' id='word_1_595' title='bbox 1688 1152 1699 1168; x_wconf 89' lang='lat'>‚</span> <span class='ocrx_word' id='word_1_596' title='bbox 1720 1127 1903 1172; x_wconf 81' lang='lat' dir='ltr'><em>Campania</em></span> <span class='ocrx_word' id='word_1_597' title='bbox 1916 1154 1927 1170; x_wconf 94' lang='lat'><em>,</em></span> <span class='ocrx_word' id='word_1_598' title='bbox 1946 1132 2078 1167; x_wconf 84' lang='lat' dir='ltr'><em>Valeria</em></span> <span class='ocrx_word' id='word_1_599' title='bbox 2089 1158 2103 1173; x_wconf 86' lang='lat'>‚</span> 
     </span>
     <span class='ocr_line' id='line_1_91' title="bbox 1221 1174 2104 1221; baseline 0.005 -9"><span class='ocrx_word' id='word_1_600' title='bbox 1221 1178 1330 1212; x_wconf 87' lang='lat' dir='ltr'><em>Sicilia</em></span> <span class='ocrx_word' id='word_1_601' title='bbox 1340 1199 1350 1214; x_wconf 89' lang='lat'><em>,</em></span> <span class='ocrx_word' id='word_1_602' title='bbox 1366 1174 1516 1211; x_wconf 80' lang='lat' dir='ltr'>Calabria</span> <span class='ocrx_word' id='word_1_603' title='bbox 1531 1201 1542 1217; x_wconf 94' lang='lat'><em>,</em></span> <span class='ocrx_word' id='word_1_604' title='bbox 1554 1177 1675 1220; x_wconf 82' lang='lat' dir='ltr'><em>Apulia</em></span> <span class='ocrx_word' id='word_1_605' title='bbox 1687 1202 1698 1218; x_wconf 94' lang='lat'>‚</span> <span class='ocrx_word' id='word_1_606' title='bbox 1720 1179 1868 1212; x_wconf 88' lang='lat' dir='ltr'><em>Lucania</em></span> <span class='ocrx_word' id='word_1_607' title='bbox 1881 1202 1892 1218; x_wconf 97' lang='lat'><em>,</em></span> <span class='ocrx_word' id='word_1_608' title='bbox 1911 1179 2015 1217; x_wconf 86' lang='lat' dir='ltr'><em>Brutii</em></span> <span class='ocrx_word' id='word_1_609' title='bbox 2027 1206 2038 1221; x_wconf 95' lang='lat'><em>,</em></span> <span class='ocrx_word' id='word_1_610' title='bbox 2051 1184 2104 1216; x_wconf 83' lang='lat' dir='ltr'><em>Sa-</em></span> 
     </span>
    </p>
   </div>
   <div class='ocr_carea' id='block_1_14' title="bbox 1210 1227 2104 1272">
    <p class='ocr_par' dir='ltr' id='par_1_16' title="bbox 1210 1227 2104 1272">
     <span class='ocr_line' id='line_1_92' title="bbox 1210 1227 2104 1272; baseline 0.006 -11"><span class='ocrx_word' id='word_1_611' title='bbox 1210 1228 1358 1261; x_wconf 76' lang='lat' dir='ltr'><em>·mnites.</em></span> <span class='ocrx_word' id='word_1_612' title='bbox 1388 1228 1489 1262; x_wconf 87' lang='lat' dir='ltr'><em>Etita</em></span> <span class='ocrx_word' id='word_1_613' title='bbox 1510 1227 1572 1261; x_wconf 84' lang='lat' dir='ltr'><em>fuit</em></span> <span class='ocrx_word' id='word_1_614' title='bbox 1595 1228 1696 1272; x_wconf 88' lang='lat' dir='ltr'><em>usque</em></span> <span class='ocrx_word' id='word_1_615' title='bbox 1715 1229 1756 1262; x_wconf 90' lang='lat' dir='ltr'><em>ad</em></span> <span class='ocrx_word' id='word_1_616' title='bbox 1771 1229 1999 1265; x_wconf 85' lang='lat' dir='ltr'><em>Valentiniani</em></span> <span class='ocrx_word' id='word_1_617' title='bbox 2017 1231 2104 1266; x_wconf 82' lang='lat' dir='ltr'><em>tertii</em></span> 
     </span>
    </p>
   </div>
   <div class='ocr_carea' id='block_1_15' title="bbox 1221 1277 2104 1424">
    <p class='ocr_par' dir='ltr' id='par_1_17' title="bbox 1221 1277 2104 1424">
     <span class='ocr_line' id='line_1_93' title="bbox 1222 1277 2102 1322; baseline 0.007 -12"><span class='ocrx_word' id='word_1_618' title='bbox 1222 1277 1398 1322; x_wconf 76' lang='lat' dir='ltr'><em>Imperium</em></span> <span class='ocrx_word' id='word_1_619' title='bbox 1412 1302 1422 1318; x_wconf 95' lang='lat'><em>,</em></span> <span class='ocrx_word' id='word_1_620' title='bbox 1438 1278 1484 1312; x_wconf 91' lang='lat' dir='ltr'><em>ob</em></span> <span class='ocrx_word' id='word_1_621' title='bbox 1494 1277 1588 1320; x_wconf 81' lang='lat' dir='ltr'><em>cujus</em></span> <span class='ocrx_word' id='word_1_622' title='bbox 1598 1289 1707 1320; x_wconf 84' lang='lat' dir='ltr'><em>preces</em></span> <span class='ocrx_word' id='word_1_623' title='bbox 1719 1281 1852 1313; x_wconf 66' lang='lat' dir='ltr'><em>Sanetus</em></span> <span class='ocrx_word' id='word_1_624' title='bbox 1864 1280 1935 1315; x_wconf 87' lang='lat' dir='ltr'><em>Leo</em></span> <span class='ocrx_word' id='word_1_625' title='bbox 1944 1280 2102 1316; x_wconf 77' lang='lat' dir='ltr'><em>Pontifex</em></span> 
     </span>
     <span class='ocr_line' id='line_1_94' title="bbox 1225 1327 2102 1375; baseline 0.003 -13"><span class='ocrx_word' id='word_1_626' title='bbox 1225 1330 1420 1363; x_wconf 86' lang='lat' dir='ltr'><em>Ravennam</em></span> <span class='ocrx_word' id='word_1_627' title='bbox 1431 1328 1534 1362; x_wconf 85' lang='lat' dir='ltr'><em>erexit</em></span> <span class='ocrx_word' id='word_1_628' title='bbox 1547 1329 1582 1362; x_wconf 92' lang='lat' dir='ltr'><em>in</em></span> <span class='ocrx_word' id='word_1_629' title='bbox 1596 1327 1851 1364; x_wconf 81' lang='lat' dir='ltr'><em>Ecclesiasticam</em></span> <span class='ocrx_word' id='word_1_630' title='bbox 1861 1331 2076 1375; x_wconf 86' lang='lat' dir='ltr'><em>Metropolim</em></span> <span class='ocrx_word' id='word_1_631' title='bbox 2089 1356 2102 1372; x_wconf 85' lang='lat'>‚</span> 
     </span>
     <span class='ocr_line' id='line_1_95' title="bbox 1221 1378 2104 1424; baseline 0.003 -11"><span class='ocrx_word' id='word_1_632' title='bbox 1221 1379 1372 1422; x_wconf 85' lang='lat' dir='ltr'><em>&amp;ipsum</em></span> <span class='ocrx_word' id='word_1_633' title='bbox 1394 1390 1469 1413; x_wconf 84' lang='lat' dir='ltr'><em>cum</em></span> <span class='ocrx_word' id='word_1_634' title='bbox 1486 1378 1616 1422; x_wconf 82' lang='lat' dir='ltr'><em>aliquot</em></span> <span class='ocrx_word' id='word_1_635' title='bbox 1635 1378 1843 1424; x_wconf 81' lang='lat' dir='ltr'><em>suffraganeis</em></span> <span class='ocrx_word' id='word_1_636' title='bbox 1863 1381 1998 1415; x_wconf 82' lang='lat' dir='ltr'><em>Sedibus</em></span> <span class='ocrx_word' id='word_1_637' title='bbox 2017 1384 2035 1416; x_wconf 74' lang='lat' dir='ltr'><em>a</em></span> <span class='ocrx_word' id='word_1_638' title='bbox 2048 1384 2104 1416; x_wconf 81' lang='lat' dir='ltr'><em>sua</em></span> 
     </span>
    </p>
   </div>
   <div class='ocr_carea' id='block_1_16' title="bbox 1217 1478 2165 3176">
    <p class='ocr_par' dir='ltr' id='par_1_18' title="bbox 1217 1478 2109 2718">
     <span class='ocr_line' id='line_1_96' title="bbox 1220 1478 2106 1526; baseline 0.003 -13"><span class='ocrx_word' id='word_1_639' title='bbox 1220 1479 1405 1514; x_wconf 67' lang='lat' dir='ltr'><em>Provinciae</em></span> <span class='ocrx_word' id='word_1_640' title='bbox 1430 1492 1499 1514; x_wconf 90' lang='lat' dir='ltr'><em>non</em></span> <span class='ocrx_word' id='word_1_641' title='bbox 1527 1478 1669 1514; x_wconf 82' lang='lat' dir='ltr'><em>habuere</em></span> <span class='ocrx_word' id='word_1_642' title='bbox 1693 1479 1945 1525; x_wconf 84' lang='lat' dir='ltr'><em>Metropolitam</em></span> <span class='ocrx_word' id='word_1_643' title='bbox 1973 1483 2106 1526; x_wconf 82' lang='lat' dir='ltr'><em>Episco-</em></span> 
     </span>
     <span class='ocr_line' id='line_1_97' title="bbox 1222 1529 2103 1574; baseline 0.003 -11"><span class='ocrx_word' id='word_1_644' title='bbox 1222 1541 1300 1574; x_wconf 77' lang='lat' dir='ltr'><em>pum</em></span> <span class='ocrx_word' id='word_1_645' title='bbox 1311 1532 1412 1574; x_wconf 87' lang='lat' dir='ltr'><em>usque</em></span> <span class='ocrx_word' id='word_1_646' title='bbox 1423 1530 1464 1564; x_wconf 88' lang='lat' dir='ltr'><em>ad</em></span> <span class='ocrx_word' id='word_1_647' title='bbox 1476 1530 1603 1573; x_wconf 86' lang='lat' dir='ltr'><em>rapinas</em></span> <span class='ocrx_word' id='word_1_648' title='bbox 1618 1529 1822 1574; x_wconf 84' lang='lat' dir='ltr'><em>Imperatoris</em></span> <span class='ocrx_word' id='word_1_649' title='bbox 1835 1533 1959 1566; x_wconf 83' lang='lat' dir='ltr'><em>Leonis</em></span> <span class='ocrx_word' id='word_1_650' title='bbox 1979 1532 2078 1567; x_wconf 85' lang='lat' dir='ltr'><em>Isauri</em></span> <span class='ocrx_word' id='word_1_651' title='bbox 2091 1557 2103 1566; x_wconf 85' lang='lat'><em>.</em></span> 
     </span>
     <span class='ocr_line' id='line_1_98' title="bbox 1221 1580 2105 1621; baseline 0.003 -7"><span class='ocrx_word' id='word_1_652' title='bbox 1221 1581 1287 1614; x_wconf 81' lang='lat' dir='ltr'><em>Res</em></span> <span class='ocrx_word' id='word_1_653' title='bbox 1298 1591 1384 1614; x_wconf 87' lang='lat' dir='ltr'><em>certa</em></span> <span class='ocrx_word' id='word_1_654' title='bbox 1408 1580 1475 1621; x_wconf 83' lang='lat' dir='ltr'><em>est,</em></span> <span class='ocrx_word' id='word_1_655' title='bbox 1502 1580 1626 1614; x_wconf 86' lang='lat' dir='ltr'><em>&amp;alibi</em></span> <span class='ocrx_word' id='word_1_656' title='bbox 1649 1580 2024 1617; x_wconf 76' lang='lat' dir='ltr'><em>abundedemonstrata.</em></span> <span class='ocrx_word' id='word_1_657' title='bbox 2051 1584 2105 1617; x_wconf 77' lang='lat' dir='ltr'><em>Se-</em></span> 
     </span>
     <span class='ocr_line' id='line_1_99' title="bbox 1220 1629 2104 1673; baseline 0.001 -9"><span class='ocrx_word' id='word_1_658' title='bbox 1220 1632 1346 1665; x_wconf 84' lang='lat' dir='ltr'><em>cundus</em></span> <span class='ocrx_word' id='word_1_659' title='bbox 1359 1642 1447 1665; x_wconf 88' lang='lat' dir='ltr'><em>error</em></span> <span class='ocrx_word' id='word_1_660' title='bbox 1458 1631 1516 1671; x_wconf 83' lang='lat' dir='ltr'><em>est,</em></span> <span class='ocrx_word' id='word_1_661' title='bbox 1528 1629 1619 1673; x_wconf 71' lang='lat' dir='ltr'><em>quod</em></span> <span class='ocrx_word' id='word_1_662' title='bbox 1632 1631 1696 1664; x_wconf 79' lang='lat' dir='ltr'><em>istae</em></span> <span class='ocrx_word' id='word_1_663' title='bbox 1708 1633 1781 1665; x_wconf 89' lang='lat' dir='ltr'><em>solae</em></span> <span class='ocrx_word' id='word_1_664' title='bbox 1793 1633 1858 1666; x_wconf 86' lang='lat' dir='ltr'><em>fine</em></span> <span class='ocrx_word' id='word_1_665' title='bbox 1872 1632 2104 1667; x_wconf 78' lang='lat' dir='ltr'><em>Ecclefiasticis</em></span> 
     </span>
     <span class='ocr_line' id='line_1_100' title="bbox 1221 1680 2104 1726; baseline 0.001 -12"><span class='ocrx_word' id='word_1_666' title='bbox 1221 1681 1448 1725; x_wconf 74' lang='lat' dir='ltr'><em>Metropolitis</em></span> <span class='ocrx_word' id='word_1_667' title='bbox 1467 1680 1579 1715; x_wconf 78' lang='lat' dir='ltr'><em>civiles</em></span> <span class='ocrx_word' id='word_1_668' title='bbox 1602 1680 1788 1714; x_wconf 61' lang='lat' dir='ltr'><em>Provinciae</em></span> <span class='ocrx_word' id='word_1_669' title='bbox 1809 1682 1930 1715; x_wconf 88' lang='lat' dir='ltr'><em>fuerint</em></span> <span class='ocrx_word' id='word_1_670' title='bbox 1952 1682 2104 1726; x_wconf 80' lang='lat' dir='ltr'><em>proprius</em></span> 
     </span>
     <span class='ocr_line' id='line_1_101' title="bbox 1219 1728 2107 1765; baseline 0.002 -2"><span class='ocrx_word' id='word_1_671' title='bbox 1219 1731 1252 1763; x_wconf 71' lang='grc' dir='ltr'><em>ὃ(</em></span> <span class='ocrx_word' id='word_1_672' title='bbox 1264 1732 1366 1764; x_wconf 87' lang='lat' dir='ltr'><em>totius</em></span> <span class='ocrx_word' id='word_1_673' title='bbox 1377 1731 1536 1764; x_wconf 82' lang='lat' dir='ltr'><em>Romanae</em></span> <span class='ocrx_word' id='word_1_674' title='bbox 1548 1728 1698 1764; x_wconf 82' lang='lat' dir='ltr'><em>Ecclesiae</em></span> <span class='ocrx_word' id='word_1_675' title='bbox 1710 1730 1951 1765; x_wconf 76' lang='lat' dir='ltr'><em>patriarchatus</em></span> <span class='ocrx_word' id='word_1_676' title='bbox 1960 1756 1968 1763; x_wconf 91' lang='lat'>.</span> <span class='ocrx_word' id='word_1_677' title='bbox 1994 1732 2029 1764; x_wconf 93' lang='grc' dir='ltr'><strong>Ο</strong></span> <span class='ocrx_word' id='word_1_678' title='bbox 2041 1731 2107 1765; x_wconf 82' lang='lat' dir='ltr'><em>mi·</em></span> 
     </span>
     <span class='ocr_line' id='line_1_102' title="bbox 1220 1779 2107 1823; baseline 0.002 -10"><span class='ocrx_word' id='word_1_679' title='bbox 1220 1780 1390 1815; x_wconf 79' lang='lat' dir='ltr'><em>ferandum</em></span> <span class='ocrx_word' id='word_1_680' title='bbox 1415 1781 1450 1813; x_wconf 85' lang='lat'>&amp;</span> <span class='ocrx_word' id='word_1_681' title='bbox 1469 1779 1674 1813; x_wconf 86' lang='lat' dir='ltr'><em>nominalem</em></span> <span class='ocrx_word' id='word_1_682' title='bbox 1699 1780 1767 1813; x_wconf 89' lang='lat' dir='ltr'><em>fine</em></span> <span class='ocrx_word' id='word_1_683' title='bbox 1791 1780 2019 1823; x_wconf 85' lang='lat' dir='ltr'><em>Metropolitis</em></span> <span class='ocrx_word' id='word_1_684' title='bbox 2044 1781 2107 1816; x_wconf 77' lang='lat'><em>1²2-</em></span> 
     </span>
     <span class='ocr_line' id='line_1_103' title="bbox 1221 1827 2107 1871; baseline 0.003 -9"><span class='ocrx_word' id='word_1_685' title='bbox 1221 1827 1394 1862; x_wconf 84' lang='lat' dir='ltr'><em>triarcham</em></span> <span class='ocrx_word' id='word_1_686' title='bbox 1420 1831 1427 1861; x_wconf 88' lang='lat'>!</span> <span class='ocrx_word' id='word_1_687' title='bbox 1453 1828 1579 1862; x_wconf 89' lang='lat' dir='ltr'><em>Omnia</em></span> <span class='ocrx_word' id='word_1_688' title='bbox 1605 1839 1677 1871; x_wconf 73' lang='lat' dir='ltr'><em>quae</em></span> <span class='ocrx_word' id='word_1_689' title='bbox 1703 1829 1907 1864; x_wconf 87' lang='lat' dir='ltr'><em>Hincmarus</em></span> <span class='ocrx_word' id='word_1_690' title='bbox 1933 1830 2107 1865; x_wconf 71' lang='lat' dir='ltr'><em>adversum</em></span> 
     </span>
     <span class='ocr_line' id='line_1_104' title="bbox 1221 1877 2105 1924; baseline 0.003 -12"><span class='ocrx_word' id='word_1_691' title='bbox 1221 1878 1368 1923; x_wconf 85' lang='lat' dir='ltr'><em>Ansegifi</em></span> <span class='ocrx_word' id='word_1_692' title='bbox 1381 1878 1574 1913; x_wconf 71' lang='lat' dir='ltr'><em>&amp;nonensis</em></span> <span class='ocrx_word' id='word_1_693' title='bbox 1587 1877 1739 1922; x_wconf 87' lang='lat' dir='ltr'><em>Episcopi</em></span> <span class='ocrx_word' id='word_1_694' title='bbox 1750 1878 1958 1924; x_wconf 85' lang='lat' dir='ltr'><em>Apostolicas</em></span> <span class='ocrx_word' id='word_1_695' title='bbox 1976 1881 2014 1915; x_wconf 87' lang='lat' dir='ltr'><em>in</em></span> <span class='ocrx_word' id='word_1_696' title='bbox 2026 1881 2105 1915; x_wconf 82' lang='lat' dir='ltr'><em>Gal·</em></span> 
     </span>
     <span class='ocr_line' id='line_1_105' title="bbox 1220 1926 2104 1974; baseline 0.005 -14"><span class='ocrx_word' id='word_1_697' title='bbox 1220 1928 1260 1960; x_wconf 89' lang='lat' dir='ltr'><em>lia</em></span> <span class='ocrx_word' id='word_1_698' title='bbox 1274 1929 1386 1967; x_wconf 81' lang='lat' dir='ltr'><em>vices,</em></span> <span class='ocrx_word' id='word_1_699' title='bbox 1412 1926 1625 1960; x_wconf 70' lang='lat' dir='ltr'><em>&amp;adversum</em></span> <span class='ocrx_word' id='word_1_700' title='bbox 1647 1928 1818 1963; x_wconf 84' lang='lat' dir='ltr'><em>Romanas</em></span> <span class='ocrx_word' id='word_1_701' title='bbox 1841 1930 2003 1964; x_wconf 80' lang='lat' dir='ltr'><em>inferioris</em></span> <span class='ocrx_word' id='word_1_702' title='bbox 2025 1942 2104 1974; x_wconf 69' lang='lat' dir='ltr'><em>prat-</em></span> 
     </span>
     <span class='ocr_line' id='line_1_106' title="bbox 1221 1976 2106 2022; baseline 0.006 -11"><span class='ocrx_word' id='word_1_703' title='bbox 1221 1978 1328 2011; x_wconf 87' lang='lat' dir='ltr'><em>sertim</em></span> <span class='ocrx_word' id='word_1_704' title='bbox 1350 1977 1441 2011; x_wconf 86' lang='lat' dir='ltr'><em>Cleri</em></span> <span class='ocrx_word' id='word_1_705' title='bbox 1463 1976 1698 2020; x_wconf 76' lang='lat' dir='ltr'><em>appellationes</em></span> <span class='ocrx_word' id='word_1_706' title='bbox 1724 1989 1784 2022; x_wconf 87' lang='lat' dir='ltr'><em>pro</em></span> <span class='ocrx_word' id='word_1_707' title='bbox 1809 1978 2106 2022; x_wconf 85' lang='lat' dir='ltr'><em>Metropolitarum</em></span> 
     </span>
     <span class='ocr_line' id='line_1_107' title="bbox 1217 2026 2105 2071; baseline 0.006 -11"><span class='ocrx_word' id='word_1_708' title='bbox 1217 2027 1287 2071; x_wconf 84' lang='lat' dir='ltr'><em>jure</em></span> <span class='ocrx_word' id='word_1_709' title='bbox 1305 2027 1426 2070; x_wconf 79' lang='lat' dir='ltr'><em>scripsit</em></span> <span class='ocrx_word' id='word_1_710' title='bbox 1439 2049 1449 2066; x_wconf 91' lang='lat'><em>,</em></span> <span class='ocrx_word' id='word_1_711' title='bbox 1476 2026 1517 2059; x_wconf 75' lang='lat' dir='ltr'><em>eo</em></span> <span class='ocrx_word' id='word_1_712' title='bbox 1537 2026 1679 2061; x_wconf 86' lang='lat' dir='ltr'><em>tendunt</em></span> <span class='ocrx_word' id='word_1_713' title='bbox 1701 2038 1739 2060; x_wconf 91' lang='lat' dir='ltr'><em>ut</em></span> <span class='ocrx_word' id='word_1_714' title='bbox 1764 2028 1900 2071; x_wconf 87' lang='lat' dir='ltr'><em>quisque</em></span> <span class='ocrx_word' id='word_1_715' title='bbox 1910 2029 2105 2065; x_wconf 73' lang='lat' dir='ltr'><em>Gallicanus</em></span> 
     </span>
     <span class='ocr_line' id='line_1_108' title="bbox 1220 2074 2106 2120; baseline 0.005 -10"><span class='ocrx_word' id='word_1_716' title='bbox 1220 2076 1436 2120; x_wconf 85' lang='lat' dir='ltr'><em>Metropolita</em></span> <span class='ocrx_word' id='word_1_717' title='bbox 1452 2075 1490 2109; x_wconf 83' lang='lat' dir='ltr'><em>fit</em></span> <span class='ocrx_word' id='word_1_718' title='bbox 1503 2074 1751 2119; x_wconf 79' lang='lat' dir='ltr'><em>Autocephalus</em></span> <span class='ocrx_word' id='word_1_719' title='bbox 1759 2078 1821 2111; x_wconf 78' lang='lat' dir='ltr'><em>suae</em></span> <span class='ocrx_word' id='word_1_720' title='bbox 1830 2077 2106 2114; x_wconf 81' lang='lat' dir='ltr'><em>ProvinciaePr-i-</em></span> 
     </span>
     <span class='ocr_line' id='line_1_109' title="bbox 1221 2125 2100 2170; baseline 0.002 -8"><span class='ocrx_word' id='word_1_721' title='bbox 1221 2139 1311 2168; x_wconf 88' lang='lat' dir='ltr'><em>mas,</em></span> <span class='ocrx_word' id='word_1_722' title='bbox 1337 2127 1422 2161; x_wconf 89' lang='lat' dir='ltr'><em>nulli</em></span> <span class='ocrx_word' id='word_1_723' title='bbox 1446 2125 1603 2170; x_wconf 71' lang='lat' dir='ltr'><em>subjectus</em></span> <span class='ocrx_word' id='word_1_724' title='bbox 1624 2126 1825 2162; x_wconf 82' lang='lat' dir='ltr'><em>Patriarehae</em></span> <span class='ocrx_word' id='word_1_725' title='bbox 1847 2137 1905 2162; x_wconf 78' lang='lat' dir='ltr'><em>aut</em></span> <span class='ocrx_word' id='word_1_726' title='bbox 1927 2129 2100 2164; x_wconf 84' lang='lat' dir='ltr'><em>Exarcho.</em></span> 
     </span>
     <span class='ocr_line' id='line_1_110' title="bbox 1222 2177 2104 2223; baseline 0.003 -11"><span class='ocrx_word' id='word_1_727' title='bbox 1222 2178 1278 2212; x_wconf 89' lang='lat' dir='ltr'><em>Est</em></span> <span class='ocrx_word' id='word_1_728' title='bbox 1291 2179 1527 2212; x_wconf 83' lang='lat' dir='ltr'><em>Ravennatum</em></span> <span class='ocrx_word' id='word_1_729' title='bbox 1540 2177 1832 2221; x_wconf 86' lang='lat' dir='ltr'><em>Metropolitarum</em></span> <span class='ocrx_word' id='word_1_730' title='bbox 1849 2179 1986 2223; x_wconf 83' lang='lat' dir='ltr'><em>antiqua</em></span> <span class='ocrx_word' id='word_1_731' title='bbox 1996 2181 2104 2223; x_wconf 64' lang='lat' dir='ltr'><em>super⁶</em></span> 
     </span>
     <span class='ocr_line' id='line_1_111' title="bbox 1222 2227 2103 2271; baseline 0.002 -8"><span class='ocrx_word' id='word_1_732' title='bbox 1222 2229 1298 2270; x_wconf 87' lang='lat' dir='ltr'><em>bia,</em></span> <span class='ocrx_word' id='word_1_733' title='bbox 1324 2228 1565 2263; x_wconf 85' lang='lat' dir='ltr'><em>damnatiffima</em></span> <span class='ocrx_word' id='word_1_734' title='bbox 1591 2227 1676 2271; x_wconf 85' lang='lat' dir='ltr'><em>apud</em></span> <span class='ocrx_word' id='word_1_735' title='bbox 1696 2238 1814 2263; x_wconf 88' lang='lat' dir='ltr'><em>omnes</em></span> <span class='ocrx_word' id='word_1_736' title='bbox 1825 2228 2000 2264; x_wconf 83' lang='lat' dir='ltr'><em>Ecclefias.</em></span> <span class='ocrx_word' id='word_1_737' title='bbox 2028 2230 2103 2265; x_wconf 86' lang='lat' dir='ltr'><em>Nec</em></span> 
     </span>
     <span class='ocr_line' id='line_1_112' title="bbox 1221 2278 2104 2323; baseline 0.001 -10"><span class='ocrx_word' id='word_1_738' title='bbox 1221 2282 1310 2314; x_wconf 88' lang='lat' dir='ltr'><em>enim</em></span> <span class='ocrx_word' id='word_1_739' title='bbox 1333 2279 1382 2313; x_wconf 89' lang='lat' dir='ltr'><em>illi</em></span> <span class='ocrx_word' id='word_1_740' title='bbox 1405 2280 1536 2313; x_wconf 86' lang='lat' dir='ltr'><em>fuerunt</em></span> <span class='ocrx_word' id='word_1_741' title='bbox 1555 2278 1760 2312; x_wconf 82' lang='lat' dir='ltr'><em>Schismatici</em></span> <span class='ocrx_word' id='word_1_742' title='bbox 1784 2304 1792 2312; x_wconf 85' lang='lat'>.</span> <span class='ocrx_word' id='word_1_743' title='bbox 1819 2278 1902 2313; x_wconf 89' lang='lat' dir='ltr'><em>Non</em></span> <span class='ocrx_word' id='word_1_744' title='bbox 1920 2280 1940 2313; x_wconf 75' lang='grc' dir='ltr'>ὲ</span> <span class='ocrx_word' id='word_1_745' title='bbox 1960 2280 2076 2323; x_wconf 84' lang='lat' dir='ltr'><em>Papali</em></span> <span class='ocrx_word' id='word_1_746' title='bbox 2090 2305 2104 2321; x_wconf 88' lang='lat'><em>,</em></span> 
     </span>
     <span class='ocr_line' id='line_1_113' title="bbox 1223 2326 2107 2374; baseline 0 -10"><span class='ocrx_word' id='word_1_747' title='bbox 1223 2331 1273 2364; x_wconf 89' lang='lat' dir='ltr'><em>sed</em></span> <span class='ocrx_word' id='word_1_748' title='bbox 1297 2329 1316 2363; x_wconf 67' lang='lat' dir='ltr'><em>a</em></span> <span class='ocrx_word' id='word_1_749' title='bbox 1339 2326 1648 2364; x_wconf 85' lang='lat' dir='ltr'><em>soloPatriarchico</em></span> <span class='ocrx_word' id='word_1_750' title='bbox 1670 2329 1830 2363; x_wconf 75' lang='lat' dir='ltr'><em>Romana:</em></span> <span class='ocrx_word' id='word_1_751' title='bbox 1851 2329 2002 2363; x_wconf 82' lang='lat' dir='ltr'><em>Ecclefiae</em></span> <span class='ocrx_word' id='word_1_752' title='bbox 2021 2330 2107 2374; x_wconf 80' lang='lat' dir='ltr'><em>jugo</em></span> 
     </span>
     <span class='ocr_line' id='line_1_114' title="bbox 1223 2376 2106 2422; baseline -0.002 -8"><span class='ocrx_word' id='word_1_753' title='bbox 1223 2380 1408 2415; x_wconf 87' lang='lat' dir='ltr'><em>ambierunt</em></span> <span class='ocrx_word' id='word_1_754' title='bbox 1419 2379 1482 2413; x_wconf 85' lang='lat' dir='ltr'><em>esse</em></span> <span class='ocrx_word' id='word_1_755' title='bbox 1492 2376 1653 2422; x_wconf 81' lang='lat' dir='ltr'><em>exempti.</em></span> <span class='ocrx_word' id='word_1_756' title='bbox 1668 2377 1868 2412; x_wconf 85' lang='lat' dir='ltr'><em>Ambierunt</em></span> <span class='ocrx_word' id='word_1_757' title='bbox 1879 2378 1962 2413; x_wconf 81' lang='lat' dir='ltr'><em>istud</em></span> <span class='ocrx_word' id='word_1_758' title='bbox 1978 2380 2080 2422; x_wconf 87' lang='lat' dir='ltr'><em>ipsum</em></span> <span class='ocrx_word' id='word_1_759' title='bbox 2091 2402 2106 2419; x_wconf 89' lang='lat'><em>,</em></span> 
     </span>
     <span class='ocr_line' id='line_1_115' title="bbox 1225 2428 2108 2475; baseline -0.003 -9"><span class='ocrx_word' id='word_1_760' title='bbox 1225 2430 1316 2475; x_wconf 90' lang='lat' dir='ltr'><em>quod</em></span> <span class='ocrx_word' id='word_1_761' title='bbox 1329 2431 1368 2465; x_wconf 88' lang='lat' dir='ltr'><em>ad</em></span> <span class='ocrx_word' id='word_1_762' title='bbox 1380 2429 1587 2473; x_wconf 80' lang='lat' dir='ltr'><em>Imperatoris</em></span> <span class='ocrx_word' id='word_1_763' title='bbox 1597 2428 1772 2472; x_wconf 74' lang='lat' dir='ltr'><em>Iustiniani</em></span> <span class='ocrx_word' id='word_1_764' title='bbox 1784 2439 1889 2473; x_wconf 84' lang='lat' dir='ltr'><em>preces</em></span> <span class='ocrx_word' id='word_1_765' title='bbox 1901 2429 1994 2472; x_wconf 84' lang='lat' dir='ltr'><em>Papa</em></span> <span class='ocrx_word' id='word_1_766' title='bbox 2007 2429 2108 2474; x_wconf 63' lang='lat' dir='ltr'><em>Vigia</em></span> 
     </span>
     <span class='ocr_line' id='line_1_116' title="bbox 1227 2477 2109 2521; baseline -0.003 -6"><span class='ocrx_word' id='word_1_767' title='bbox 1227 2483 1289 2516; x_wconf 91' lang='lat' dir='ltr'><em>lius</em></span> <span class='ocrx_word' id='word_1_768' title='bbox 1313 2480 1403 2516; x_wconf 83' lang='lat' dir='ltr'><em>dedit</em></span> <span class='ocrx_word' id='word_1_769' title='bbox 1417 2478 1564 2513; x_wconf 82' lang='lat' dir='ltr'><em>Ecclefiae</em></span> <span class='ocrx_word' id='word_1_770' title='bbox 1588 2477 1774 2513; x_wconf 83' lang='lat' dir='ltr'><em>Acridenss.</em></span> <span class='ocrx_word' id='word_1_771' title='bbox 1800 2479 1879 2513; x_wconf 91' lang='lat' dir='ltr'><em>Hoc</em></span> <span class='ocrx_word' id='word_1_772' title='bbox 1901 2479 2006 2521; x_wconf 87' lang='lat' dir='ltr'><em>ipsum</em></span> <span class='ocrx_word' id='word_1_773' title='bbox 2027 2490 2109 2514; x_wconf 85' lang='lat' dir='ltr'><em>cun-</em></span> 
     </span>
     <span class='ocr_line' id='line_1_117' title="bbox 1226 2527 2109 2574; baseline -0.003 -8"><span class='ocrx_word' id='word_1_774' title='bbox 1226 2533 1286 2566; x_wconf 69' lang='lat' dir='ltr'><em>stis</em></span> <span class='ocrx_word' id='word_1_775' title='bbox 1306 2540 1399 2566; x_wconf 83' lang='lat' dir='ltr'><em>extra</em></span> <span class='ocrx_word' id='word_1_776' title='bbox 1421 2529 1612 2564; x_wconf 85' lang='lat' dir='ltr'><em>Romanam</em></span> <span class='ocrx_word' id='word_1_777' title='bbox 1637 2527 1846 2563; x_wconf 83' lang='lat' dir='ltr'><em>Provinciam</em></span> <span class='ocrx_word' id='word_1_778' title='bbox 1878 2530 2109 2574; x_wconf 78' lang='lat' dir='ltr'><em>Metropolitis</em></span> 
     </span>
     <span class='ocr_line' id='line_1_118' title="bbox 1226 2577 2108 2624; baseline -0.003 -8"><span class='ocrx_word' id='word_1_779' title='bbox 1226 2580 1405 2617; x_wconf 88' lang='lat' dir='ltr'><em>adscribere</em></span> <span class='ocrx_word' id='word_1_780' title='bbox 1415 2589 1521 2615; x_wconf 87' lang='lat' dir='ltr'><em>tentat</em></span> <span class='ocrx_word' id='word_1_781' title='bbox 1533 2579 1701 2624; x_wconf 68' lang='lat' dir='ltr'><em>Dominus</em></span> <span class='ocrx_word' id='word_1_782' title='bbox 1711 2577 1996 2623; x_wconf 85' lang='lat' dir='ltr'><em>Archiepiscopus‚</em></span> <span class='ocrx_word' id='word_1_783' title='bbox 2007 2590 2108 2621; x_wconf 84' lang='lat' dir='ltr'><em>atque</em></span> 
     </span>
     <span class='ocr_line' id='line_1_119' title="bbox 1228 2628 2106 2675; baseline -0.005 -8"><span class='ocrx_word' id='word_1_784' title='bbox 1228 2634 1273 2667; x_wconf 91' lang='lat' dir='ltr'><em>ita</em></span> <span class='ocrx_word' id='word_1_785' title='bbox 1285 2632 1478 2667; x_wconf 86' lang='lat' dir='ltr'><em>Romanum</em></span> <span class='ocrx_word' id='word_1_786' title='bbox 1489 2628 1749 2664; x_wconf 82' lang='lat' dir='ltr'><em>Patriarehaturn</em></span> <span class='ocrx_word' id='word_1_787' title='bbox 1760 2630 1891 2675; x_wconf 84' lang='lat' dir='ltr'><em>penitus</em></span> <span class='ocrx_word' id='word_1_788' title='bbox 1903 2630 2086 2675; x_wconf 85' lang='lat' dir='ltr'><em>deplumare</em></span> <span class='ocrx_word' id='word_1_789' title='bbox 2098 2653 2106 2663; x_wconf 83' lang='lat'><em>.</em></span> 
     </span>
     <span class='ocr_line' id='line_1_120' title="bbox 1227 2681 1656 2718; baseline -0.012 0"><span class='ocrx_word' id='word_1_790' title='bbox 1227 2684 1346 2718; x_wconf 90' lang='lat' dir='ltr'><em>Facere</em></span> <span class='ocrx_word' id='word_1_791' title='bbox 1358 2693 1426 2716; x_wconf 83' lang='lat' dir='ltr'><em>rem</em></span> <span class='ocrx_word' id='word_1_792' title='bbox 1438 2682 1538 2715; x_wconf 86' lang='lat' dir='ltr'><em>solius</em></span> <span class='ocrx_word' id='word_1_793' title='bbox 1549 2681 1637 2715; x_wconf 88' lang='lat' dir='ltr'><em>tituli</em></span> <span class='ocrx_word' id='word_1_794' title='bbox 1649 2706 1656 2713; x_wconf 95' lang='lat'><em>.</em></span> 
     </span>
    </p>

    <p class='ocr_par' dir='ltr' id='par_1_19' title="bbox 1225 2730 2165 3176">
     <span class='ocr_line' id='line_1_121' title="bbox 1278 2730 2106 2776; baseline -0.006 -8"><span class='ocrx_word' id='word_1_795' title='bbox 1278 2732 1327 2768; x_wconf 89' lang='lat' dir='ltr'><em>At</em></span> <span class='ocrx_word' id='word_1_796' title='bbox 1350 2731 1449 2776; x_wconf 70' lang='lat' dir='ltr'><em>longe</em></span> <span class='ocrx_word' id='word_1_797' title='bbox 1468 2730 1557 2765; x_wconf 90' lang='lat' dir='ltr'><em>aliud</em></span> <span class='ocrx_word' id='word_1_798' title='bbox 1577 2730 1729 2766; x_wconf 85' lang='lat' dir='ltr'><em>altiffima</em></span> <span class='ocrx_word' id='word_1_799' title='bbox 1751 2742 1833 2765; x_wconf 90' lang='lat' dir='ltr'><em>voce</em></span> <span class='ocrx_word' id='word_1_800' title='bbox 1855 2731 1975 2766; x_wconf 87' lang='lat' dir='ltr'><em>clamat</em></span> <span class='ocrx_word' id='word_1_801' title='bbox 1995 2730 2106 2764; x_wconf 85' lang='lat' dir='ltr'><em>omnis</em></span> 
     </span>
     <span class='ocr_line' id='line_1_122' title="bbox 1231 2780 2107 2825; baseline -0.006 -6"><span class='ocrx_word' id='word_1_802' title='bbox 1231 2782 1452 2819; x_wconf 78' lang='lat' dir='ltr'><em>Ecclesiastica</em></span> <span class='ocrx_word' id='word_1_803' title='bbox 1468 2781 1647 2825; x_wconf 87' lang='lat' dir='ltr'><em>antiquitas</em></span> <span class='ocrx_word' id='word_1_804' title='bbox 1657 2806 1665 2814; x_wconf 90' lang='lat'><strong>.</strong></span> <span class='ocrx_word' id='word_1_805' title='bbox 1693 2780 1876 2816; x_wconf 87' lang='lat' dir='ltr'><em>Audiamus</em></span> <span class='ocrx_word' id='word_1_806' title='bbox 1888 2780 2083 2815; x_wconf 77' lang='lat' dir='ltr'><em>Arelatensis</em></span> <span class='ocrx_word' id='word_1_807' title='bbox 2095 2804 2107 2819; x_wconf 87' lang='lat'>‚</span> 
     </span>
     <span class='ocr_line' id='line_1_123' title="bbox 1229 2830 2110 2879; baseline -0.009 -9"><span class='ocrx_word' id='word_1_808' title='bbox 1229 2845 1326 2879; x_wconf 88' lang='lat' dir='ltr'><em>quam</em></span> <span class='ocrx_word' id='word_1_809' title='bbox 1346 2835 1479 2868; x_wconf 67' lang='lat' dir='ltr'><em>Sanstus</em></span> <span class='ocrx_word' id='word_1_810' title='bbox 1501 2831 1707 2876; x_wconf 84' lang='lat' dir='ltr'><em>Augustinus</em></span> <span class='ocrx_word' id='word_1_811' title='bbox 1727 2843 1797 2865; x_wconf 89' lang='lat' dir='ltr'><em>non</em></span> <span class='ocrx_word' id='word_1_812' title='bbox 1808 2831 1874 2866; x_wconf 85' lang='lat' dir='ltr'><em>fine</em></span> <span class='ocrx_word' id='word_1_813' title='bbox 1895 2832 1990 2865; x_wconf 90' lang='lat' dir='ltr'><em>causa</em></span> <span class='ocrx_word' id='word_1_814' title='bbox 2003 2830 2110 2873; x_wconf 83' lang='lat' dir='ltr'><em>appel-</em></span> 
     </span>
     <span class='ocr_line' id='line_1_124' title="bbox 1232 2878 2110 2929; baseline -0.006 -11"><span class='ocrx_word' id='word_1_815' title='bbox 1232 2887 1276 2921; x_wconf 83' lang='lat' dir='ltr'><em>lat</em></span> <span class='ocrx_word' id='word_1_816' title='bbox 1300 2895 1455 2929; x_wconf 86' lang='lat' dir='ltr'><em>magnam</em></span> <span class='ocrx_word' id='word_1_817' title='bbox 1481 2906 1492 2922; x_wconf 89' lang='lat'>‚</span> <span class='ocrx_word' id='word_1_818' title='bbox 1517 2882 1647 2924; x_wconf 81' lang='lat' dir='ltr'><em>synodi</em></span> <span class='ocrx_word' id='word_1_819' title='bbox 1664 2892 1778 2917; x_wconf 87' lang='lat' dir='ltr'><em>vocem</em></span> <span class='ocrx_word' id='word_1_820' title='bbox 1798 2892 1835 2916; x_wconf 87' lang='lat' dir='ltr'><em>ac</em></span> <span class='ocrx_word' id='word_1_821' title='bbox 1853 2881 2046 2915; x_wconf 86' lang='lat' dir='ltr'><em>relationem</em></span> <span class='ocrx_word' id='word_1_822' title='bbox 2066 2878 2110 2913; x_wconf 82' lang='lat' dir='ltr'><em>ad</em></span> 
     </span>
     <span class='ocr_line' id='line_1_125' title="bbox 1230 2931 2111 2976; baseline -0.01 -6"><span class='ocrx_word' id='word_1_823' title='bbox 1230 2937 1380 2970; x_wconf 60' lang='lat' dir='ltr'><em>&amp;nilum</em></span> <span class='ocrx_word' id='word_1_824' title='bbox 1395 2932 1592 2976; x_wconf 80' lang='lat' dir='ltr'><em>sylvestrum</em></span> <span class='ocrx_word' id='word_1_825' title='bbox 1612 2931 1811 2966; x_wconf 87' lang='lat' dir='ltr'><em>Pontificem</em></span> <span class='ocrx_word' id='word_1_826' title='bbox 1823 2945 1834 2964; x_wconf 84' lang='lat'><em>.-</em></span> <span class='ocrx_word' id='word_1_827' title='bbox 1860 2933 1988 2971; x_wconf 75' lang='lat' dir='ltr'><em>MajoreJ</em></span> <span class='ocrx_word' id='word_1_828' title='bbox 2000 2933 2111 2962; x_wconf 80' lang='lat' dir='ltr'><em>Dt&#39;oece-</em></span> 
     </span>
     <span class='ocr_line' id='line_1_126' title="bbox 1225 2978 2112 3029; baseline -0.009 -9"><span class='ocrx_word' id='word_1_829' title='bbox 1225 2985 1381 3029; x_wconf 58' lang='lat' dir='ltr'><em>fieswenes</em></span> <span class='ocrx_word' id='word_1_830' title='bbox 1393 3010 1400 3017; x_wconf 91' lang='lat'>.</span> <span class='ocrx_word' id='word_1_831' title='bbox 1429 2983 1564 3026; x_wconf 88' lang='lat' dir='ltr'><em>Utique</em></span> <span class='ocrx_word' id='word_1_832' title='bbox 1588 2981 1822 3016; x_wconf 81' lang='lat' dir='ltr'><em>Patriarchales</em></span> <span class='ocrx_word' id='word_1_833' title='bbox 1838 3005 1846 3013; x_wconf 88' lang='lat'>.</span> <span class='ocrx_word' id='word_1_834' title='bbox 1873 2978 2004 3024; x_wconf 74' lang='lat' dir='ltr'><em>Nempe</em></span> <span class='ocrx_word' id='word_1_835' title='bbox 2020 2979 2112 3013; x_wconf 80' lang='lat' dir='ltr'><em>Itali-</em></span> 
     </span>
     <span class='ocr_line' id='line_1_127' title="bbox 1230 3030 2110 3077; baseline -0.009 -7"><span class='ocrx_word' id='word_1_836' title='bbox 1230 3048 1301 3072; x_wconf 86' lang='lat' dir='ltr'><em>cam</em></span> <span class='ocrx_word' id='word_1_837' title='bbox 1317 3059 1328 3076; x_wconf 92' lang='lat'><em>,</em></span> <span class='ocrx_word' id='word_1_838' title='bbox 1354 3033 1598 3077; x_wconf 87' lang='lat' dir='ltr'><em>Illyricianam,</em></span> <span class='ocrx_word' id='word_1_839' title='bbox 1623 3031 1813 3065; x_wconf 87' lang='lat' dir='ltr'><em>Africanam</em></span> <span class='ocrx_word' id='word_1_840' title='bbox 1832 3054 1844 3071; x_wconf 91' lang='lat'><em>,</em></span> <span class='ocrx_word' id='word_1_841' title='bbox 1869 3030 2110 3074; x_wconf 80' lang='lat' dir='ltr'><em>Hispanicam,</em></span> 
     </span>
     <span class='ocr_line' id='line_1_128' title="bbox 1231 3078 2113 3127; baseline -0.01 -6"><span class='ocrx_word' id='word_1_842' title='bbox 1231 3086 1416 3124; x_wconf 85' lang='lat' dir='ltr'><em>Gallicam,</em></span> <span class='ocrx_word' id='word_1_843' title='bbox 1444 3082 1664 3127; x_wconf 87' lang='lat' dir='ltr'><em>Anglicanam</em></span> <span class='ocrx_word' id='word_1_844' title='bbox 1686 3106 1694 3113; x_wconf 89' lang='lat'><strong>.</strong></span> <span class='ocrx_word' id='word_1_845' title='bbox 1719 3080 1793 3114; x_wconf 88' lang='lat' dir='ltr'><em>Has</em></span> <span class='ocrx_word' id='word_1_846' title='bbox 1813 3091 1930 3115; x_wconf 87' lang='lat' dir='ltr'><em>omnes</em></span> <span class='ocrx_word' id='word_1_847' title='bbox 1952 3078 2113 3124; x_wconf 83' lang='lat' dir='ltr'><em>intelligit</em></span> 
     </span>
     <span class='ocr_line' id='line_1_129' title="bbox 1232 3131 2165 3176; baseline -0.01 -5"><span class='ocrx_word' id='word_1_848' title='bbox 1232 3138 1266 3171; x_wconf 89' lang='lat' dir='ltr'><em>in</em></span> <span class='ocrx_word' id='word_1_849' title='bbox 1279 3134 1393 3171; x_wconf 88' lang='lat' dir='ltr'><em>litteris</em></span> <span class='ocrx_word' id='word_1_850' title='bbox 1412 3132 1454 3168; x_wconf 87' lang='lat' dir='ltr'><em>ad</em></span> <span class='ocrx_word' id='word_1_851' title='bbox 1477 3133 1630 3167; x_wconf 69' lang='lat' dir='ltr'><em>Sanctum</em></span> <span class='ocrx_word' id='word_1_852' title='bbox 1642 3132 1843 3176; x_wconf 84' lang='lat' dir='ltr'><em>Gregorium</em></span> <span class='ocrx_word' id='word_1_853' title='bbox 1863 3131 2113 3165; x_wconf 83' lang='lat' dir='ltr'><em>Nazianzenum</em></span> <span class='ocrx_word' id='word_1_854' title='bbox 2161 3131 2165 3134; x_wconf 71' lang='grc'>’</span> 
     </span>
    </p>
   </div>
   <div class='ocr_carea' id='block_1_17' title="bbox 1232 3178 2254 3229">
    <p class='ocr_par' dir='ltr' id='par_1_20' title="bbox 1232 3178 2254 3229">
     <span class='ocr_line' id='line_1_130' title="bbox 1232 3178 2254 3229; baseline -0.01 -7"><span class='ocrx_word' id='word_1_855' title='bbox 1232 3188 1331 3222; x_wconf 86' lang='lat' dir='ltr'><em>etiam</em></span> <span class='ocrx_word' id='word_1_856' title='bbox 1344 3185 1491 3229; x_wconf 87' lang='lat' dir='ltr'><em>Magnus</em></span> <span class='ocrx_word' id='word_1_857' title='bbox 1501 3182 1659 3217; x_wconf 76' lang='lat' dir='ltr'><em>Basilius:</em></span> <span class='ocrx_word' id='word_1_858' title='bbox 1686 3182 1786 3225; x_wconf 71' lang='lat' dir='ltr'><em>,Quale</em></span> <span class='ocrx_word' id='word_1_859' title='bbox 1796 3181 1879 3213; x_wconf 82' lang='lat' dir='ltr'><em>nobis</em></span> <span class='ocrx_word' id='word_1_860' title='bbox 1902 3182 2050 3214; x_wconf 79' lang='lat' dir='ltr'><em>auxilium</em></span> <span class='ocrx_word' id='word_1_861' title='bbox 2072 3178 2114 3212; x_wconf 85' lang='lat' dir='ltr'><em>ab</em></span> <span class='ocrx_word' id='word_1_862' title='bbox 2133 3188 2184 3227; x_wconf 68' lang='lat' dir='ltr'><em>gp,</em></span> <span class='ocrx_word' id='word_1_863' title='bbox 2205 3197 2254 3222; x_wconf 60' lang='grc' dir='ltr'><em>ω,</em></span> 
     </span>
    </p>
   </div>
   <div class='ocr_carea' id='block_1_18' title="bbox 1232 3231 2119 3513">
    <p class='ocr_par' dir='ltr' id='par_1_21' title="bbox 1232 3231 2119 3513">
     <span class='ocr_line' id='line_1_131' title="bbox 1232 3231 2114 3276; baseline -0.014 -4"><span class='ocrx_word' id='word_1_864' title='bbox 1232 3237 1466 3271; x_wconf 75' lang='lat' dir='ltr'><em>occidentalium</em></span> <span class='ocrx_word' id='word_1_865' title='bbox 1468 3232 1553 3276; x_wconf 84' lang='lat' dir='ltr'><em>fastu</em></span> <span class='ocrx_word' id='word_1_866' title='bbox 1577 3234 1702 3265; x_wconf 77' lang='lat' dir='ltr'><em>aderit?</em></span> <span class='ocrx_word' id='word_1_867' title='bbox 1729 3231 1868 3264; x_wconf 83' lang='lat' dir='ltr'><em>Volebam</em></span> <span class='ocrx_word' id='word_1_868' title='bbox 1888 3233 1934 3264; x_wconf 83' lang='lat' dir='ltr'><em>ad</em></span> <span class='ocrx_word' id='word_1_869' title='bbox 1943 3241 2040 3264; x_wconf 84' lang='lat' dir='ltr'><em>eorum</em></span> <span class='ocrx_word' id='word_1_870' title='bbox 2053 3233 2114 3261; x_wconf 79' lang='lat' dir='ltr'><em>An-</em></span> 
     </span>
     <span class='ocr_line' id='line_1_132' title="bbox 1234 3281 2114 3331; baseline -0.008 -11"><span class='ocrx_word' id='word_1_871' title='bbox 1234 3287 1411 3331; x_wconf 81' lang='lat' dir='ltr'><em>tefignanum</em></span> <span class='ocrx_word' id='word_1_872' title='bbox 1421 3283 1549 3328; x_wconf 79' lang='lat' dir='ltr'><em>scribere</em></span> <span class='ocrx_word' id='word_1_873' title='bbox 1562 3308 1569 3314; x_wconf 95' lang='lat'><em>.</em></span> <span class='ocrx_word' id='word_1_874' title='bbox 1593 3281 1706 3315; x_wconf 66' lang='lat' dir='ltr'><em>Palam</em></span> <span class='ocrx_word' id='word_1_875' title='bbox 1728 3281 1897 3325; x_wconf 80' lang='lat' dir='ltr'><em>profitetur</em></span> <span class='ocrx_word' id='word_1_876' title='bbox 1919 3282 2114 3314; x_wconf 84' lang='lat' dir='ltr'><em>Romanum</em></span> 
     </span>
     <span class='ocr_line' id='line_1_133' title="bbox 1235 3328 2115 3381; baseline -0.013 -10"><span class='ocrx_word' id='word_1_877' title='bbox 1235 3338 1435 3381; x_wconf 85' lang='lat' dir='ltr'><em>Episcopum</em></span> <span class='ocrx_word' id='word_1_878' title='bbox 1455 3335 1517 3368; x_wconf 74' lang='lat' dir='ltr'><em>esse</em></span> <span class='ocrx_word' id='word_1_879' title='bbox 1538 3332 1803 3376; x_wconf 70' lang='lat' dir='ltr'><em>Ante-,signanum</em></span> <span class='ocrx_word' id='word_1_880' title='bbox 1826 3330 1927 3365; x_wconf 86' lang='lat' dir='ltr'><em>totius</em></span> <span class='ocrx_word' id='word_1_881' title='bbox 1950 3328 2115 3365; x_wconf 86' lang='lat' dir='ltr'><em>Occiden-</em></span> 
     </span>
     <span class='ocr_line' id='line_1_134' title="bbox 1236 3380 2115 3427; baseline -0.01 -7"><span class='ocrx_word' id='word_1_882' title='bbox 1236 3388 1277 3420; x_wconf 87' lang='lat' dir='ltr'><em>tis</em></span> <span class='ocrx_word' id='word_1_883' title='bbox 1305 3413 1312 3419; x_wconf 82' lang='lat'><em>.</em></span> <span class='ocrx_word' id='word_1_884' title='bbox 1352 3387 1434 3420; x_wconf 90' lang='lat' dir='ltr'><em>Non</em></span> <span class='ocrx_word' id='word_1_885' title='bbox 1473 3383 1587 3427; x_wconf 86' lang='lat' dir='ltr'><em>utique</em></span> <span class='ocrx_word' id='word_1_886' title='bbox 1625 3393 1680 3424; x_wconf 86' lang='lat' dir='ltr'><em>per</em></span> <span class='ocrx_word' id='word_1_887' title='bbox 1706 3381 1860 3425; x_wconf 86' lang='lat' dir='ltr'><em>Papalem</em></span> <span class='ocrx_word' id='word_1_888' title='bbox 1895 3380 2115 3423; x_wconf 85' lang='lat' dir='ltr'><em>dignitatem:</em></span> 
     </span>
     <span class='ocr_line' id='line_1_135' title="bbox 1235 3428 2119 3477; baseline -0.01 -5"><span class='ocrx_word' id='word_1_889' title='bbox 1235 3438 1288 3472; x_wconf 86' lang='lat' dir='ltr'><em>Sic</em></span> <span class='ocrx_word' id='word_1_890' title='bbox 1323 3436 1417 3471; x_wconf 82' lang='lat' dir='ltr'><em>enim</em></span> <span class='ocrx_word' id='word_1_891' title='bbox 1452 3434 1500 3468; x_wconf 88' lang='lat' dir='ltr'><em>est</em></span> <span class='ocrx_word' id='word_1_892' title='bbox 1537 3432 1784 3477; x_wconf 82' lang='lat' dir='ltr'><em>Antefignanus</em></span> <span class='ocrx_word' id='word_1_893' title='bbox 1830 3430 1931 3465; x_wconf 84' lang='lat' dir='ltr'><em>etiam</em></span> <span class='ocrx_word' id='word_1_894' title='bbox 1964 3428 2119 3463; x_wconf 76' lang='lat' dir='ltr'><em>Orienta-</em></span> 
     </span>
     <span class='ocr_line' id='line_1_136' title="bbox 1966 3478 2069 3513; baseline -0.019 0"><span class='ocrx_word' id='word_1_895' title='bbox 1966 3478 2069 3513; x_wconf 85' lang='lat' dir='ltr'><em>lium.</em></span> 
     </span>
    </p>
   </div>
  </div>
 </body>
</html>
