2372 3756
411 148 427 178 1
439 124 507 177 6'5

925 130 1565 178 Dtssenrarso

329 222 417 262 gear.
442 213 640 254 conqueritur
653 211 800 259 Propheta
820 212 935 257 lignum
954 213 1082 257 pofitum
1107 220 1140 247 in
1165 221 1222 255 pa-

332 275 369 297 ne
373 261 449 307 suo,
469 261 639 306 significans
651 261 908 307 bostiumsaevitia
930 272 1043 305 panem
1059 264 1148 309 suum
1171 263 1221 306 effi·

331 312 703 354 infidumamaritudine.
730 315 990 358 ,Quemadmodum
1018 316 1127 349 David
1143 313 1220 356 fimi-

1267 209 1517 284 ‘Tertullianiei
1529 208 1597 243 loci
1609 209 1731 245 verbis:
1761 219 2034 258 Acceptumpanem
2065 220 2169 252 Domi·

1266 285 1270 313 1
1285 271 1340 292 nus
1352 256 1628 303 corpussuumfecit
1639 283 1651 301 ,
1677 260 1760 295 Hoc
1781 263 1826 297 est
1842 275 1969 308 corpus*
1979 277 2091 302 meum
2119 269 2163 300 di-

1282 309 1390 349 cendo,
1415 310 1452 343 id
1466 307 1503 349 est
1523 331 1534 348 ,
1564 310 1665 353 figura
1686 312 1813 352 'corporis
1839 318 1897 347 mei
1919 336 1928 345 .
1955 313 2164 352 Tertulliani

330 362 563 407 lifigumcffi'um
583 361 673 407 fiss‘m
685 363 775 409 fis'ffi'
794 364 871 406 felle
893 370 1062 405 corruptum
1076 390 1085 403 ‚
1113 366 1147 398 Θ·
1167 371 1219 405 po·
1282 358 1396 402 scopus
1415 359 1460 393 est
1481 359 1719 404 exponendus,
1744 362 1801 407 qui
1813 360 2023 401 Eucharistiae
2050 370 2161 402 verita-

329 421 392 447 tum
413 421 494 448 aceto
514 414 653 456 deplorat
664 439 671 447 .
701 412 755 454 Isti
775 414 927 456 allegorice
943 422 1044 455 corpus
1058 412 1170 453 Christi
1183 414 1220 445 li·

325 474 385 508 gno
404 469 497 498 crucis
514 462 599 507 fuiffe
623 463 760 507 adfixum
782 465 905 497 volunt.
934 466 974 497 At
998 470 1044 498 ita
1060 462 1219 507 senserunt

329 515 460 549 nonnulli
472 522 610 550 veterum
624 535 632 545 -
659 510 759 557 ,Quast
776 516 849 547 vero
872 523 931 547 non
951 520 1047 558 magis
1075 511 1214 556 ignoscen-

328 564 402 597 dum
417 563 456 607 fit
476 575 575 598 eorum
596 561 724 606 inscitiae
749 587 760 604 ‚
786 565 820 598 ό·
837 563 1042 607 sipeliendum
1068 564 1192 597 dedecus
1205 588 1215 604 ,

326 616 419 658 quum
429 614 574 647 addenda
584 614 771 654 impudentia
784 637 795 653 ‚
820 623 855 648 ut
863 621 1004 657 cogantur
1027 625 1093 646 cum
1115 619 1214 657 genui-

326 674 364 699 no
375 662 533 707 Propheta»
546 659 638 707 sensu
665 662 807 704 hostiliter
836 663 937 699 adbuc
964 664 1128 708 confligere.
1157 662 1214 697 An

325 713 427 757 aliqui
438 710 606 748 Catholici
617 723 660 748 ex
671 711 733 750 isto
745 712 915 759 Prophetae
926 715 1001 749 loco
1012 712 1123 747 conati
1153 713 1213 748 sint

324 761 710 799 transubstantiationem
733 765 883 804 firmare,
910 764 992 799 nolo
1012 761 1211 809 disquirere:

322 812 539 860 Singulorum
561 813 649 850 sensa
671 814 706 850 dc
727 813 810 850 diua
836 824 904 848 non
928 814 1082 859 cogimur
1105 812 1212 848 defen-

322 863 415 910 dere.
443 858 539 913 Qin
563 863 705 907 &plura
738 864 933 899 toleramus.
962 865 1072 900 Etiam
1091 862 1218 915 improffi

487 911 588 962 Quod
600 922 710 948 tamen
726 912 910 949 authentici
925 914 1073 950 Ecclesiae
1098 913 1210 950 Patres

320 964 498 999 adductum
511 964 622 999 locum
633 963 675 998 de
686 962 820 999 Christo
832 964 987 1001 Domino
998 976 1037 1000 ac
1050 963 1119 1008 ejus
1137 976 1207 1000 cru-

321 913 439 950 bamu's
451 940 458 949 .

319 1024 358 1048 ce
367 1013 449 1047 reste
459 1012 685 1048 intellexerint
697 1036 710 1056 ,
733 1014 767 1050 ἀ
782 1013 871 1059 quod
886 1015 1048 1052 Calvinus
1056 1017 1124 1051 sine
1134 1015 1204 1050 fun-

317 1062 475 1098 damento
489 1061 709 1099 debacchetur
720 1065 756 1100 in
767 1064 878 1109 ipsos,
906 1067 1007 1110 posset
1032 1066 1130 1101 facile
1149 1067 1204 1101 de·

318 1112 492 1149 monstrari
513 1139 520 1147 .
560 1115 605 1149 Et
627 1112 718 1150 hunc
743 1114 844 1161 Regii
871 1115 1044 1162 Prophetae
1068 1117 1204 1158 locum,

319 1165 475 1198 Dederunt
486 1169 519 1197 in
529 1162 623 1207 escam
644 1176 742 1199 meam
763 1165 832 1208 fel,
859 1168 894 1203 &
915 1173 948 1201 in
963 1166 1104 1210 fieimea
1116 1176 1205 1211 pota·

317 1223 431 1249 verunt
442 1223 596 1256 meaceto,
620 1215 782 1260 quisserat
793 1228 861 1251 non
876 1217 1020 1262 intelligi
1044 1218 1086 1252 de
1108 1217 1199 1252 Chri-

314 1264 366 1299 sto
378 1264 558 1300 Domino?
584 1265 642 1301 Est
657 1263 832 1300 Theodori
845 1267 1111 1310 Mopsuestiensis
1125 1268 1201 1311 Epi·

316 1314 433 1358 scopi,
466 1314 614 1351 Psalmos
635 1314 677 1350 de
696 1315 884 1351 Mediatore
906 1316 991 1351 nihil
1014 1317 1108 1360 loqui
1129 1329 1200 1361 gar-

307 1364 451 1406 nentis,
479 1377 566 1401 error
593 1364 820 1409 blasphemus,
846 1365 1020 1401 damnatus
1038 1368 1057 1401 ὲ
1077 1368 1200 1411 ,quinto

314 1415 494 1451 Concilio.
520 1414 625 1450 Porro
636 1416 760 1459 primus
785 1416 988 1452 Tertulliani
1014 1417 1106 1452 locus
1131 1429 1199 1453 non

311 1464 391 1499 facit
401 1464 442 1499 ad
456 1475 521 1498 rem
543 1466 748 1508 praesentem.
775 1466 912 1501 Etenim
936 1466 1089 1504 adversus
1112 1467 1200 1503 Mar-

310 1515 464 1555 cionem,
491 1525 569 1549 verae
584 1515 620 1548 in
630 1514 784 1551 Domino
796 1517 901 1551 carnis
925 1526 1117 1562 negatorem
1143 1519 1199 1553 im·

309 1565 424 1609 pium,
452 1562 665 1600 solummodo
691 1565 842 1604 adfirmat
870 1591 882 1608 ,
909 1567 999 1612 quod
1027 1567 1199 1612 Prophetae

308 1613 545 1650 adsumendum
565 1613 583 1649 a
598 1614 675 1650 Deo
689 1615 789 1651 verbo
798 1628 918 1661 corpus
944 1617 1143 1662 quandoque
1163 1620 1200 1654 fi-

307 1664 458 1711 gurarint
473 1665 507 1698 in
527 1675 647 1708 panem
661 1689 672 1705 ‚
699 1663 765 1701 hoc
779 1667 825 1702 est
838 1692 849 1708 ,
875 1668 1014 1712 figurata
1027 1665 1129 1713 phrasi
1144 1680 1198 1713 per

310 1725 428 1750 vocem
451 1717 550 1748 Panis
573 1713 810 1760 significarint.
838 1716 1057 1753 Nominatim
1079 1719 1195 1754 Hiere-

306 1765 412 1802 mias:
441 1767 605 1799 mittamus
615 1765 729 1810 lignum
739 1771 894 1808 inpanem
905 1770 973 1810 ejus
988 1793 997 1802 .
1024 1768 1104 1805 Hoc
1127 1769 1173 1804 est
1187 1794 1198 1810 ‚

305 1826 439 1851 crucem
453 1816 487 1848 in
498 1814 567 1859 ejus
578 1825 697 1858 corpus
708 1841 716 1851 .
746 1817 851 1853 Addit
862 1816 928 1853 hoc
952 1821 1197 1855 Sacramentum

306 1865 346 1902 ab
371 1870 590 1908 antiquitatum
616 1867 817 1901 illuminatore
843 1868 996 1904 Domino
1018 1869 1111 1905 fuisse
1138 1871 1196 1905 suo

306 1926 453 1960 tempore
466 1916 744 1959 interpretandum
755 1927 853 1961 atque
864 1917 1111 1963 adimplendum
1121 1945 1132 1960 ,
1159 1933 1196 1955 ac

305 1967 342 2002 in
365 1966 553 2001 saeculorum
576 1968 644 2002 fine
669 1967 914 2012 interpretatum
936 1994 947 2011 ,
973 1980 1071 2013 atque
1098 1970 1195 2005 adim-

304 2016 457 2061 pletum,
497 2016 578 2050 dum
606 2016 725 2062 nempe
743 2026 860 2060 panem
873 2018 931 2060 fibi
953 2027 1057 2061 corpus
1076 2020 1172 2062 finxit
1185 2045 1195 2061 ,

304 2067 339 2103 ἀ
365 2066 399 2100 in
424 2067 519 2100 suum
544 2077 665 2110 corpus
690 2069 893 2104 consecravit
917 2093 928 2109 ,
966 2078 1064 2114 atque
1086 2070 1132 2105 ita
1158 2071 1193 2104 in

305 2127 390 2160 pane
411 2117 584 2151 exsecutus
609 2117 655 2150 est
682 2118 823 2162 figuram
845 2142 856 2160 ,
895 2129 996 2161 quam
1023 2119 1196 2163 Prophetae

305 2167 523 2209 promiserant
544 2191 551 2198 .
591 2165 831 2210 Prophetarum
853 2168 942 2202 enim
963 2168 1068 2214 figura
1089 2193 1101 2210 ‚
1140 2171 1193 2205 seu

305 2216 444 2261 figurata
468 2215 596 2249 locutio
618 2216 709 2252 aliud
730 2228 800 2252 non
813 2218 961 2261 promisit
975 2243 985 2260 ‚
1013 2219 1113 2265 quim
1125 2219 1195 2264 ejus

305 2277 425 2309 corpus
450 2267 598 2300 futurum
622 2267 657 2300 in
681 2278 788 2313 pane,
815 2268 869 2302 seu
891 2280 1007 2313 panem
1030 2270 1193 2304 consecra·

306 2318 401 2353 tione
421 2315 680 2352 convertendum
707 2317 742 2351 in
764 2316 833 2360 ejus
854 2329 974 2363 corpus
998 2344 1008 2354 .
1044 2320 1089 2355 Et
1116 2320 1192 2363 quia

306 2367 452 2401 alienum
475 2365 597 2401 fastum
612 2378 711 2401 nemo
724 2368 818 2410 posiit
830 2371 1024 2413 promittere
1037 2394 1048 2411 ‚
1072 2379 1114 2404 ex
1126 2369 1193 2405 lau-

306 2417 384 2451 data
406 2416 499 2461 panis
521 2417 624 2460 figura
648 2417 825 2462 Septimius
847 2419 998 2463 explodit
1014 2419 1192 2455 Marcioni—

306 2468 408 2503 ticam
427 2466 571 2510 duplicis
593 2465 788 2503 Divinitatis
808 2467 954 2504 fabulam
980 2493 991 2509 ,
1016 2469 1192 2504 adfirmans

308 2518 438 2561 ipsum,
464 2517 522 2560 qui
543 2528 598 2560 per
619 2515 799 2561 Prophetas
823 2518 926 2561 ipsam
950 2519 1097 2564 praemifit
1119 2545 1130 2560 ‚
1157 2521 1190 2554 &

309 2578 366 2613 per
386 2567 577 2604 Dominum
598 2566 757 2611 JESUM
779 2567 950 2605 Christum
972 2568 1190 2615 adimplevit,

311 2629 380 2651 non
404 2618 493 2662 posse
514 2628 581 2652 non
606 2618 668 2651 effe
689 2617 801 2652 Deum
827 2629 933 2654 unum
955 2631 993 2654 ac
1017 2619 1188 2655 eumdem.

311 2669 398 2715 Qae
417 2668 532 2702 omnia
557 2665 641 2701 nihil
661 2667 787 2704 faciunt
797 2667 838 2703 ad
849 2670 1036 2713 praesentem
1048 2668 1190 2716 quaestio-

314 2729 408 2751 nem.
437 2718 562 2752 Eadem
581 2717 628 2751 est
650 2718 735 2754 ratio
759 2717 877 2755 horum
904 2719 1079 2755 verborum
1101 2721 1135 2754 in
1148 2721 1190 2755 se-

316 2767 431 2810 quenti
453 2767 530 2802 loco
553 2779 561 2799 :
598 2769 647 2799 Ita}
674 2770 708 2805 ὀ·
730 2780 808 2803 nunc
822 2768 1003 2813 sanguinem
1026 2775 1061 2803 in
1084 2776 1190 2804 vinum

313 2815 494 2860 consecravit
502 2841 515 2858 ,
540 2822 594 2859 qui
611 2826 682 2852 tunc
698 2824 810 2853 w'num
829 2824 863 2853 in
870 2818 1016 2864 sanguine
1023 2820 1170 2866 figuravit
1182 2844 1189 2851 .

317 2866 483 2903 Adfirmat
503 2876 570 2899 non
594 2866 696 2901 solam
717 2879 831 2904 vocem
853 2871 951 2903 Panis
974 2881 1035 2913 pro
1048 2869 1189 2906 Domini

313 2927 476 2959 corpore,
503 2914 558 2951 sed
579 2917 678 2950 etiam
706 2928 820 2952 vocem
843 2926 950 2953 vinum
974 2921 1069 2956 fuisse
1083 2920 1100 2955 a
1115 2920 1191 2954 Pro-

317 2964 423 3012 phetis
441 2975 607 3010 acceptam
631 2976 690 3010 pro
710 2967 807 3011 ipsius
830 2969 988 3014 sanguine
1011 2995 1022 3011 ,
1058 2970 1191 3013 istasque

313 3017 381 3051 else
402 3017 560 3062 figuratas
579 3016 785 3059 locutiones,
809 3019 929 3063 quibus
949 3020 1006 3056 ille
1030 3019 1113 3056 istud
1124 3031 1192 3056 cor-

314 3077 376 3112 pus
394 3067 428 3102 &
459 3066 557 3101 istum
578 3067 768 3112 sanguinem
781 3070 1012 3111 praenunciavit
1023 3082 1062 3105 ac
1075 3071 1192 3114 promi·

315 3117 357 3150 sit
377 3117 440 3152 esse
461 3115 558 3152 nobis
578 3127 623 3150 ex
644 3127 728 3160 pane
748 3119 785 3152 ἀ
809 3119 890 3153 vino
913 3119 1133 3155 consecranda
1159 3121 1191 3154 ἀ

317 3166 472 3202 donanda
493 3192 500 3198 .
528 3165 717 3202 Laudatum
741 3167 911 3212 Prophetae
936 3170 1048 3212 locum
1072 3169 1191 3204 eodem

319 3215 421 3250 modo
440 3217 582 3261 exponit
600 3216 638 3251 in
658 3215 819 3251 Traaatu
839 3219 930 3261 super
952 3219 1142 3256 Parabolam
1153 3219 1193 3254 de

246 3290 249 3292 —
315 3263 385 3299 ficu
406 3265 539 3301 Sanctus
561 3265 708 3310 Joannes
733 3267 990 3311 chrysostomus
1011 3294 1023 3310 ,
1057 3271 1192 3305 Sanetus

320 3312 468 3357 Cyrillus
491 3316 734 3362 Hierosolyma:
753 3318 932 3366 Episcopus
953 3320 992 3356 in
1009 3318 1194 3357 Cateehesi·

317 3363 380 3402 bus
391 3388 402 3404 ,
426 3375 464 3398 ac
477 3365 534 3398 alii
546 3366 650 3408 plures
664 3391 672 3400 .

366 3413 491 3451 Omnis
515 3416 652 3459 quaestio
669 3416 770 3456 haeret
790 3419 830 3455 -in
848 3419 923 3456 aliis
940 3419 1038 3466 hujus
1060 3420 1194 3459 secundi

1264 417 1348 478 ‘tem
1361 409 1550 445 validissime
1559 410 1735 446 confirmat
1745 436 1754 445 .
1781 412 1866 458 Agit
1879 413 1939 448 ille
1950 413 1992 448 'in
2006 411 2165 452 'Marcio-

1263 469 1380 507 4nem,
1405 460 1461 504 qui
1485 470 1555 495 non
1576 462 1747 496 veritatem
1767 486 1779 504 ‚
1818 464 1873 499 sed
1894 464 1996 498 solam
2021 463 2160 503 humani

1278 509 1425 554 corporis
1436 520 1572 546 vacuam
1586 512 1726 555 speciem
1737 512 1903 558 garriebat
1926 515 2151 562 adsumptam,

1277 559 1447 605 utiturque
1457 558 1522 596 hoc
1532 572 1730 607 argumento
1745 574 1753 595 ε
1781 564 1951 600 Dominus
1965 566 2060 601 suum
2079 578 2151 602 cor·

1279 621 1337 654 pus
1350 610 1384 644 in
1395 621 1478 654 pane
1488 635 1499 652 ,
1525 611 1561 646 in
1573 612 1653 648 vino
1664 615 1758 659 suum
1772 615 1967 659 sanguinem
1989 617 2159 652 consecra-

1278 661 1325 696 vit
1336 672 1374 695 ac
1384 661 1464 696 fecit
1476 684 1487 702 ‚
1512 661 1594 707 ergo
1603 662 1719 698 eadem
1729 665 1906 709 adsumpsit
1915 665 1952 705 in
1973 666 2063 702 suam
2086 677 2159 711 per-

1277 712 1391 746 sonam
1400 734 1411 752 ,
1438 710 1473 746 &
1485 720 1543 755 pro
1554 710 1651 747 nobis
1660 713 1754 758 geffit
1763 739 1772 747 .
1801 715 1878 764 Qa
1889 718 2075 760 argumenti
2092 718 2157 753 for·

1275 772 1328 796 ma
1340 759 1487 799 adversus
1500 759 1683 798 Marcionis
1703 764 1911 800 successorem
1933 765 2155 811 Eutychetem

1275 813 1349 847 usus
1358 812 1459 847 etiam
1469 812 1534 847 fuit
1548 813 1582 846 in
1596 812 1744 857 Epistola
1765 815 1805 850 ad
1834 816 1969 852 Clerum
1991 829 2155 862 ac‘popu·
2179 850 2191 858 ,

1271 912 1379 955 quibus
1405 910 1608 954 Eutychiani
1619 918 1798 958 ignorantiae
1808 916 1938 950 tenebris
1952 941 1964 958 ,
1989 923 2092 962 inquo
2100 918 2153 953 ha-

1270 961 1372 997 8enus
1393 961 1509 1004 defidiae
1527 971 1644 1006 torpore
1657 966 1778 1006 ‚iacuere
1797 989 1809 1007 ,
1847 975 1883 1000 ut
1904 966 2086 1001 ner-‘auditu
2104 970 2154 1003 di·

1266 1011 1382 1056 ‚si-erent
1394 1037 1404 1054 ,
1433 1013 1486 1047 vel
1492 1012 1612 1048 ledione
1619 1013 1817 1058 cognoscerent
1830 1039 1842 1058 ‚
1868 1018 1949 1060 quod
1964 1021 2010 1050 in,
2022 1017 2151 1061 Ecclefia

1270 1064 1325 1096 Dei
1335 1068 1367 1097 in
1379 1069 1510 1098 omnium
1519 1075 1567 1098 ore
1575 1072 1641 1097 tam
1651 1063 1802 1108 consbnum
1821 1065 1861 1105 est
1875 1090 1886 1107 ,
1912 1075 1946 1102 ut
1964 1078 2016 1101 nec
2042 1068 2082 1101 ab
2105 1075 2152 1101 in-

1261 1113 1404 1156 fantium
1414 1115 1522 1157 linguis
1532 1119 1651 1149 veritas
1663 1111 1792 1157 corporis
1803 1117 1836 1150 Εἰ
1858 1114 2015 1161 sanguinis
2026 1149 2029 1151 .
2039 1117 2152 1159 christi

1269 1167 1350 1198 inter
1359 1168 1521 1197 communis
1533 1165 1729 1199 sacramenta
1737 1164 1807 1206 fidei
1827 1169 1985 1201 teneatur?
2009 1170 2095 1212 ,Quia
2115 1174 2150 1203 in

1267 1214 1324 1246 iila
1334 1212 1447 1253 mystica
1468 1213 1670 1255 dssrtbunone
1684 1213 1839 1257 spiritalis
1861 1218 2010 1251 alimoniae
2033 1217 2151 1252 hosim-

1263 1269 1402 1305 partitur
1414 1287 1426 1303 ,
1452 1262 1505 1297 hoc
1512 1262 1644 1306 sumitur
1658 1288 1669 1305 ,
1694 1275 1728 1299 ut
1738 1271 1915 1308 accipientes
1929 1273 2047 1302 virtute
2066 1269 2150 1302 caele·

1259 1312 1318 1352 fiis
1330 1312 1387 1347 cibi
1396 1318 1430 1351 in
1441 1324 1560 1347 carnem
1571 1313 1660 1356 ipfius
1670 1339 1681 1354 ,
1705 1322 1759 1357 qui
1767 1326 1837 1351 caro
1850 1316 1947 1357 nistra
1961 1317 2070 1359 fadus
2089 1314 2146 1359 est,

1266 1361 1453 1406 transbamus
1466 1387 1473 1395 .
1502 1363 1549 1398 Et
1570 1364 1606 1398 in
1632 1363 1749 1398 litteris
1769 1366 1811 1399 ad
1835 1365 2034 1402 Anatolium
2055 1368 2147 1402 Con-

1265 1518 1332 1554 tia,
1358 1523 1409 1547 nec
1420 1521 1497 1548 vera
1513 1512 1684 1557 sacrifi-ia,
1711 1514 1768 1559 mfi
1784 1521 1818 1551 in
1837 1516 1943 1557 nostrae
1963 1523 2145 1561 proprietate

1263 1572 1383 1611 naeurae
1396 1574 1487 1598 verus
1499 1574 1552 1600 nos
1565 1563 1710 1606 Pontifex
1720 1566 1884 1601 reconciliet
1893 1591 1905 1607 ,
1925 1578 2018 1602 verus
2039 1573 2146 1602 imma-

1263 1614 1357 1648 culati
1370 1619 1450 1657 Ag-ni
1458 1613 1584 1659 sanguis
1593 1615 1753 1652 emundet.
1778 1619 1845 1660 ,Qui
1857 1618 1925 1660 licet
1934 1621 1969 1651 in
1989 1619 2096 1652 Patris
2103 1617 2143 1660 fit

1262 1663 1396 1700 dextera
1404 1664 1575 1704 constitutus
1589 1689 1601 1706 ‚
1623 1671 1660 1699 in
1670 1667 1773 1700 eadem
1793 1676 1896 1701 tamen
1917 1678 2024 1709 carne,
2051 1679 2144 1710 quam

1234 1719 1236 1722 “
1256 1711 1380 1756 sumpsit
1407 1726 1445 1748 ex
1483 1718 1608 1758 Virgine
1629 1739 1640 1756 ‚
1678 1718 1899 1751 sacramentum
1920 1723 2144 1760 propinationis

1260 1762 1434 1807 exsequitur
1455 1789 1462 1796 .
1503 1763 1668 1800 Adfirmat
1697 1777 1803 1801 veram
1825 1767 1969 1802 Domini
1989 1777 2144 1809 carnem,

1233 1843 1235 1846 .
1261 1824 1438 1858 verumque
1458 1814 1555 1858 ipsius
1574 1814 1766 1861 sanguinem
1792 1818 1874 1851 sumi
1897 1817 1916 1851 a
1929 1816 2068 1853 nobisin
2078 1818 2145 1852 Eu·

1260 1861 1433 1907 charistia,
1458 1864 1589 1900 &hanc
1601 1866 1767 1901 veritatem
1791 1868 1855 1901 esse
1877 1868 1976 1903 etiam
2001 1867 2143 1912 parvulis

1259 1924 1397 1956 notam,
1423 1915 1564 1957 ideoque
1583 1915 1626 1951 ab
1651 1915 1839 1959 Eutychete
1864 1928 1926 1952 nec
1948 1918 2051 1961 prima
2062 1918 2142 1953 fidei

1259 1963 1446 2001 rudimenta
1467 1966 1587 2001 teneri.
1610 1965 1734 2001 Eadem
1757 1965 1798 2001 de
1819 1967 2019 2002 causainum
2032 1967 2142 2012 appel-

1258 2013 1303 2051 lat
1329 2015 1438 2050 senem
1465 2016 1653 2059 imperitum
1672 2039 1683 2056 ‚
1708 2028 1747 2052 ac
1767 2017 1908 2052 delirum
1929 2041 1938 2049 .
1974 2018 2140 2053 Adfirmat

1257 2075 1330 2099 eam
1347 2065 1448 2108 ipsam
1472 2077 1625 2105 carnem,
1651 2076 1751 2109 quam
1776 2068 1905 2110 sumpsit
1925 2066 1969 2101 de
1996 2067 2139 2113 Virgine

1258 2114 1427 2148 Dominus
1440 2139 1450 2156 ‚
1476 2116 1539 2149 esse
1552 2115 1585 2148 in
1599 2113 1823 2150 Eucharistiz:
1851 2116 1895 2151 Et
1907 2116 1976 2152 fine
1986 2117 2056 2161 ipsa
2076 2119 2138 2153 nei:

1258 2174 1367 2198 verum
1381 2166 1444 2199 effe
1455 2165 1541 2208 apud
1554 2176 1614 2200 nos
1626 2166 1822 2202 sacrificium
1836 2191 1847 2208 ,
1874 2178 1935 2202 nec
1957 2177 2062 2202 ratum
2085 2168 2139 2203 Sar

1255 2214 1438 2252 cerdotium
1452 2240 1463 2256 ‚
1489 2227 1552 2250 nec
1574 2226 1654 2250 verae
1674 2217 1923 2260 propitiationis
1942 2218 1995 2252 seu
2021 2218 2139 2262 gratia-

1255 2274 1325 2297 rum
1347 2265 1486 2298 astionis
1505 2265 1751 2300 Sacramentum
1774 2292 1782 2300 .
1813 2265 2072 2310 Argumentatur
2094 2267 2137 2302 ab

1255 2311 1320 2347 hoc
1332 2315 1545 2349 Sacramenta
1563 2314 1604 2348 ad
1617 2313 1774 2350 visibilem
1797 2314 1920 2351 Christi
1944 2318 2135 2359 personam:

1255 2363 1342 2397 Vera
1359 2365 1477 2398 caro&
1492 2375 1585 2398 verus
1605 2365 1735 2411 sanguis
1753 2367 1827 2400 sunt
1849 2366 1885 2399 in
1909 2365 2112 2401 Eucharistia
2124 2391 2137 2408 ,

1253 2412 1334 2458 ergo
1364 2415 1439 2447 sunt
1462 2416 1560 2449 etiam
1583 2414 1758 2450 in·visibili
1788 2416 1931 2450 Domini
1966 2418 2120 2460 persona.

1253 2463 1356 2510 Qiod
1379 2474 1613 2508 argumentum
1628 2488 1638 2504 ‚
1664 2466 1724 2498 nisi
1750 2475 1838 2500 certa
1860 2468 1897 2500 sit
1925 2466 2137 2503 Eucharissiae

1254 2513 1369 2548 veritas
1379 2537 1389 2553 ,
1417 2514 1560 2548 omnino
1571 2516 1615 2549 est
1627 2514 1749 2549 nullius
1762 2515 1936 2559 ponderis.

1303 2563 1433 2599 Eodem
1446 2575 1643 2609 argumento
1657 2566 1763 2600 utitur
1776 2566 1962 2609 publicatus
1973 2579 2027 2610 per
2044 2569 2134 2611 Jaco-

1252 2613 1330 2648 bum
1354 2614 1546 2649 Gretzerum
1571 2614 1760 2650 Anastasius
1783 2617 1919 2652 Sinaita.
1958 2617 2012 2651 Ad
2037 2617 2134 2660 Gaia·

1253 2664 1373 2704 uitam,
1403 2665 1459 2707 qui
1470 2665 1602 2709 degenti
1629 2664 1800 2700 nobiscum
1822 2666 1955 2701 Christo
1979 2667 2132 2702 Domino

1250 2712 1455 2749 adscribebat
1484 2714 1733 2758 incorruptibile
1764 2726 1880 2760 corpus
1902 2740 1913 2756 ‚
1951 2717 2034 2751 dicit
2061 2718 2131 2752 illic

1251 2763 1485 2799 orthodoxus:
1513 2768 1570 2799 Dic
1579 2765 1673 2806 mibi,
1700 2765 1829 2805 obsecro,
1850 2765 1918 2807 siut
1945 2770 2129 2809 Divinitas,

1251 2821 1298 2848 ita
1309 2815 1344 2848 δ’
1354 2823 1461 2857 corpus
1476 2814 1587 2855 christi
1599 2839 1611 2855 ,
1635 2815 1674 2848 ab
1686 2813 1747 2858 ipso
1756 2821 1875 2850 unionis
1885 2818 2005 2850 exordio
2014 2823 2131 2851 immor·
2145 2834 2218 2874 Cap¹
2237 2846 2282 2873 τὸ

1249 2865 1398 2899 talitatem
1407 2864 1496 2898 babet
1508 2890 1518 2906 ,
1546 2877 1617 2899 num
1628 2872 1786 2899 communio
1792 2865 1977 2909 sacrattffimi
2002 2874 2129 2910 corporis

1250 2912 1447 2959 &sanguinis
1459 2914 1570 2955 Christi
1581 2939 1592 2956 ,
1615 2926 1705 2958 quam
1718 2915 1801 2956 offer-s
1813 2918 1847 2949 Θ·
1855 2921 2026 2957 participas
2038 2940 2049 2958 ‚
2075 2929 2128 2952 ve-

1250 2966 1284 2997 re*
1309 2964 1348 3005 est
1369 2976 1474 2999 verum
1498 2974 1600 3008 corpus
1624 2966 1658 2999 6*
1674 2964 1799 3008 sanguis
1818 2963 1928 3005 Christi
1946 2968 2021 2999 Filii
2044 2969 2126 3009 Dei,

1250 3016 1302 3048 vel
1316 3016 1415 3049 nudas
1421 3021 1515 3058 panis
1526 3040 1537 3056 ,
1563 3016 1660 3057 qualis
1677 3014 1800 3055 ostiatim
1814 3018 1959 3049 venditur
1972 3041 1983 3056 ,
2010 3019 2064 3050 vel
2082 3023 2129 3051 vi-

1253 3075 1313 3099 cem
1324 3065 1533 3099 dumtaxat&
1540 3065 1669 3108 figuram
1686 3070 1768 3110 gerit
1789 3072 1915 3107 corporis
1936 3066 2067 3106 Christi,
2093 3075 2128 3100 at

1248 3112 1420 3157 sacrificium
1432 3114 1524 3154 hirci,
1549 3114 1902 3161 quodJudaeiefferunt:
1929 3115 1974 3150 Et
1994 3115 2128 3159 Gajani-

1252 3176 1284 3199 ta
1305 3165 1476 3210 respondet
1498 3177 1506 3198 ε
1533 3163 1611 3206 Abfit
1629 3174 1664 3199 ut
1689 3166 1844 3201 doceamus
1863 3165 1985 3209 sacram
2004 3173 2127 3204 coynmu·

1254 3220 1368 3250 nionem
1389 3216 1443 3261 effe
1466 3216 1671 3251 tantummodo
1688 3214 1820 3261 figuram
1840 3223 1966 3259 eorporis
1991 3215 2126 3256 christi,

1254 3275 1308 3301 aut
1331 3267 1447 3302 nudum
1467 3273 1581 3308 panem
1598 3289 1611 3307 ‚
1632 3263 1691 3309 sed
1710 3264 1807 3309 spficm
1831 3275 1933 3309 corpus
1952 3268 1987 3301 ὠ·
2004 3263 2128 3310 sangui·

1253 3327 1321 3350 mm
1342 3317 1417 3350 Filii
1444 3318 1501 3350 Dei
1520 3322 1673 3350 incarnati
1690 3341 1701 3357 ,
1738 3317 1773 3350 <St
1797 3328 1834 3350 ex
1856 3314 2030 3359 sandirfflma
2057 3319 2127 3349 Dei-

1203 3403 1205 3405 ,
1250 3374 1331 3407 para
1352 3369 1386 3402 (5
1403 3364 1520 3410 semper
1541 3370 1663 3410 Virgine
1687 3369 1788 3398 Maria
1810 3371 1899 3406 nati,
1924 3367 1997 3398 vere
2021 3371 2131 3408 accipi-

1255 3428 1339 3451 mus.
1365 3417 1410 3452 Et
1435 3415 1552 3452 iterum
1572 3414 1810 3453 Orthodoxus:
1835 3416 1881 3450 sic
1901 3416 2069 3459 credunm,
2093 3417 2127 3450 θ

2037 3464 2078 3510 fic

1274 861 1344 897 lum
1370 861 1784 907 Constantinopolitanum
1807 866 1953 911 Magnus
1977 867 2050 903 Leo
2070 879 2078 900 ε
2114 873 2153 902 In
2173 851 2224 890 ΕΡ·
2255 860 2301 889 ²3·

1265 1412 1597 1457 stantinnpolitanum
1619 1413 1831 1450 Antistitem:
1859 1416 1955 1450 Aliter
1966 1422 2000 1450 in
2020 1415 2147 1459 Ecclefiae
2164 1429 2214 1464 sp,
2231 1438 2282 1464 ⁴⁹·

1266 1465 1324 1497 Dei
1338 1484 1351 1503 ,
1372 1475 1442 1506 quae
1450 1471 1551 1506 corpus
1562 1463 1602 1505 est
1613 1463 1728 1506 christi
1738 1489 1749 1504 ,
1775 1476 1828 1500 nec
1838 1464 1988 1510 ratafisnt
2011 1468 2147 1501 Sacerdo-
2167 1475 2231 1506 cap-
2253 1476 2280 1495 ²·
