2352 3756
372 109 469 167 258

670 108 712 154 S.
748 106 1065 154 GReGoRu
1100 110 1738 164 SEPT1M1PONT11=1c13

309 200 343 226 ‘a
355 190 500 236 Epistoya
512 188 583 223 Leo
594 184 739 224 Amnius
751 204 762 224 ‚-
788 195 833 224 Et
842 193 949 234 peffimt
971 191 1096 224 bominis
1110 214 1120 231 ,
1145 192 1180 224 ό*
1244 191 1558 235 stantinopoliranus
1578 209 1586 229 :
1624 198 1744 239 ostenta
1762 201 1903 241 quedam
1921 215 1955 238 ac
1975 206 2114 251 prodigia
2132 207 2183 239 An.
2198 216 2264 245 147·

299 239 476 286 facinorofi,
502 240 535 273 ὦ·
543 237 655 281 sapius
667 241 706 273 ab
717 241 849 282 Antistia
862 242 916 285 suo
938 245 1179 276 excommunicati

308 292 439 327 cadaver
453 314 463 330 ,
488 292 567 331 quod
583 302 639 324 non
662 300 695 324 ut
715 289 831 335 reliqua
855 295 1068 326 demortuorum
1093 291 1178 323 cada-

308 352 383 376 vera
402 340 512 383 defbffit
530 341 696 383 diffolvitur
708 350 796 384 atque
808 348 841 374 in
850 342 1005 383 pulverem
1016 341 1081 375 abit
1093 365 1103 380 ,
1124 338 1181 382 sed

307 389 394 435 quafi
407 402 444 424 ex
463 393 622 435 firmiffima
637 392 714 432 pelle
734 392 873 432 constaret
894 415 905 430 ,
936 398 992 432 per
1004 401 1109 424 omnes
1133 388 1179 431 sui

302 451 410 485 partes
429 440 595 484 intumescit
617 449 704 482 atque
726 441 897 480 distenditur
919 463 930 479 ,
968 450 1003 473 ut
1023 446 1079 472 vix
1101 438 1179 478 flebit

305 495 406 535 aliqua
420 492 469 536 siti
488 500 576 534 parte
596 492 678 533 posfit
693 514 704 530 ,
724 489 780 534 sed
797 495 873 523 cutis
900 499 1044 532 tanquam
1070 497 1178 531 tympa-

301 553 375 578 num
396 541 518 585 extensa
538 542 663 575 eimdem
682 548 716 572 ut
735 548 904 581 tympanum
927 564 937 580 ,
969 539 999 580 fi
1019 538 1177 582 pulsatur,

300 591 405 636 finum
427 594 490 626 edit
499 617 510 624 ..
535 590 647 631 Corpus
662 588 702 630 fic
721 590 920 631 deformatum
943 591 1060 622 daemon
1081 594 1178 631 ingre-

302 644 386 676 ditur
409 667 419 682 ,
459 643 493 674 (τ
515 638 628 682 miseris
653 640 825 673 mortalibus
851 639 1046 683 infortunium
1068 644 1174 680 parit.

301 694 388 735 saepe
407 696 487 724 enim
502 689 559 732 sub
580 701 611 723 eo
630 687 954 732 cadaveree'sepulcbro
973 690 1092 732 egressus
1104 714 1116 729 ,
1142 691 1177 724 ὀ*

294 750 352 784 per
373 742 477 774 urbem
498 740 533 773 ὠ·
550 741 611 774 alia
630 742 692 773 loca
715 739 856 772 habitata
864 745 1035 774 circumiens
1046 765 1056 780 ‚
1084 741 1118 773 ό*
1129 751 1178 773 no·

298 791 347 824 c‘la
367 791 540 834 potiffimum
552 815 562 831 ‚
587 792 631 823 ad
645 801 733 832 quam
748 789 802 831 fibi
821 789 937 822 libuerit
960 790 1055 823 aedem
1066 789 1177 831 confer-

298 851 349 874 tur
371 867 381 883 ,
405 839 591 884 pulsatisque
606 839 728 881 foribus
753 840 881 881 aliquem
908 850 946 872 ex
973 841 1077 874 accolis
1103 842 1178 875 aedis

297 903 366 927 voce
383 890 490 935 sonora
512 892 679 932 compellat.
705 892 739 923 51
757 888 964 931 responderit,
989 891 1088 923 allum
1106 892 1176 931 jam

297 943 335 983 est
357 945 394 976 de
416 954 465 975 eo:
493 943 589 972 Altero
611 945 690 973 enim
712 940 760 972 die
770 939 831 972 obit
841 949 982 972 mortem.
1007 943 1039 974 Si
1052 953 1109 974 non
1119 941 1177 984 res-

292 994 434 1035 ponderit
448 1016 458 1031 ,
478 990 587 1036 salvus
610 990 665 1030 cst.
693 994 770 1022 Hinc
794 996 825 1022 in
845 1002 881 1023 ea
904 989 1006 1033 Insula
1026 998 1106 1024 cives
1117 1004 1172 1023 om·

296 1054 351 1075 nes
366 1066 376 1082 ‚
396 1040 424 1082 fi
444 1041 527 1073 noctu
541 1040 578 1072 ab
589 1042 688 1083 aliquo
698 1041 924 1081 compellentur,
953 1052 1104 1083 nunquam
1111 1048 1177 1083 pri-

295 1104 346 1124 ma
369 1099 434 1126 vice
456 1089 634 1133 respondent
652 1116 659 1123 .
690 1094 777 1123 Nam
793 1088 823 1131 fi
840 1089 965 1133 secundo
990 1093 1174 1133 compellatus

285 1142 387 1185 fuerit
400 1166 409 1181 ‚
431 1143 503 1181 jam
514 1146 566 1183 qui
575 1145 685 1183 quaerit
696 1140 849 1174 Bulcola'ca
859 1151 915 1172 non
925 1139 963 1178 est
975 1164 984 1179 ,
1007 1139 1067 1183 sed
1075 1144 1154 1175 alius
1166 1169 1171 1175 .

295 1196 432 1235 Eamque
450 1190 561 1232 pestem
582 1192 656 1223 adeo
678 1189 832 1232 exitiosam
852 1190 1022 1224 mortalibus
1047 1195 1099 1234 eJJe
1125 1195 1171 1225 di-

291 1250 381 1284 cunt,
409 1252 443 1275 ut
456 1242 585 1277 interdiu
595 1246 708 1281 etiam,
735 1238 840 1283 &ipso
849 1242 992 1280 meridie,
1018 1248 1173 1275 nontntra

292 1295 374 1326 aedes
395 1293 535 1332 tantum,
556 1290 616 1335 sed
633 1296 666 1322 in
686 1297 788 1333 agris,
815 1293 894 1324 &in
906 1295 966 1323 viis
979 1293 1128 1324 mediis&
1142 1300 1173 1324 in

289 1343 416 1385 sepibus
439 1349 597 1375 vinearum
606 1349 823 1383 praetereuntes
834 1342 1025 1382 aggrediatur
1037 1365 1048 1380 ,
1076 1343 1110 1375 &³
1121 1344 1171 1374 ad-

283 1393 390 1440 speblu
408 1392 470 1435 solo
489 1393 523 1425 ό·
545 1390 614 1432 visu
635 1391 767 1434 conficiat
780 1413 791 1429 ‚
817 1401 875 1421 non
885 1389 988 1421 verbIs
998 1398 1173 1423 tantummo-

289 1446 330 1476 do
344 1445 378 1476 (Ὗ
398 1441 533 1475 contac'lu
543 1449 639 1473 enecet
652 1464 659 1470 .
686 1445 828 1474 Homines
842 1438 914 1479 ipfi,
943 1445 995 1480 qui
1005 1442 1149 1474 viderunt
1161 1465 1173 1482 ,

281 1493 513 1536 fialloquantur
524 1514 534 1529 ,
555 1488 704 1532 spee‘lrum
726 1487 861 1531 disparet
883 1498 893 1529 ;
919 1494 971 1530 qui
990 1490 1101 1523 locutus
1112 1491 1150 1530 est
1158 1516 1168 1531 ,

289 1547 431 1575 moritur.
460 1542 567 1583 ,Quare
588 1545 669 1572 cives
690 1562 701 1578 ‚
724 1539 790 1571 cum
809 1539 915 1571 vident
932 1537 1063 1573 homines
1089 1543 1172 1574 nulla

282 1591 437 1637 grassante
458 1588 655 1631 infirmitate,
683 1594 715 1620 in
738 1597 828 1621 tanta
847 1594 933 1629 copia
945 1596 1058 1629 emori,
1079 1589 1170 1634 suspi-

285 1642 437 1684 catiquod
448 1640 486 1682 est
500 1666 509 1680 ,
530 1637 706 1682 sepulchra,
731 1642 763 1671 in
788 1637 890 1680 quibus
902 1649 1003 1672 recens
1014 1639 1170 1680 defunditis

283 1692 322 1733 est
330 1686 462 1735 sepultus
474 1715 484 1731 ‚
510 1696 646 1731 aperiunt
660 1713 670 1729 ,
696 1690 857 1730 aliquando
858 1688 962 1727 statim
973 1713 982 1727 ‚
1009 1691 1172 1731 altquando

283 1749 378 1777 etiam
399 1741 517 1774 tardius
538 1741 671 1772 cadaver
691 1740 821 1771 nondum
841 1744 1011 1778 corruptum
1023 1739 1171 1776 inflatum·

284 1804 342 1837 que
353 1796 533 1833 comperiunt
545 1814 552 1821 .
580 1789 674 1832 ‚Quod
692 1789 707 1821 ἑ
722 1786 874 1830 sepulchro
893 1788 1080 1830 extractam,
1104 1797 1171 1831 pre-

284 1840 422 1885 cibusque
445 1838 539 1881 effusis
562 1840 581 1870 ἃ
606 1838 832 1876 Sacerdotibus,
857 1842 888 1869 in
901 1849 1001 1880 rogum
1015 1839 1170 1874 ardentem

285 1896 444 1935 conjiciunt
470 1914 481 1930 ,
516 1890 550 1921 Θ
570 1889 699 1921 nondum
721 1887 864 1927 completa
882 1884 1098 1929 supplicatione
1123 1901 1169 1922 ca-

290 1947 420 1976 daveris
438 1939 594 1982 junc‘i‘urae
612 1935 714 1982 sensim
737 1937 934 1980 dissolvuntur
954 1962 965 1978 ‚
1003 1939 1037 1971 Θ
1060 1938 1170 1981 reliqua

286 1993 391 2033 exusta
408 1997 441 2024 in
465 1997 576 2023 cineres
597 1996 831 2021 convertuntur.
860 1986 976 2029 Aliqui
1003 1986 1061 2022 ista
1076 1988 1170 2022 cada-

287 2054 362 2077 vera
386 2053 454 2076 non
478 2041 496 2073 ὲ
519 2039 667 2073 demone
690 2035 800 2070 invadi
819 2037 853 2070 &
876 2037 1038 2079 deportari
1063 2038 1170 2071 existi·

287 2101 403 2131 mant,
429 2091 482 2124 sed
503 2090 520 2123 ὲ
542 2088 670 2131 proptia
692 2087 824 2125 anima,
851 2098 920 2129 quae
930 2086 1171 2121 taliteraDivi-

286 2155 328 2178 na
355 2141 476 2185 justitia
504 2138 655 2181 puniatur
677 2137 711 2169 in
738 2136 870 2180 proprio
880 2146 1039 2179 corpore.
1064 2137 1170 2171 Gtaeci

286 2193 353 2237 ipsa
374 2189 539 2234 appellant
558 2186 770 2220 Bulcolacas.

339 2242 394 2275 De
414 2239 528 2273 iisdem
540 2236 748 2271 cadaveribus
764 2237 911 2279 praefatus
924 2235 1169 2271 NomoCanon

289 2291 444 2337 proponit
465 2287 551 2322 hanc
573 2286 804 2330 quaestionem:
834 2289 881 2319 De
901 2284 1015 2319 homine
1035 2296 1169 2326 mortuo,

290 2343 314 2382 fi
332 2349 444 2384 integer
457 2338 556 2381 fuerit
575 2338 717 2369 inventus
739 2359 749 2375 ,
775 2347 862 2377 quem
886 2337 1074 2370 Bulcolacam
1100 2347 1173 2369 nurt-

290 2401 425 2435 cupant,
447 2388 475 2430 fi
494 2398 596 2421 verum
616 2386 654 2426 est
676 2387 755 2427 quod
775 2387 813 2418 de
832 2397 863 2418 eo
883 2385 1029 2426 refertur,
1054 2387 1174 2429 &quid

292 2442 442 2487 agendum
454 2437 522 2480 fit?
551 2435 792 2480 Etrrespondet
815 2449 825 2468 .·
866 2440 925 2467 Hoc
951 2447 1007 2467 non
1034 2435 1071 2475 est
1097 2447 1172 2468 mor-

294 2503 379 2526 tuum
396 2490 462 2532 fieri
482 2488 690 2527 Balenae-am,
714 2484 771 2527 sed
787 2485 924 2518 diabolus
947 2487 1100 2519 nonnullis
1118 2492 1173 2517 im—

292 2551 401 2585 ponere
435 2545 555 2581 cupiens
582 2538 627 2569 ad
649 2534 760 2578 absona
781 2535 988 2577 perpetranda
1010 2560 1022 2575 ,
1057 2544 1091 2567 ut
1116 2538 1173 2568 Dei

296 2596 375 2626 iram
399 2597 552 2624 incurrant
572 2611 584 2626 ,
609 2586 671 2620 baec
683 2585 771 2629 figna
792 2593 953 2626 operatur,
979 2586 1013 2618 Θ
1029 2583 1111 2627 saepe'
1123 2597 1171 2618 no-

297 2643 346 2675 c‘lu
368 2647 400 2674 in
420 2642 631 2683 imaginatitme
652 2636 814 2678 aliquorum
832 2634 982 2667 bominum
1006 2641 1090 2675 ponit
1101 2647 1174 2668 mor-

300 2702 383 2725 tuum
405 2691 486 2723 illum
508 2690 676 2727 advenire,
700 2696 786 2728 quem
807 2686 894 2727 prius
916 2682 1086 2727 agnoscebat
1106 2708 1117 2724 ,
1141 2688 1174 2720 ὁ·

301 2753 365 2776 cum
382 2753 412 2774 eo
431 2737 662 2781 conversabatur
674 2761 681 2768 .
708 2740 738 2768 E
742 2745 754 2768 t
767 2740 844 2769 inter
853 2733 1060 2777 somniandum
1071 2737 1175 2769 vident

303 2792 405 2832 aliqua
425 2788 542 2832 spec‘ira
568 2812 576 2819 .
615 2789 678 2819 Alio
696 2795 822 2829 tempore
844 2797 909 2818 eum
929 2791 962 2818 in
989 2790 1043 2818 via
1067 2783 1179 2829 conspi—

303 2847 385 2874 ciunt
402 2863 411 2878 ,
431 2837 492 2878 five
515 2837 737 2875 ambulantem,
757 2835 818 2876 five
834 2835 984 2875 stantem.
1012 2839 1118 2877 Neque
1129 2835 1177 2869 boc

300 2889 478 2935 solummodo
492 2912 500 2925 ‚
527 2885 584 2929 sed
596 2892 685 2919 etiam
697 2886 826 2918 homines
835 2885 960 2928 suffocat
970 2910 977 2917 .
1006 2889 1030 2917 0
1043 2884 1177 2928 miseram

307 2941 454 2974 hominum
468 2936 649 2977 stultitiam!
678 2938 883 2978 ,Quimortuus
906 2934 965 2975 est,
991 2934 1178 2978 obambulat,

306 2993 342 3024 <5⁴
364 2995 452 3023 vivos
477 2986 583 3019 necat?
611 2983 688 3026 Abfit
700 2985 766 3018 hoe.
797 2986 887 3018 Dum
902 2984 1079 3027 Imperator
1090 2986 1177 3020 Con·

306 3039 468 3074 staminas
488 3035 681 3070 Caballinus
701 3036 733 3067 in
756 3036 855 3068 fixeras
879 3036 1065 3068 Sansiorum
1101 3036 1175 3070 ima-

308 3092 401 3135 gines
412 3114 422 3129 ,
449 3087 483 3120 in
506 3096 641 3119 omnem
653 3084 798 3118 Ecclesiae
809 3084 1015 3127 disciplinam
1029 3110 1039 3125 ‚
1066 3086 1099 3119 in
1112 3087 1178 3120 fun-

309 3138 507 3173 damentales
525 3134 705 3169 Christiani
726 3134 904 3178 D‹.·gmatis
925 3135 1077 3169 articulos
1092 3160 1103 3176 ,
1143 3147 1180 3170 ac

313 3190 345 3222 in
371 3189 471 3230 ipsam
503 3186 661 3219 Divinam
682 3184 887 3226 Maiestatem
912 3185 1090 3218 insaniebat
1114 3195 1179 3219 tan-

311 3249 409 3278 quam
438 3248 540 3270 novus
563 3234 708 3278 Julianus
723 3234 901 3277 Apostata,
927 3236 1040 3268 omnia
1067 3236 1179 3269 mundi

306 3287 471 3320 ‚elementa
496 3288 622 3318 fuerunt
637 3284 817 3326 perturbata
831 3307 842 3322 ‚
867 3285 900 3318 <Sc
911 3295 1096 3327 pugnarunt
1106 3296 1180 3319 con-

312 3346 361 3370 tra
383 3336 579 3368 insensatos.
607 3334 693 3367 Inter
713 3344 822 3368 caetera
843 3333 951 3367 scribit
975 3335 1008 3367 in
1027 3334 1181 3370 historico

314 3384 481 3420 Breviario
507 3384 640 3418 Sanetus
660 3383 867 3429 Nicephorus
891 3383 1083 3420 patriarcha
1095 3385 1184 3420 Con-

1241 242 1361 282 repente
1384 241 1451 285 visa
1466 243 1560 286 sient,
1587 248 1622 281 δ’
1642 252 1749 282 Crucis
1768 251 1998 294 effigiespartim
2008 262 2040 289 in
2047 262 2112 300 pri·

1240 295 1323 323 vatis
1342 289 1492 327 hominum
1511 294 1654 337 vestibus,
1677 304 1795 340 partim
1806 307 1839 332 in
1841 299 1940 344 sacris
1950 313 2112 348 apparuit.

1240 343 1293 373 Ea
1312 342 1440 385 denique
1461 350 1493 377 in
1513 348 1624 387 januis·
1638 360 1674 382 ac
1689 349 1820 391 postibus
1841 350 2005 395 conspetffm
2031 360 2112 401 ,Qui-

1240 391 1312 424 dam
1333 393 1421 426 rebus
1442 394 1566 439 perculfi
1586 399 1621 431 ό·
1647 398 1822 438 consternati
1841 400 1992 436 hominum
2015 412 2111 441 anm

1238 442 1284 472 ad
1301 446 1499 479 imminentem
1520 444 1634 480 cladem
1652 459 1743 491 atque
1760 456 1877 484 exitum
1893 458 2111 495 pertinerem·

1238 491 1420 526 dubitabant
1444 520 1451 527 .
1474 499 1574 530 Tanta
1594 501 1666 532 ver-o
1689 505 1810 533 terroris
1829 504 2004 547 magnitudo
2020 503 2111 547 fuit,

1238 548 1270 573 ut
1291 542 1321 573 ἃ.
1327 540 1455 585 sensibus
1478 547 1604 580 alienati
1627 556 1735 582 varias
1754 549 1808 589 lt'bi
1816 550 1927 594 species
1937 563 2027 596 atque
2035 560 2111 588 ima·

1234 596 1320 634 giaes
1342 592 1440 633 offerri
1459 618 1470 634 ,
1492 595 1582 639 seque
1600 609 1664 631 cum
1681 606 1848 644 peregrinis
1871 605 1906 636 6·
1926 603 2109 645 deformibus

1238 641 1404 675 hominibus
1424 650 1479 678 iter
1490 646 1594 687 facere
1614 649 1650 682 ὁ·
1670 650 1790 693 colloqui
1808 658 1955 692 putarent
1974 678 1981 686 .
2019 656 2110 698 ,Quos

1235 690 1286 723 ubi
1309 701 1454 735 tanquam
1469 695 1525 737 fibi
1547 707 1626 730 notos
1643 696 1841 742 salutarunt,
1866 710 1979 744 atque,
2003 713 2038 736 at
2050 715 2111 736 mo·

1237 746 1280 774 rte
1298 741 1337 781 est
1347 767 1358 782 ,
1384 750 1418 776 in
1441 751 1496 779 via
1508 744 1563 788 fibi
1583 753 1714 782 invicem
1724 749 1937 794 occursantibus
1948 750 2111 795 ufitataof-

1235 789 1304 832 fitia
1321 794 1523 835 praefliterant
1547 821 1558 838 ,
1595 799 1698 833 eadem
1715 802 1770 834 illa
1792 802 1860 834 aliis
1877 801 1976 843 postea
2003 802 2112 845 refere-

1239 841 1330 874 bant.
1357 849 1415 879 His
1439 855 1529 889 atque
1548 848 1618 881 altis
1643 851 1681 882 id
1698 861 1792 893 genus
1812 849 1940 894 spetJris
1958 857 2109 896 exagitati

1218 924 1221 928 .
1233 892 1366 935 plerique
1376 894 1489 937 infestis
1500 903 1532 929 in
1537 895 1570 940 se
1575 900 1692 942 gladiis
1712 902 1904 934 incurrebant
1914 927 1922 934 .
1953 901 2110 937 Affirmat

1236 939 1297 975 hac
1347 943 1399 976 via
1417 946 1575 988 plurimos
1603 949 1695 983 fuiffe
1724 949 1897 984 infeliciter
1925 951 2109 986 extinstos.

1234 991 1336 1039 Qtod
1359 993 1463 1036 ipsum
1485 996 1629 1032 scribunt
1663 999 1697 1032 in
1727 1000 1945 1036 Ecclefiastica
1972 999 2109 1036 historia

1237 1040 1421 1077 Anastasius
1442 1044 1716 1081 Bibliothecarius
1735 1072 1746 1089 ‚
1772 1050 1902 1094 Martyr
1927 1048 2109 1094 Theopha-

1235 1102 1291 1124 nes
1301 1115 1312 1131 ‚
1338 1092 1372 1126 ὅ(
1386 1094 1547 1139 Georgius
1559 1095 1742 1132 Cedrenus-
1764 1099 2030 1147 Qiexistimant
2041 1100 2109 1136 haec

1235 1142 1378 1176 monstra
1402 1143 1494 1178 fuifle
1510 1146 1609 1180 reales
1629 1146 1840 1190 Bulcolacas,
1865 1150 1973 1192 palam
1990 1150 2109 1186 fallun-

1236 1203 1309 1225 tur.-
1334 1192 1480 1228 Fuerunt
1503 1194 1692 1240 imaginaria
1711 1209 1767 1241 per
1788 1198 1912 1233 diaboli
1930 1207 2032 1234 artem
2045 1201 2111 1244 spe·

1235 1243 1315 1275 stra.
1343 1243 1386 1276 Et
1407 1242 1472 1278 hoc
1492 1245 1697 1288 ipsumistius
1707 1247 2111 1294 NomoCanonisauthot

1235 1292 1343 1326 censet
1364 1292 1406 1326 de
1424 1295 1516 1328 omni
1536 1295 1710 1331 Bulcolaca
1728 1322 1737 1329 .
1771 1299 1815 1333 Et
1836 1298 1961 1343 pergit:
1988 1299 2110 1334 Nihilo·

1235 1342 1332 1374 minus
1355 1340 1486 1376 homines
1503 1346 1719 1386 perturbantur
1733 1371 1744 1387 ,
1767 1348 1802 1381 &
1820 1349 1864 1380 ad
1868 1346 2054 1391 sepulchrum
2055 1349 2108 1391 fe-

1229 1390 1347 1429 stinant
1359 1416 1370 1431 ,
1396 1392 1604 1435 &effodiunt,
1629 1404 1663 1427 ut
1672 1396 1804 1430 cadaver
1824 1396 2107 1440 illude-onspiciaent.

1236 1445 1279 1472 Et
1299 1452 1364 1474 oum
1380 1450 1462 1483 pura
1476 1443 1538 1485 fide
1558 1443 1752 1484 destituuntur
1773 1470 1783 1487 ,
1809 1446 1945 1493 diabolus
1961 1448 2109 1489 transfor·-

1235 1498 1354 1532 matur‚
1381 1494 1518 1527 &veluti
1537 1496 1741 1528 indumentum
1763 1494 1862 1529 induit
1871 1497 2108 1531 demortuiillius

1233 1542 1382 1576 cadaver:
1408 1546 1456 1575 Et
1477 1544 1646 1578 demortuus
1665 1546 1714 1579 ille
1726 1569 1737 1585 ,
1761 1552 1812 1589 qui
1829 1555 1915 1580 tante
1925 1555 2054 1589 tempore
2072 1553 2109 1581 in

1229 1589 1380 1634 sepulchro
1395 1594 1556 1634 jacuerat,
1581 1603 1710 1637 apparet
1729 1596 1794 1629 illis
1815 1607 1935 1630 carnem
1946 1596 2107 1631 habens&

1228 1639 1424 1685 sanguinem,
1449 1644 1483 1676 Θ·
1503 1655 1612 1687 ungues
1632 1646 1667 1678 ἀν
1684 1646 1779 1687 pilos.
1805 1648 1912 1690 ,Quam
1930 1646 1982 1679 ubi
1989 1644 2108 1690 conspe·

1231 1696 1331 1724 xerint
1358 1696 1568 1736 imaginatione
1588 1692 1688 1736 miseri
1706 1696 1750 1728 illi
1761 1694 1894 1730 homines
1905 1720 1916 1736 ‚
1939 1697 1985 1728 ad
1993 1697 2107 1729 malum

1228 1748 1412 1783 properant,
1439 1742 1522 1786 ligna
1541 1754 1725 1788 exaggerant
1743 1768 1754 1784 ,
1789 1750 1887 1788 ignem
1902 1743 2108 1787 succendunt,

1232 1792 1266 1823 ὁ*
1283 1799 1387 1832 corpus
1411 1793 1486 1824 illud
1502 1794 1673 1827 comburunt
1683 1795 1718 1827 Θ
1723 1795 1842 1835 penitus
1851 1796 1967 1828 delent.
1993 1795 2033 1829 ln
2044 1793 2108 1830 hot

1232 1837 1422 1874 cadaverum
1448 1843 1614 1876 exustores
1634 1841 1789 1877 acerrime
1808 1842 1994 1884 invehitur,
2018 1844 2108 1880 dam-

1232 1900 1287 1923 nat
1311 1889 1486 1933 graviffimi
1510 1892 1659 1926 criminis
1679 1916 1690 1933 ,
1716 1893 1752 1927 &
1771 1892 1885 1928 inflata
1906 1905 1944 1928 ac
1962 1894 2027 1928 alia
2046 1895 2106 1930 foes·

1230 1938 1270 1973 da
1292 1939 1446 1973 cadavera
1459 1965 1471 1981 ,
1497 1951 1568 1982 quae
1588 1943 1875 1978 excommunicata
1886 1943 2017 1983 censet,
2033 1943 2106 1978 vult

1231 2000 1300 2023 non
1319 1999 1374 2032 per
1396 1989 1565 2032 flammas,
1589 1990 1644 2025 sed
1665 2001 1721 2034 pet
1742 1991 1984 2027 absolutionem
2005 1993 2039 2026 &
2061 1994 2107 2028 sa·

1230 2049 1302 2072 cros
1336 2040 1534 2075 exorcismos
1568 2041 1630 2075 effe
1665 2040 1812 2086 cogenda
1847 2041 1889 2077 ad
1924 2041 2107 2077 dissolutio-

1230 2098 1306 2122 nem
1320 2113 1327 2120 .

1280 2137 1374 2172 Istam
1385 2148 1498 2174 tamen
1511 2138 1717 2174 exustionem
1728 2139 1846 2183 probat
1856 2141 1891 2176 ἀ
1901 2141 2013 2178 suadet
2023 2140 2108 2176 Gui-

1234 2188 1361 2222 lielmus
1385 2187 1621 2235 Neubrigenfis
1641 2214 1653 2231 ‚
1687 2198 1785 2233 atque
1810 2191 1990 2237 adjungit-2
2025 2193 2105 2226 Sane

1231 2240 1314 2281 quod
1332 2248 1509 2272 mortuorum
1532 2240 1687 2272 cadavera
1707 2241 1744 2273 de
1748 2238 1912 2282 sepulchris
1921 2244 2105 2286 egredientia

1233 2286 1285 2330 nes
1285 2293 1326 2320 cio
1349 2300 1405 2330 quo
1424 2288 1536 2331 spiritu
1559 2289 1601 2321 ad
1623 2295 1794 2322 viventium
1805 2299 1946 2324 terrorem
1957 2293 2103 2333 &perni-
2150 2315 2152 2317 .

1231 2343 1301 2370 ciem
1323 2338 1592 2380 circumferantur,
1616 2340 1650 2372 ὁ*
1669 2340 1715 2371 ad
1733 2339 1836 2372 eadem
1854 2339 2010 2382 sepulchra
2014 2339 2104 2383 spon-

1235 2388 1264 2419 te
1283 2385 1316 2430 se
1326 2393 1370 2420 eis
1383 2394 1550 2429 aperientia
1559 2396 1749 2421 revertantur
1765 2411 1776 2427 ,
1802 2389 2103 2432 nonfacileinfidem

1233 2442 1427 2478 reciperetur,
1452 2436 1508 2478 nisi
1524 2440 1558 2471 Θ·
1577 2438 1678 2471 crebra
1700 2438 1786 2479 nostri
1804 2446 1941 2481 temporis
1966 2441 2106 2482 exempla

1229 2485 1418 2528 suppeterent
1430 2511 1441 2526 ,
1466 2489 1501 2521 Θ
1517 2488 1678 2529 testimonia
1686 2487 1893 2522 abundarent.
1920 2491 2107 2532 Mirumpla-

1235 2538 1271 2570 ηδ
1286 2535 1316 2577 fi
1331 2538 1407 2570 talia
1430 2539 1498 2570 olim
1517 2544 1675 2581 contigere.
1704 2538 1780 2570 Cum
1803 2537 1882 2571 nihil
1899 2545 1932 2573 in
1952 2540 2039 2574 libris
2050 2543 2104 2575 Vc·-

1235 2597 1328 2620 terum
1350 2586 1411 2621 tale
1419 2593 1587 2629 reperiatur
1596 2612 1607 2628 ,
1632 2586 1737 2630 quibus
1748 2594 1852 2630 utique
1861 2594 1964 2633 ingens
1970 2589 2104 2631 studium

1226 2635 1293 2676 fuit
1315 2637 1515 2670 memorabilia
1536 2649 1658 2680 quaeque
1677 2639 1788 2672 litteris
1811 2640 1956 2672 mandare
1971 2663 1979 2671 .
2007 2637 2104 2674 Atm-

1237 2698 1309 2719 men
1333 2688 1475 2730 aliquam
1500 2686 1593 2730 hujus
1614 2688 1660 2721 rei
1680 2687 1858 2732 imaginem
1884 2687 1981 2722 nobis
2011 2687 2104 2724 exhi·

1236 2736 1287 2770 bet
1310 2736 1444 2771 Sanctus
1467 2738 1607 2781 Ioannes
1628 2735 1896 2781 Chrysostomus.
1924 2737 2103 2773 Geraseno-

1237 2797 1306 2820 rum
1319 2811 1330 2826 ,
1355 2798 1436 2831 quos
1448 2789 1482 2821 in
1496 2798 1703 2821 mortuorum
1716 2786 1891 2830 sepulchris
1901 2787 2103 2823 fuiffemora·

1237 2847 1286 2870 tos
1306 2838 1414 2871 scribit
1437 2838 1569 2871 Sanctus
1594 2836 1768 2871 Matthaeus
1789 2861 1800 2877 ‚
1825 2837 2102 2873 daemoniacorum

1240 2887 1466 2921 liberationem
1493 2888 1630 2930 exponit
1658 2888 1692 2920 in
1718 2887 1871 2931 vigesima
1897 2899 1986 2922 nona
2012 2890 2104 2932 super

1241 2938 1405 2971 laudatum
1430 2936 1668 2982 Evangelistam
1692 2935 1854 2976 homilia,
1878 2949 1976 2982 atque
1994 2938 2106 2982 adjun-

1239 2989 1308 3032 git:
1336 2989 1395 3020 Sed
1411 2998 1531 3021 curnam
1553 2988 1596 3020 illi
1606 2987 1754 3019 daemones
1766 2991 1797 3018 in
1802 2985 1970 3029 fipulcbris
1982 2986 2108 3032 versam-

1241 3037 1316 3070 tur?
1341 3040 1425 3080 ,Quia
1451 3039 1589 3070 videlicet
1597 3034 1788 3078 perniciosam
1799 3043 1962 3078 opinionem
1973 3045 2108 3082 ingerere

1240 3086 1403 3120 hominibus
1419 3095 1582 3126 conamur,
1609 3088 1689 3127 quod
1697 3086 1845 3119 bominum
1856 3113 1866 3128 ‚
1892 3095 1943 3131 qui
1955 3088 2110 3129 obierunt,

1242 3142 1352 3170 anima·
1370 3135 1449 3178 fiant
1475 3139 1639 3170 daemones.
1666 3139 1758 3180 ,Quod
1775 3143 1867 3171 etiam
1893 3141 1912 3170 ἂ
1938 3144 2110 3183 cogitatione

1243 3187 1337 3227 nostra
1359 3193 1474 3220 utinam
1490 3185 1578 3227 absit.
1607 3189 1625 3219 5
1630 3188 1668 3218 ed
1677 3189 1753 3229 quid
1761 3186 1946 3230 respondebis
1959 3213 1970 3228 ,
1995 3187 2109 3228 objiciet

1244 3235 1410 3279 quispiam,
1436 3237 1498 3269 cum
1520 3239 1606 3268 multi
1628 3242 1831 3271 incantatores
1848 3247 1957 3279 pueros
1968 3237 2049 3270 nam
2059 3248 2108 3269 eos

1239 3289 1397 3330 jugulant,
1422 3294 1454 3319 ut
1477 3286 1606 3319 babeant
1628 3294 1764 3320 animam
1779 3286 1836 3329 fibi
1851 3286 2084 3330 subservientem
2100 3310 2111 3326 ,

1245 3338 1277 3369 ἔθ’
1301 3335 1377 3379 ipsos
1401 3338 1562 3377 juvantem
1582 3339 1595 3371 ἓ
1631 3338 1691 3370 sed
1713 3339 1792 3371 unde
1812 3337 1864 3370 boc
1883 3337 1992 3378 patet?
2018 3337 2114 3379 ,Quod

1246 3387 1365 3428 quidem
1387 3387 1547 3431 jugulent,
1574 3387 1660 3420 multi
1686 3388 1834 3431 afferunt,
1859 3387 1942 3429 quid
1963 3389 2034 3419 vero
2063 3392 2114 3419 im-

1977 3437 2067 3469 mola-

2120 2823 2195 2862 Cap·
2217 2826 2247 2853 8.
