2352 3756
349 110 446 158 268

326 192 392 226 Pro
406 187 511 226 verbis
524 213 536 230 ,
551 188 833 233 Denarzusfiepplex
842 214 853 230 ,
866 188 1027 222 Nicolaus
1040 185 1152 229 Rigal-

274 244 343 278 tius
354 239 530 286 legendum
543 250 651 284 putat:
671 243 834 273 Damnatis
840 238 983 285 supplex.
1009 237 1153 269 Etcom—

275 302 458 328 mentatur:
472 292 592 334 Nempe
599 284 725 332 hostibus
737 293 793 324 Dei
803 291 837 324 Θ
848 287 955 328 Christi
968 311 975 319 .
1005 286 1049 319 Et
1060 284 1151 318 infra:

275 341 487 383 ConJ'eHuram
494 342 615 384 protuli,
625 351 714 384 quam
724 344 804 373 tanti
808 338 891 381 facio
899 361 908 376 ,
918 342 1025 379 quanti
1038 334 1089 379 effe
1096 342 1153 376 per

273 393 458 434 exemplaria
467 391 638 425 videbitur.
665 391 712 424 At
724 386 865 423 omnino
886 386 1064 430 legendum
1086 383 1154 440 est,

275 445 434 476 Denariis.
461 442 506 475 Et
518 440 650 475 Gabriel
663 438 888 481 Albaspinaeus
900 435 981 469 reete
994 441 1131 477 exponit
1142 445 1153 466 .-

275 495 417 532 Martyres
428 489 605 533 eleemosynis
622 488 676 530 fibi
690 487 803 521 vidum
813 486 851 518 ab
862 484 1001 518 Etbnicis
1013 488 1153 527 quaerita·

272 543 349 577 bant
358 567 367 575 .
394 542 504 581 Reae,
515 541 535 573 fi
548 540 672 578 demas,
683 537 721 570 ab
731 535 873 570 Ethm'cis
886 559 892 566 .
916 535 998 569 Non
1011 534 1101 567 enim
1113 532 1153 566 ab

273 591 326 626 his
337 592 400 626 suis
410 587 665 635 persecutoribus
683 587 715 620 δε
725 585 873 621 osoribus
883 610 894 626 ,
920 585 974 619 sed
984 586 1002 618 a
1014 585 1151 617 fraterna

270 642 421 677 fidelium
434 639 591 673 charitate
602 636 766 676 denarios,
774 636 901 679 aliaque
912 644 1026 669 contra
1038 632 1152 666 fiscalis

251 693 390 735 ·in0piae
402 687 544 723 sordidas
553 687 721 733 angustias
738 686 871 720 subfidia
891 684 1042 719 carcerati
1063 683 1152 718 Mar-

271 751 358 784 tyres
366 737 614 781 exspestabant.
641 737 696 771 Ad
708 747 803 771 voces
816 760 826 776 ,
852 736 966 770 Medico
987 734 1151 774 obnoxius,

270 785 374 835 pergit
385 787 608 832 Albaspinaeus
620 801 631 821 .-
649 791 683 832 J
685 787 738 820 ulii
747 794 896 831 unguenta
907 810 917 825 ,
936 783 967 826 fi
975 788 1090 817 Divum
1101 787 1152 822 Cy·

265 845 411 884 prianum
422 840 581 872 audiamus
589 859 604 877 ,
629 842 662 870 in
665 836 784 878 fodinis
797 841 952 869 convenire
963 845 1022 868 non
1044 835 1152 867 viden-

268 898 334 923 tur.
364 889 511 933 Respicit
532 885 776 931 supralaudatas
799 886 905 921 Sancti
919 884 1080 929 Cypriani
1102 883 1152 918 lit-

269 950 352 974 teras
374 939 415 974 ad
435 937 610 972 damnatos
631 937 667 970 in
682 936 823 970 metallis
834 935 1059 970 Confeffores.
1086 934 1152 968 Ve-

268 991 341 1024 rum
354 1000 421 1022 non
433 989 473 1021 de
485 987 562 1020 solis
583 986 732 1028 fodinis,
758 987 811 1021 sed
822 985 965 1020 omnino
989 986 1092 1022 etiam·
1109 985 1151 1019 de

267 1037 445 1073 carceribus
465 1037 695 1071 Tertullianus
719 1037 788 1080 agit
807 1049 814 1069 :
842 1037 887 1070 Et
907 1035 957 1069 his
982 1045 1150 1079 unguenta

266 1089 301 1123 δε
321 1089 474 1122 Medicus
498 1098 567 1120 non
589 1087 722 1120 fuerunt
742 1084 900 1130 superflua
914 1111 921 1118 .
947 1085 1034 1132 Qis
1059 1086 1148 1119 enim

259 1138 387 1172 ‘nesciat
414 1137 552 1171 lacerata
578 1134 715 1181 ungulis
738 1160 750 1177 ,
776 1135 914 1170 ustulata
939 1134 1089 1174 facibus,
1115 1135 1149 1168 &

264 1188 394 1222 catastis
405 1187 545 1221 distenta
558 1186 747 1230 Martyrum
758 1197 893 1230 corpora
906 1185 971 1220 illis
992 1185 1149 1229 indiguis-

265 1239 298 1272 se
311 1263 322 1278 ,
346 1239 380 1275 ὅς
395 1249 450 1281 per
472 1238 559 1280 ipsos
568 1236 670 1271 etiam
683 1247 841 1279 tyrannos
862 1234 1060 1280 quandoque
1074 1236 1149 1269 fuis·

263 1288 495 1332 seimpartita?
523 1286 597 1322 Nec
606 1287 697 1322 enim
710 1298 826 1321 omnes
844 1286 1008 1329 Martyres
1030 1284 1146 1318 habue-

264 1348 342 1372 runt
364 1337 450 1372 hanc
473 1338 594 1371 Sanstae
618 1335 758 1381 Agathae
779 1337 941 1381 gratiam:
965 1336 1147 1369 Medicinam

263 1391 415 1422 carnalem
426 1393 536 1429 corpori
557 1397 620 1419 meo
636 1398 794 1428 numquam
818 1385 959 1424 exhibui,
980 1383 1040 1426 sed
1057 1383 1148 1416 habco

264 1440 423 1471 Dominum
450 1437 507 1480 JE
519 1438 540 1471 S
555 1437 593 1472 U
607 1436 647 1468 M
673 1435 821 1475 Christum
835 1459 846 1475 ,
872 1440 923 1477 qui
937 1432 998 1477 solo
1015 1432 1147 1477 sermone

263 1489 408 1529 restaurat
427 1484 568 1528 universa
588 1511 595 1517 .
623 1485 781 1519 Attamen
803 1484 822 1519 ὲ
842 1485 931 1520 sacro
942 1483 1147 1528 Capuccino·

262 1550 335 1572 rum
359 1535 487 1571 Ordine
509 1536 621 1569 Frater
641 1535 805 1580 Georgius
833 1534 1061 1569 Ambianenfis
1087 1545 1145 1578 pro

263 1589 377 1623 Medico
403 1587 484 1632 legit
506 1586 664 1619 Mendico.
696 1585 770 1620 Nec
791 1586 859 1619 fine
884 1585 977 1619 omni
1017 1585 1146 1628 penitus

260 1637 497 1675 fundamento.
527 1636 660 1670 Etenim
685 1635 733 1670 uti
755 1633 855 1670 hodie
879 1634 937 1669 sub
950 1635 1073 1669 Turcis
1094 1645 1145 1668 ca·

261 1689 344 1734 ptivi
371 1688 561 1722 Graecorum
585 1683 779 1721 Patriarchoe
797 1683 918 1719 habent
932 1684 1121 1717 Exarchum
1133 1707 1144 1722 ‚

258 1740 315 1783 qui
339 1749 454 1772 omnes
475 1737 625 1770 circumit
650 1736 828 1775 Ecclefias,
855 1736 887 1770 δι
908 1734 949 1767 ad
963 1734 1143 1767 Pescefium

259 1799 358 1833 atque
370 1786 581 1822 Charat-zium
602 1783 796 1819 solvendum
817 1783 947 1828 colligit
968 1783 1144 1826 eleemosy-

261 1852 344 1879 nas,
372 1839 417 1872 ita
438 1847 571 1880 quoque
594 1835 676 1869 olim
699 1834 853 1869 carcerati
878 1845 916 1867 ac
943 1833 984 1867 ad
1013 1833 1143 1866 metalla

259 1888 408 1924 damnati
432 1888 596 1929 Martyres
621 1885 738 1928 possint
759 1884 897 1918 fimilem
922 1882 1068 1917 habuisse
1079 1882 1145 1915 Mi-

254 1939 417 1974 ‘nistrum.
446 1937 535 1970 Nam
560 1935 594 1970 ἀ
617 1934 755 1968 similem
779 1932 878 1969 hodie
900 1932 1020 1966 habent
1032 1931 1143 1967 Latini

193 2004 195 2006 ·
258 1990 371 2027 fideles
381 1987 422 2023 ab
433 1987 553 2022 eisdem
567 1986 688 2019 Turcis
700 1985 807 2027 capti,
833 1984 866 2017 ὅ(
890 1982 1006 2016 redacti
1029 1983 1062 2016 in
1087 1983 1147 2015 ser·

260 2041 399 2074 vitutem
423 2062 431 2069 .
469 2038 595 2071 Eorum
634 2035 746 2080 magni
775 2033 920 2068 Ministri
958 2034 1031 2067 sunt
1051 2031 1144 2066 Ordo

260 2087 467 2126 Sanffissimae
486 2085 666 2119 Trinitatis
680 2109 690 2124 ‚
716 2086 751 2118 δε
773 2084 868 2117 Ordo
883 2083 1006 2117 Sandiae
1030 2082 1145 2116 Mariae

262 2141 304 2174 de
345 2136 588 2179 Redemptione
610 2134 812 2176 captivorum
841 2158 847 2164 .
889 2130 1017 2166 Eodem
1055 2131 1144 2165 sensu

263 2186 491 2223 Tertullianus
512 2185 591 2219 istos
612 2184 776 2226 Martyres
797 2181 939 2225 appellat
966 2182 1143 2216 faeneratori

263 2238 432 2274 obnoxios
454 2262 461 2269 .
491 2235 581 2282 Qia
607 2232 723 2275 nempe
743 2232 899 2277 quidam,
926 2241 963 2265 ut
984 2232 1016 2266 se
1035 2231 1145 2265 libera-

263 2300 358 2328 rent,
385 2286 498 2331 quavis
524 2287 573 2318 via
595 2282 807 2317 corradebant
831 2292 986 2316 nummos
1007 2305 1018 2322 ,
1045 2291 1143 2324 atque

265 2341 309 2374 ita
323 2341 352 2373 se
365 2339 398 2371 ἀ
413 2335 464 2370 sua
477 2334 564 2368 bona
576 2333 824 2367 foeneratoribus
835 2331 1047 2377 obligabant.
1082 2331 1144 2364 Ga·

266 2389 348 2424 briei
361 2386 584 2429 Albaspinaeus
597 2382 725 2416 scribit:
751 2385 783 2415 51
792 2383 892 2415 liceret
913 2382 1034 2423 aliqutd
1052 2389 1143 2415 muta-

265 2451 298 2473 re
319 2463 330 2479 ‚
353 2439 479 2481 legerem
492 2459 503 2475 ‚
530 2433 639 2467 Maecho
659 2432 800 2465 obnoxius
826 2434 860 2465 <tt
874 2431 1068 2474 fornicatori.
1100 2431 1144 2463 At

265 2491 334 2523 {ine
358 2486 596 2522 fundamento.
625 2483 756 2516 Etenim
770 2481 858 2526 quod
882 2478 1002 2515 moechi
1029 2481 1063 2515 ὅ(
1084 2480 1144 2513 for-

266 2540 429 2573 nicatores
439 2547 514 2571 cum
528 2533 670 2568 nummis
696 2543 752 2567 aut
763 2532 836 2567 aliis
846 2530 1034 2564 muneribus
1046 2531 1145 2564 acces-

267 2581 367 2624 serint
388 2586 518 2621 metalla
544 2595 600 2619 aut
619 2593 781 2622 carceres,
806 2591 903 2625 atque
926 2592 980 2623 per
990 2579 1147 2623 ejusmodi

270 2637 377 2673 sordes
412 2634 655 2680 impetraverint
701 2631 960 2676 Indulgentiales
996 2630 1118 2664 litteras
1138 2654 1148 2669 ,

273 2700 374 2723 nemo
387 2687 540 2730 antiquus
552 2685 695 2727 Scriptor
708 2691 884 2718 memorat.
913 2681 956 2716 Et
980 2680 1149 2715 castiffima

275 2739 410 2773 istorum
449 2736 638 2770 saeculorum
674 2733 846 2776 disciplina
880 2742 949 2765 non
972 2729 1148 2765 tolerasset.

276 2787 452 2835 Qidquld
474 2786 532 2824 fit,
557 2785 742 2824 Martyrum
765 2782 961 2818 sanititatem
988 2792 1025 2814 ac
1038 2780 1150 2814 merita

278 2847 434 2871 extenuat
446 2835 557 2869 devius
568 2833 794 2868 Tertullianus
808 2856 818 2872 ‚
844 2842 942 2874 atque
961 2830 1007 2864 ira
1019 2840 1152 2865 omnem

281 2886 422 2930 ipsorum
435 2885 476 2919 ad
486 2884 608 2918 dandas
620 2882 879 2928 Indulgentiales
899 2881 1021 2916 litteras
1041 2879 1154 2915 autho·

281 2940 411 2971 ritatem
430 2944 568 2968 conatur
588 2931 871 2972 circumscribere,
898 2931 1003 2966 immo
1025 2930 1153 2976 penitus

281 2996 435 3070 eval‘iluiiarg
446 3010 556 3078 ‘pergit
568 3046 578 3066 .-
606 3034 685 3064 Pura
701 3042 776 3063 nunc
793 3029 849 3073 sub
857 3031 961 3074 gladio
974 3033 1044 3074 jam
1060 3034 1155 3073 capite

283 3086 389 3121 librato
401 3109 412 3126 ,
434 3093 512 3127 puta
533 3088 566 3116 in
574 3081 708 3124 patibulo
723 3083 793 3122 jam
803 3089 919 3122 corpore
932 3079 1082 3124 expanso,
1103 3087 1154 3122 pu-

286 3144 318 3168 ta
341 3143 372 3169 in
386 3135 489 3177 stipite
505 3135 574 3174 jam
600 3133 680 3165 leone
700 3131 841 3172 concesso,
863 3139 941 3171 puta
962 3137 994 3163 m
1013 3142 1072 3165 axe
1087 3132 1156 3171 jam

287 3188 420 3218 incendio
429 3183 593 3223 adstruelo,
618 3188 650 3214 in
672 3179 737 3224 ipsa
759 3182 820 3213 dico
831 3179 988 3222 securitate
1015 3177 1155 3224 &poffl’s-

281 3233 359 3276 fione
373 3239 526 3274 Marum,
554 3237 621 3276 quis
638 3237 790 3273 permittit
814 3229 922 3262 bomini
934 3232 1045 3266 donare
1057 3257 1067 3272 ,
1093 3243 1158 3274 quae

290 3287 351 3318 Deo
375 3283 557 3326 reservanda
577 3281 679 3326 sunt?
706 3281 856 3314 Affirmat
881 3292 939 3315 nec
960 3280 1011 3314 his
1031 3282 1071 3315 ad
1098 3282 1166 3325 ple-¹

289 3344 368 3366 nam
404 3334 437 3367 δε
460 3335 601 3366 securam
623 3331 776 3373 Martyrii
800 3331 1025 3374 poffeffionem
1050 3331 1159 3375 perdu-

289 3383 370 3423 flis,
395 3382 534 3427 ideoque
556 3382 655 3428 longe
677 3382 785 3415 minus
805 3379 911 3416 adhuc
933 3381 1015 3416 intra
1025 3391 1162 3417 carceres

706 106 1127 153 Drssenrano
1162 117 1226 147 Da
1261 114 1670 152 pecca-roxum

1210 190 1266 217 aut
1287 182 1424 219 metalla
1445 186 1647 222 versantibus
1667 213 1679 230 ,
1714 190 1816 238 longe
1833 185 2028 235 distantibus
2049 199 2091 234 ab

1212 232 1268 286 illa
1280 232 1390 276 gloria
1404 256 1416 273 ,
1444 245 1483 268 ac
1500 236 1629 280 insuper
1649 239 1691 273 de
1704 241 1758 275 sua
1780 246 1908 287 propria
1925 249 2026 285 salute
2045 261 2092 285 et·

1211 292 1359 316 ramnum
1378 283 1640 326 periclitantibus
1662 289 1908 329 Confefforibus
1924 298 1987 333 effe
2006 301 2093 335 fimi-

1212 331 1294 365 lium
1307 331 1492 369 litterarum
1504 336 1738 375 authoritatem
1753 365 1761 373 .
1790 341 1833 376 Et
1856 345 1950 380 suum
1964 358 2092 385 antece-

1211 381 1292 415 dens
1306 381 1422 427 probat
1434 395 1477 419 ex
1488 387 1631 431 eoquod
1641 389 1785 425 moechiae
1810 393 1844 427 ἀ
1865 395 2091 434 fornicationis

1213 431 1351 467 remiffio
1362 433 1400 468 fit
1411 435 1570 471 reservata
1582 437 1715 475 Christo
1727 440 1880 479 Domino
1905 456 1943 480 ac
1952 446 2018 490 ejus
2031 449 2092 483 Di-

1212 483 1294 516 vinae
1318 483 1506 527 Majestati,
1531 487 1675 534 ideoque
1697 502 1758 525 nec
1781 493 1935 537 postulari
1959 496 2052 540 poffit
2071 497 2092 531 ἓι

1212 533 1416 575 Martyribus
1442 547 1503 572 nec
1517 548 1572 584 per
1583 539 1907 585 Episcoposdonari.
1940 546 2094 591 Discipli-

1213 593 1288 616 nam
1303 606 1314 623 ‚
1339 596 1408 628 quae
1418 587 1520 631 usque
1538 598 1619 623 tunc
1638 590 1742 626 tribus
1757 595 1896 636 peccatis
1906 597 2092 632 Sacramen-

1212 633 1284 688 talis
1306 636 1590 673 reconciliationis
1613 652 1726 684 pacem
1748 646 1963 688 negaveratin
1976 648 2092 682 mortis

1212 685 1350 717 articulo
1362 710 1373 726 ‚
1398 687 1507 721 censet
1527 688 1591 724 esse
1609 701 1679 726 non
1692 690 1871 729 humanam
1883 718 1894 735 ,
1920 696 1974 731 sed
1987 697 2092 732 Evan-

1204 733 1349 777 -gelicam
1376 737 1410 770 ἀ
1433 737 1595 774 Divinam
1613 765 1626 783 ,
1659 750 1757 787 atque
1782 742 1827 778 ita
1861 744 2092 790 zephyrinum

1213 782 1407 821 Pontificem
1428 787 1492 822 effe
1513 787 1701 827 haereticum
1721 792 1896 840 Evangelii
1913 797 2093 839 praevarica-

1213 843 1333 869 torem·
1363 836 1407 870 Et
1421 837 1556 881 probat:
1584 845 1609 873 A
1622 853 1678 884 quo
1689 842 1792 885 eafine
1801 843 1986 888 excusatione
2005 848 2093 881 dam·

1212 883 1383 928 natasunt,
1408 899 1476 931 quae
1486 900 1539 924 nec
1551 891 1695 934 Apostoli,
1719 892 1916 938 quodsctam,
1943 900 2092 936 Marmes

1210 935 1244 967 <5
1268 933 1326 977 ipfi
1341 959 1353 975 ,
1387 938 1540 972 donabilia
1566 942 1785 983 judicaverunt
1809 969 1817 976 .
1854 948 1988 989 Denique
2016 949 2090 988 jam

1210 984 1255 1016 ad
1277 983 1382 1025 bestias
1404 987 1639 1031 depugnaverat
1659 994 1773 1027 Paulus
1791 994 1909 1037 prefi
1923 1020 1935 1037 ,
1960 1007 2028 1030 cum
2045 1001 2092 1030 in-

1210 1039 1331 1067 teritum
1363 1036 1494 1069 decernit
1516 1039 1631 1080 incasto
1650 1065 1657 1073 .
1692 1042 1803 1079 Voces
1821 1068 1833 1084 ,
1859 1047 1954 1090 ,Quod
1970 1045 2090 1091 fitam,

1210 1084 1272 1118 alte
1294 1085 1439 1120 clamant
1463 1086 1636 1124 hominem
1657 1091 1750 1126 fuisse
1769 1104 1880 1131 mente
1899 1106 2061 1131 coecatum
2073 1121 2087 1139 ,

1209 1144 1264 1168 aut
1275 1134 1442 1180 splendide
1451 1137 1583 1172 mentiri
1594 1163 1603 1173 .
1630 1140 1717 1175 Rem
1730 1141 1876 1179 lucidam
1898 1153 2010 1181 tantus
2020 1148 2093 1181 Do-

1210 1186 1277 1219 ἕξοι·
1288 1185 1457 1229 quomodo
1476 1188 1770 1235 poffitignoraffe?
1795 1194 1933 1230 Etenim
1953 1194 2008 1229 isti
2027 1195 2088 1239 ipsi

1211 1236 1400 1270 incaestuoso
1427 1236 1628 1282 Corinthio,
1654 1252 1751 1287 quern
1773 1243 1899 1279 Satanae
1921 1244 1959 1279 in
1983 1246 2092 1281 carnis

1211 1284 1378 1320 interitum
1398 1286 1553 1330 tradidit,
1578 1300 1618 1324 ac
1640 1302 1795 1334 perpetuae
1814 1293 2017 1338 poenitentiae
2036 1296 2095 1331 ad-

1208 1332 1291 1367 dixit
1303 1358 1314 1375 ,
1340 1336 1472 1370 sanctus
1484 1335 1514 1370 A
1519 1339 1664 1381 postolus
1682 1340 1805 1376 Paulus
1816 1344 1924 1386 postea
1937 1357 2007 1380 non
2018 1355 2091 1386 tan·

1209 1395 1279 1417 tum
1291 1384 1539 1421 Sacramentalis
1549 1387 1768 1425 absolutionis
1779 1403 1891 1436 pacem
1902 1418 1913 1434 ,
1940 1393 1994 1429 sed
2005 1396 2091 1430 insu-

1211 1445 1265 1477 per
1279 1436 1417 1469 multam
1430 1436 1559 1471 inflicta
1572 1440 1768 1483 poenitentiae
1780 1442 2020 1488 indulgentiam
2029 1446 2089 1481 im·

1209 1484 1316 1526 pai-tiit
1325 1508 1338 1524 ,
1351 1495 1389 1518 ac
1398 1485 1482 1528 juffit
1494 1488 1649 1530 impartiri
1662 1514 1669 1522 .
1696 1490 1848 1527 imitatus
1858 1493 1904 1528 est
1917 1493 2087 1531 Christum

1210 1535 1417 1576 Dominum,
1442 1537 1498 1579 qui
1524 1538 1772 1583 &deprehensa
1795 1543 1831 1576 in
1844 1543 2006 1579 adulterio
2017 1557 2089 1581 mu-

1210 1585 1301 1624 lieri,
1329 1584 1434 1619 immo
1446 1587 1544 1621 etiam
1555 1588 1784 1633 Samaritanae,
1810 1603 1880 1637 quas
1903 1593 2088 1631 adulterum

1206 1634 1310 1669 alebat
1329 1633 1366 1673 in
1377 1636 1500 1672 secreto
1509 1636 1662 1673 cubiculo
1675 1663 1686 1680 ,
1711 1642 1822 1684 pellici
1843 1642 1923 1678 fecit
1944 1644 2086 1680 eandem

1204 1686 1342 1727 gratiam
1355 1708 1364 1717 .
1390 1685 1434 1719 Et
1446 1686 1482 1721 in
1494 1687 1692 1732 Apocalypsi
1703 1690 1836 1726 Sanetus
1845 1693 1987 1736 Ioannes
1998 1694 2089 1737 Apo-

1207 1733 1306 1768 stolus
1327 1745 1395 1768 non
1417 1743 1545 1771 tantum
1559 1737 1738 1773 Nicolaitis
1747 1742 2002 1784 scortatoribus,
2029 1743 2086 1778 sed

1205 1783 1304 1818 etiam
1317 1784 1519 1827 idololatris,
1544 1787 1807 1830 fipoenitentiam
1818 1791 1968 1835 egerint,
1991 1793 2088 1837 spon·

1206 1833 1262 1867 det
1285 1834 1432 1867 veniam.
1459 1835 1566 1884 Qod
1586 1837 1645 1871 suo
1654 1837 1734 1873 item
1755 1840 1789 1873 in
1801 1839 1971 1884 publicum
1990 1842 2087 1878 latro·

1209 1894 1281 1916 nem
1304 1884 1474 1926 perverse,
1498 1886 1642 1930 ideoque
1666 1886 1899 1925 &homicidiis
1918 1892 2085 1928 maculato

1206 1933 1363 1976 discipulo
1385 1944 1498 1977 pacem
1522 1934 1649 1970 dederit
1668 1961 1680 1978 ,
1715 1939 1803 1982 apud
1825 1939 2085 1977 Ecclesiasticam

1212 1982 1407 2017 Caesariensis
1430 1983 1562 2020 Eusebii
1581 1986 1764 2022 Historiam
1785 1989 1919 2024 testatur
1931 1991 2087 2027 Clemens

1209 2032 1470 2068 Alexandrinus.
1495 2036 1665 2084 roirca
1694 2037 1875 2081 disciplinae
1896 2063 1908 2079 ,
1933 2051 2004 2083 quae
2024 2043 2088 2077 tria

1209 2082 1265 2116 ista
1289 2093 1420 2125 peccata
1441 2085 1613 2119 reservavit
1637 2086 1771 2120 Divinae
1794 2087 1961 2132 Majestati
1983 2115 1995 2131 ,
2021 2092 2087 2135 ple-

1208 2142 1266 2166 nus
1292 2131 1384 2176 rigor
1409 2143 1618 2179 nequaquam
1653 2135 1699 2170 est
1724 2136 1766 2171 ab
1791 2137 1977 2184 Evangelio
1994 2165 2006 2181 ,
2031 2150 2090 2176 aut

1208 2181 1376 2225 Apostolis
1404 2207 1415 2223 ‚
1451 2184 1504 2218 sed
1525 2184 1567 2219 ab
1588 2182 1709 2220 horum
1741 2187 1987 2224 successoribus.
2007 2191 2088 2225 Suo

1207 2233 1282 2266 loco
1313 2233 1460 2266 conabor
1491 2235 1579 2276 ipsos
1611 2235 1739 2269 edicere
1766 2262 1774 2269 .
1813 2237 1858 2271 Et
1887 2237 1966 2273 hinc
2000 2241 2090 2274 lucet

1207 2282 1482 2317 Montauisticum
1493 2283 1695 2318 Tertulliani
1712 2296 1854 2321 errorem
1878 2288 1939 2322 niti
1958 2289 2090 2324 caducis

1207 2332 1444 2366 fundamentis.

1257 2383 1381 2426 Arguit
1416 2381 1646 2427 zephyrinum
1681 2383 1878 2420 Pontificem
1900 2386 1942 2421 de
1962 2387 2090 2431 duplici

1206 2433 1331 2465 excessu
1357 2455 1367 2471 ,
1394 2431 1435 2465 de
1457 2433 1580 2476 duplici
1602 2435 1637 2468 in
1662 2433 1820 2469 Ecclefias
1842 2435 1975 2472 indubia
1996 2439 2090 2472 novi-

1207 2491 1273 2514 tate
1294 2504 1302 2512 .
1331 2481 1468 2523 Primo,
1494 2483 1582 2526 quod
1611 2483 1749 2518 moechis
1774 2485 1810 2520 δε
1834 2485 2090 2523 fornicatoribus

1207 2531 1455 2565 Sacramentalis
1473 2532 1689 2568 absolutionis
1725 2545 1837 2578 pacem
1858 2548 1873 2578 ;
1909 2537 2055 2572 secundo
2076 2561 2090 2578 ,

1207 2581 1297 2625 quod
1321 2582 1421 2615 etiam
1442 2582 1732 2618 sacramentalium
1757 2585 2021 2627 poenitentiarum
2042 2598 2090 2620 re-

1210 2630 1392 2664 miffionem
1413 2632 1630 2675 impartiretur
1652 2658 1664 2675 ,
1701 2634 1736 2668 δε
1757 2646 1928 2680 utramque
1948 2636 2087 2681 gratiam

1212 2682 1409 2724 permitteret
1440 2682 1596 2726 postulari
1633 2695 1671 2717 ac
1699 2682 1843 2726 adjuvari
1873 2695 1928 2728 per
1957 2686 2089 2729 Marty—

1215 2743 1285 2766 rum
1308 2732 1451 2766 litteras.
1486 2732 1530 2767 Et
1551 2733 1657 2767 revera
1677 2744 1851 2778 utrumque
1870 2744 1950 2769 tunc
1966 2737 2030 2770 fuit
2051 2737 2087 2770 in

1214 2781 1358 2816 Ecclesia
1382 2793 1506 2816 novum
1528 2807 1535 2814 .
1564 2783 1632 2818 Uti
1670 2784 1799 2817 istarum
1818 2784 1985 2827 culparum
2004 2810 2015 2826 ,
2043 2786 2089 2818 ita

1213 2831 1246 2865 ὃ(
1261 2832 1538 2875 poenitentialium
1549 2833 1801 2868 satisfactionum
1821 2834 1962 2869 remiffio
1983 2836 2088 2870 fuerat

1215 2884 1403 2925 usquetunc
1414 2881 1547 2917 Christo
1558 2882 1710 2917 Domino
1731 2884 1885 2918 reservata
1898 2909 1906 2917 .
1934 2883 2088 2919 Reserva-

1216 2933 1263 2965 tio
1294 2933 1425 2967 istarum
1451 2931 1593 2966 involvit
1617 2933 1651 2966 δε
1677 2932 1791 2968 harum
1817 2934 2089 2968 reservationem.

1217 2982 1303 3015 Nam
1330 2980 1377 3015 hae
1398 2993 1467 3016 non
1493 2981 1700 3025 poffuntfine
1721 2983 1789 3017 istis
1799 2984 1940 3017 remitti.
1971 2984 2015 3018 Et
2038 2983 2091 3018 his

1216 3032 1351 3074 expletis
1375 3042 1430 3066 aut
1442 3030 1703 3065 remissisdebent
1729 3032 1835 3067 &111ae
1855 3033 1997 3068 remitti.
2027 3034 2092 3068 Ex·

1218 3082 1302 3125 pleta
1322 3082 1433 3122 enim,
1458 3080 1604 3125 adeoque
1629 3081 1825 3126 &legitime
1841 3083 1966 3119 remiss'a
1989 3084 2092 3128 poeni-

1219 3133 1320 3166 tentia
1332 3131 1379 3167 est
1387 3143 1456 3166 non
1481 3132 1567 3164 rasus
1577 3155 1588 3172 ,
1615 3144 1682 3166 non
1695 3132 1832 3176 scalptus
1845 3157 1855 3173 ,
1883 3145 1951 3168 non
1964 3134 2092 3168 adulter

1221 3193 1394 3222 nummus,
1419 3192 1486 3225 quo
1497 3181 1634 3223 emitur,
1661 3182 1810 3225 adeoque
1835 3185 1933 3218 &cui
1958 3183 2093 3218 debetur

1221 3232 1360 3266 remiffio
1379 3231 1596 3275 quarumlibet
1618 3233 1786 3276 culparum
1799 3258 1807 3265 .
1835 3234 1928 3272 Hinc
1949 3233 2034 3277 prior
2046 3229 2094 3265 di-

1221 3282 1351 3325 sciplina
1365 3279 1509 3316 moechos
1521 3281 1554 3315 &
1565 3282 1779 3318 fornicatores
1791 3284 1954 3326 compulit
1976 3280 2016 3315 ad
2029 3291 2095 3324 per·

1222 3340 1349 3374 petuam
1375 3333 1409 3366 ὅ(
1429 3331 1622 3366 continuam
1635 3335 1738 3366 totius
1758 3334 1831 3367 vitaz
1844 3331 2070 3375 poenitentiam
2087 3354 2100 3370 ,

1223 3393 1283 3417 nec
1304 3391 1371 3416 erat
1392 3383 1461 3426 spes
1483 3381 1694 3424 remissionis,
1723 3393 1779 3417 aut
1801 3382 2014 3426 expletionis,
2045 3381 2100 3416 Et-

1961 3441 2053 3467 enirn
