2372 3756
136 2003 166 2042 P·
189 2010 214 2038 2..
233 2007 258 2031 c·
275 2010 302 2037 9-

137 2117 211 2155 Cap·
236 2126 280 2159 ις.

428 149 521 199 168

335 927 507 963 nianiloci
517 928 625 962 sensus
645 954 652 960 .

348 1006 355 1013 i
384 978 457 1012 Nec
471 977 538 1011 sola
550 977 642 1020 panis
663 989 702 1013 ac
723 979 792 1013 vini
817 979 979 1013 elementa
994 1004 1004 1020 ,
1031 979 1083 1013 sed
1111 979 1213 1022 ipsum

332 1026 434 1062 etiam
444 1027 502 1061 sub
514 1027 788 1062 illisaeontentum
801 1029 942 1063 Domini
952 1040 1067 1073 corpus
1077 1030 1122 1063 est
1135 1028 1213 1071 ejus-

331 1077 408 1112 dem
419 1077 563 1120 corporis
573 1077 684 1122 imago
695 1079 728 1112 &
739 1079 984 1114 Sacramentum
1000 1104 1006 1111 .
1035 1080 1212 1114 Gratianus

331 1127 366 1161 in
379 1126 462 1161 libro
477 1127 518 1162 de
530 1129 780 1168 consecratione
790 1129 908 1173 probat
924 1130 958 1163 id
975 1142 1017 1163 ex
1030 1127 1090 1164 hac
1101 1130 1209 1164 Sanffi

330 1177 510 1222 Augustini
524 1177 611 1221 apud
633 1179 787 1214 Sanctum
809 1179 1005 1223 Prosperum
1024 1181 1208 1214 sententia:

328 1232 409 1260 Caro
424 1227 533 1269 Christi
544 1227 582 1267 est
592 1252 604 1268 ,
623 1239 720 1271 ‘quam
724 1229 828 1271 forma
839 1236 929 1272 panis
941 1239 1076 1272 opertam
1097 1236 1129 1262 in
1157 1233 1176 1262 5
1178 1243 1209 1261 a·

327 1288 476 1313 cramenta
488 1281 667 1320 accipimu‘s,
694 1278 861 1324 &sanguis
871 1282 934 1321 ejus
953 1291 1038 1322 quem
1061 1278 1117 1321 sub
1142 1286 1209 1313 vim·

321 1326 417 1372 specie
429 1331 463 1363 &¹
467 1327 574 1372 sapore
594 1336 763 1371 potamus,
778 1341 845 1363 caro
867 1331 1004 1363 videlicet
1027 1335 1146 1369 carm's,
1175 1331 1208 1362 &

321 1378 446 1422 sanguis
465 1381 685 1413 Sacramentum
706 1379 744 1418 est
758 1378 939 1423 sanguinis.
967 1383 1068 1411 Came
1087 1380 1120 1412 6*
1137 1377 1209 1421 san-

320 1435 436 1472 guine,
464 1437 584 1471 utroque
595 1427 756 1469 invisibili,
781 1429 987 1472 intelligibili,
1002 1427 1162 1471 spirituali
1170 1428 1206 1470 fi-

319 1479 485 1522 gnificatur
512 1477 622 1519 visibile
644 1481 764 1510 Domini
785 1487 888 1520 corpus
910 1503 921 1519 ,
944 1478 1099 1521 palpabile
1112 1504 1121 1518 ,
1144 1481 1211 1520 ple·

322 1532 513 1572 numgratt'ae
524 1552 536 1568 ,
564 1532 694 1561 omm'um
705 1533 855 1562 virtutum
866 1530 900 1562 (θ’
910 1530 1019 1562 divina
1031 1528 1188 1571 MaJ'efIate
1198 1555 1205 1562 .

320 1577 366 1612 Et
395 1577 550 1612 Gratiani
575 1576 778 1613 authoritate
798 1579 1066 1622 circumscriptus
1090 1579 1207 1613 Domi-

320 1639 383 1664 nus
394 1626 509 1662 Petrus
522 1627 563 1662 de
574 1627 688 1663 Marca
701 1628 736 1663 in
750 1629 912 1672 opusculo
935 1630 976 1663 de
1002 1627 1205 1663 Eucharistia

319 1678 486 1713 existimat
501 1677 790 1713 sententiamhanc
801 1681 864 1714 effe
885 1678 991 1714 reverit
1015 1681 1205 1714 Sanaorutn

320 1727 469 1772 Prosperi
480 1728 514 1762 &
527 1727 707 1773 Augustini
723 1753 730 1761 .
759 1728 862 1776 Quod
873 1730 977 1774 ipsum
988 1753 1000 1770 ,
1029 1730 1137 1763 nescio
1149 1740 1206 1763 un·

319 1777 361 1813 de
373 1778 643 1818 circumventus,
668 1779 704 1813 in
717 1778 846 1814 decima
866 1780 974 1824 quarti
997 1779 1078 1813 libri.
1095 1779 1205 1814 distin-

319 1827 430 1864 aione
441 1828 639 1864 existimavit
650 1828 767 1870 Petrus
779 1829 1007 1864 Lombardus.
1035 1829 1137 1864 Poffit
1160 1831 1204 1864 es-

319 1880 351 1913 se
362 1877 701 1924 deceptusaDecreto
724 1881 833 1914 Sansti
856 1880 970 1914 lvonis
995 1879 1204 1914 Carnutenfis

321 1928 501 1974 Episcopi,
531 1928 619 1975 quod
649 1930 720 1974 post
746 1929 917 1964 addustam
944 1931 1203 1965 trecentesimam

320 1980 521 2025 trigefimam
545 1992 670 2015 nonam
692 1981 799 2015 Sancsti
826 1981 1202 2024 Prosperisententiam,

322 2030 493 2076 subjungit
520 2031 631 2065 nescio
652 2043 751 2074 quam
779 2031 1043 2065 testimoniorum
1070 2031 1202 2074 farragi-

321 2093 422 2122 nem,
450 2083 484 2115 in
498 2093 562 2126 qua
574 2082 647 2115 sunt
661 2081 766 2115 &ista
789 2081 905 2114 verba.
937 2081 1061 2113 Eadem
1082 2081 1202 2114 Sandio

322 2131 515 2175 Augustino
526 2129 704 2169 adscribit,
732 2131 765 2163 ὃς
788 2141 828 2163 ex
851 2130 925 2173 ipsis
947 2131 1041 2163 suum
1062 2140 1202 2164 errorem

322 2181 465 2216 stabilire
477 2179 685 2224 impudenter
696 2181 812 2212 nititur
823 2179 990 2214 Henricus
1013 2180 1201 2224 Artopaeus.

322 2230 450 2268 Verum
466 2231 572 2265 necin
583 2230 701 2264 Saneto
726 2229 906 2272 Prospero,
932 2242 992 2263 nec
1018 2229 1053 2263 in
1081 2230 1200 2264 Sancto

321 2280 515 2326 Augustino
537 2280 740 2322 reperiuntur
754 2305 761 2311 .
789 2279 916 2315 Eadem
937 2279 1080 2314 habesin
1094 2280 1201 2313 Sanffi

321 2331 502 2367 Lanfranci
529 2328 615 2364 libro
635 2339 751 2363 contra
774 2330 1023 2376 Berengarium.
1051 2328 1113 2364 Per
1137 2330 1201 2373 ipsa

261 2412 264 2415 ⁴
321 2382 377 2416 ille
386 2382 524 2424 exponit
541 2379 597 2414 fibi
608 2380 625 2414 ὲ
637 2380 834 2424 Berengario
848 2405 858 2420 ,
884 2382 917 2414 &
939 2380 1035 2414 nobis
1046 2379 1063 2413 ὲ
1077 2380 1203 2422 Joanne

141 2619 216 2656 Cap:
240 2621 286 2649 82.

321 2433 467 2468 Calvino
478 2430 643 2473 objeetum
652 2430 761 2464 Sansti
774 2431 952 2475 Augustini
967 2431 1076 2464 locum
1089 2441 1129 2463 ex
1152 2429 1200 2464 lit·

321 2484 398 2517 teris
411 2483 452 2517 ad
476 2481 677 2525 Episcopum
701 2480 932 2514 Bonifacium.
962 2481 1016 2514 An
1040 2480 1198 2519 Lanftan-

321 2545 379 2568 cus
389 2531 712 2575 fitipsorumprimus
734 2530 874 2571 author,
901 2542 941 2564 an
963 2531 1136 2564 dumtaxat
1158 2528 1199 2564 ab

315 2584 589 2622 ¹niinmutuator,
619 2593 685 2615 non
709 2581 826 2623 poffirn
848 2580 1000 2615 definire.
1031 2580 1100 2623 Ipsa
1123 2580 1197 2613 San·

320 2636 371 2668 isto
385 2630 733 2668 Lanfrancoadscribit
758 2631 793 2664 in
818 2630 903 2665 libro
924 2631 965 2664 de
990 2629 1200 2667 Eucharistiae

321 2684 454 2717 veritate
467 2683 606 2725 Ioannes
619 2681 783 2715 Heffelius
794 2707 801 2713 .
832 2681 879 2715 At
892 2680 1042 2714 videntur
1065 2681 1132 2724 ipso
1143 2691 1200 2714 an-

321 2733 463 2774 tiquiora
488 2757 495 2764 .
525 2732 659 2766 Etenim
685 2731 817 2765 Sanetus
841 2732 900 2765 lvo
921 2730 984 2778 fuit
1011 2731 1198 2764 Lanfranco

322 2792 519 2821 coaetaneus,
547 2782 642 2815 &vel
655 2780 749 2823 hujus
762 2781 812 2815 vel
823 2781 952 2815 alterius
965 2782 1011 2814 sui
1038 2780 1196 2815 coaetanei

321 2833 449 2866 nullum
461 2831 687 2864 testimonium
700 2831 819 2875 legitur
827 2833 884 2865 suo
897 2831 1041 2864 Decreto
1054 2831 1197 2865 inseruis-

321 2884 353 2917 se
367 2907 374 2914 .
403 2880 593 2923 Eorundem
607 2880 777 2914 verborum
789 2882 934 2922 quaedam
944 2881 1077 2920 adducit
1090 2882 1123 2914 in
1139 2882 1198 2925 pri-

324 2943 381 2967 mo
392 2930 541 2974 adversus
553 2931 786 2974 Berengarium
807 2930 892 2964 libro
908 2931 1048 2977 Algerus
1061 2944 1101 2965 ex
1115 2931 1198 2964 Leo-

320 2983 423 3017 dienfi
435 2980 609 3015 Canonico
636 2980 860 3014 Cluniacenfis
888 2982 1099 3021 Monachus,
1121 2983 1199 3016 San·

322 3032 587 3067 &ovLanfranco
606 3030 828 3064 nonmultt‘im
848 3030 977 3071 jnnior:
1004 3033 1037 3065 ὃς
1060 3033 1197 3066 affirmat

320 3084 384 3117 effe
395 3082 503 3117 Sanffl
515 3079 694 3125 Augustini
705 3080 791 3123 apud
803 3082 978 3115 sententias
991 3082 1081 3115 Beati
1105 3081 1198 3115 Pros-

322 3134 413 3176 peri.
447 3130 613 3179 roirch.
640 3130 783 3165 omnino
810 3130 938 3165 videtur
960 3132 1016 3165 illa
1038 3131 1196 3165 sententia

317 3184 384 3216 *effe
410 3183 516 3215 nescio
542 3181 634 3224 cujus
659 3181 789 3223 antiqui
812 3180 983 3224 Scriptoris
1005 3206 1016 3222 ,
1043 3182 1061 3215 a
1082 3182 1196 3215 Sancto

322 3231 510 3266 Lanfranco
532 3240 696 3265 mutuata.
725 3229 778 3262 Ex
805 3232 871 3273 ipsa
897 3231 977 3265 item
1006 3230 1196 3265 venerabilis

322 3279 436 3321 Abbas
456 3281 633 3316 Guibertus
643 3280 791 3315 distinxit
803 3280 980 3325 principale
991 3282 1024 3315 δε
1037 3281 1194 3326 vicarium

320 3329 608 3374 Dominicorpus‚
634 3331 669 3364 &
690 3328 756 3365 hoc
779 3330 870 3364 istius
891 3331 975 3365 dixit
1001 3332 1063 3366 esse
1089 3331 1195 3365 Sacra·

320 3388 493 3419 mentum,
519 3381 696 3424 imaginem
721 3380 755 3414 &
781 3380 940 3425 figuram.
970 3381 1117 3416 Eandem
1142 3381 1196 3415 ad·

321 3429 430 3473 versus
441 3429 603 3480 Joannem
613 3429 895 3476 (Ecolampadium
907 3456 920 3475 ,
946 3432 1001 3476 qui
1014 3432 1088 3472 ursit
1106 3430 1195 3467 idem

937 144 1580 196 Dis-s-Eit-’rArto

348 226 447 267 &itur
458 224 623 270 Divinum
634 226 847 263 mandatum:
874 232 934 264 Hoc
953 229 1053 272 facite
1077 235 1111 264 in
1138 240 1230 262 meam

347 281 664 318 pommemorationem.·
692 278 849 326 Qisquis
876 281 943 314 fine
962 280 1018 314 tali
1043 279 1229 315 Dominicae

348 326 508 362 Paffionis
517 327 694 371 memoria,
716 329 827 364 &fine
838 331 897 364 tali
921 329 962 363 ad
984 330 1078 364 istam
1105 339 1228 363 memo-

346 375 430 412 riam
443 378 782 419 votocommunicat,
807 389 943 413 certum
959 379 1005 412 est
1029 391 1099 414 non
1125 377 1226 422 digne

345 426 591 462 communicare
604 453 612 465 ,
640 427 793 462 Affirmat
815 428 1023 474 Augustinus
1035 440 1104 463 non
1116 428 1225 462 solem·

344 476 383 512 ni
394 475 545 512 humana:
555 476 735 511 refestionis
759 489 871 519 more,
899 477 953 513 sed
975 489 1051 514 cum
1078 478 1137 511 tali
1161 487 1226 510 me-

343 526 448 562 moria
457 530 520 563 esse
532 526 796 562 manducandum
810 529 953 563 Domini
967 539 1085 572 corpus
1097 552 1108 567 ‚
1135 526 1224 560 ideo-

341 587 406 621 que
429 578 511 614 reste
533 576 643 612 scribit
660 577 749 612 ,istud
771 578 913 613 Domini
935 578 1131 614 mandatum
1153 588 1221 610 non

339 629 404 662 effe
425 627 585 666 litterale,
612 626 665 662 sed
687 628 886 673 figuratum.
916 627 1038 663 Christi
1063 626 1221 669 corpus&

339 678 494 722 sanguis,
521 688 564 711 ne
588 686 732 720 patretur
753 678 879 714 facinus
902 680 921 714 ὲ
948 678 1043 713 nobis
1074 701 1085 717 ‚
1122 677 1176 710 seu
1201 676 1219 710 a

338 727 495 761 Domino
518 726 688 770 jubeatur,
716 729 832 764 nonin
860 729 987 773 propria
1010 729 1136 765 forma,
1166 726 1219 761 sed

336 777 632 816 Sacramentalibus
647 778 762 823 figuris
782 779 896 813 vestita
918 790 956 812 ac
979 778 1083 811 velata
1101 779 1176 811 sunt
1200 775 1219 809 a

337 825 434 862 nobis
455 827 631 863 sumenda.
659 827 804 863 Et-dum
828 829 1008 867 sumimus,
1034 826 1217 862 Dominica

335 876 446 914 Paffio
465 878 511 912 est
524 878 575 921 pie
585 877 757 913 recolenda
771 902 778 911 .
806 879 877 913 Hic
900 878 944 912 est
957 887 1045 913 totus
1058 876 1217 923 Augusti-

1289 239 1355 262 non
1370 230 1458 271 poffe
1470 229 1626 272 suiipsius
1646 228 1708 263 effe
1729 228 1880 275 iignum,
1906 234 2093 268 constanter
2115 234 2169 269 des

1287 277 1428 313 fendunt
1455 278 1604 313 laudatus
1623 279 1810 321 Hermus,
1839 281 2167 323 JacobusPamelius

1288 327 1321 360 in
1334 328 1435 362 Notis
1446 329 1486 362 ad
1499 329 1749 363 Tertullianum
1762 355 1772 371 ,
1798 331 1875 364 &in
1891 330 1993 365 Notis
2004 332 2044 367 ad
2064 335 2166 368 unde-

1286 378 1405 414 cimam
1419 379 1525 413 Sansti
1541 379 1693 423 Gregorii
1707 379 1910 414 Nazianzeni
1920 381 2104 418 orationem
2117 385 2166 428 Ja÷

1284 427 1388 462 cobus
1400 429 1550 463 Bellius„
1568 428 1699 463 Itanon
1727 430 1800 463 solae
1827 432 2074 467 sacramentales
2099 434 2166 478 ‘spe-

1285 477 1559 514 ciesconteutiin
1570 480 1602 514 se
1612 478 1782 513 invisibilis
1794 482 1958 524 corporis,
1986 481 2039 516 sed
2063 484 2163 519 etiam

1285 525 1350 562 hoc
1363 528 1521 563 invisibile
1530 541 1648 574 corpus
1660 530 1704 564 est
1718 531 1851 564 visibilis·
1861 531 1896 566 δε
1907 533 2080 576 principali
2093 544 2164 568 cor-

1284 578 1370 620 poris
1380 578 1482 624 figura
1495 580 1530 613 &
1540 581 1803 615 Sacramentum.
1833 581 1877 615 Et
1888 581 1977 626 quod
1993 582 2080 618 idem
2093 584 2164 627 pos-

1283 627 1318 662 fit
1329 629 1375 662 sui
1391 630 1489 672 ipsius
1497 631 1561 664 effe
1572 631 1683 676 imago
1694 655 1705 671 ,
1735 630 2071 675 supravdetnonstravit
2094 633 2163 668 lau-2

1282 676 1376 712 datus
1386 678 1585 721 GuibertuS,
1610 681 1644 715 ὅ(
1659 682 1691 714 in
1703 681 1822 725 quinto
1845 682 1995 716 adversus
2016 682 2163 718 Marcio-

1283 739 1377 770 nem,
1406 730 1502 765 fimili
1516 741 1710 777 argumento
1720 732 1838 773 usum,
1864 732 1949 768 libro
1960 731 2160 775 demonstrat
2182 747 2253 788 Cap,
2276 759 2324 785 ω,

1280 779 1621 816 etiunTertullianus
1631 808 1639 815 .

1329 828 1534 865 Eucharistia
1548 843 1615 866 non
1628 830 1733 867 solum
1745 843 1855 867 verum
1867 858 1878 874 ,
1903 834 1955 869 sed
1967 834 2067 869 etiam
2089 845 2162 878 my2

1280 876 1394 914 sticum
1408 879 1531 915 Christi
1555 882 1696 916 Domini
1719 894 1835 927 corpus
1858 884 2041 928 significat.-
2072 884 2162 919 Uni-

1279 929 1429 963 vermem
1441 930 1562 966 scilieet
1576 932 1753 966 Ecclesiam
1764 958 1775 975 ,
1802 945 1857 967 aut
1869 934 1956 968 certe
1977 935 2161 968 universam

1277 981 1549 1015 communionem
1570 981 1781 1017 Sanctorum.
1809 983 1970 1027 Sponsum
1993 992 2068 1018 curn
2090 993 2160 1018 tota

1279 1028 1413 1080 sponsu,
1424 1041 1521 1075 caput
1529 1030 1606 1067 curti
1617 1041 1690 1066 toto
1701 1043 1836 1076 corpore
1846 1059 1853 1066 .
1883 1033 2070 1078 Principem
2082 1045 2159 1069 cum

1275 1080 1374 1112 omni.
1392 1080 1450 1114 suo
1466 1080 1795 1115 circumsubstantiali
1818 1084 1958 1126 populo.
1987 1085 2160 1129 Infigniter

1277 1127 1339 1162 hoc
1350 1131 1488 1172 exponit
1501 1132 1535 1164 in
1548 1130 1639 1164 libris
1652 1130 1693 1165 de
1704 1132 1770 1166 Dei
1785 1132 1930 1168 Civitate
1940 1136 2076 1170 Sanstus
2089 1133 2160 1169 Au·

1274 1179 1446 1222 gustinus:
1467 1180 1612 1222 Profe-llo
1622 1181 1764 1222 efficitur,
1794 1190 1901 1216 uttota
1916 1183 1982 1226 ipsit
2005 1187 2159 1228 redempta
2179 1178 2242 1211 Lib:
2265 1190 2310 1211 ¹0·

1272 1235 1403 1269 civitat,
1431 1229 1481 1262 hoc
1493 1230 1553 1271 est,
1568 1239 1759 1275 ‘congregatio
1766 1232 1947 1276 societasque
1958 1235 2156 1275 sandorum,
2176 1230 2240 1259 αἶρ’
2269 1224 2297 1249 6.

1273 1278 1442 1322 universale
1451 1279 1628 1322 sacrificium
1649 1282 1791 1323 offeratur
1814 1285 1874 1315 Deo
1891 1293 1949 1325 per
1970 1287 2157 1319 sacerdotem

1273 1340 1412 1371 magnum
1425 1353 1435 1368 ,
1462 1335 1511 1371 qui
1522 1335 1614 1363 etiam
1620 1329 1752 1373 seipsum
1767 1332 1872 1364 obtulit
1891 1339 1923 1366 in
1950 1336 2077 1375 Paffione
2097 1344 2155 1377 pro

1273 1378 1355 1411 nobis
1369 1403 1380 1418 ‚
1404 1387 1437 1411 ut
1449 1386 1531 1413 tanti
1547 1383 1657 1422 capitis
1669 1389 1771 1422 corpur
1782 1383 1899 1425 effemuJ
1916 1382 2078 1425 facundiam
2091 1385 2157 1426 sor&

1272 1441 1354 1461 mam
1365 1426 1451 1471 servi
1469 1454 1475 1462 .
1503 1428 1656 1464 Pluribus
1668 1431 1812 1465 elucidat
1824 1430 1888 1465 hoc
1913 1432 2095 1468 universale
2114 1435 2157 1468 sa-

1272 1479 1432 1513 crificium
1443 1504 1454 1520 ,
1481 1480 1515 1513 &
1539 1480 1711 1515 concludit
1725 1495 1736 1515 .·
1765 1486 1824 1514 Hoc
1833 1481 2053 1526 estfacrt'ficlum
2065 1483 2157 1518 cbri-

1270 1527 1429 1565 stitmorum
1454 1555 1461 1562 .
1490 1531 1579 1563 Multi
1604 1541 1696 1564 unum
1717 1540 1822 1574 corpus
1839 1530 1944 1574 sumus
1964 1539 1997 1566 in
2017 1534 2148 1574 christo.

1271 1580 1366 1622 ‚Quod
1386 1585 1475 1612 etiam
1499 1582 1689 1614 sacramento
1712 1578 1823 1615 Altaris
1842 1580 1982 1622 fidelibus
2003 1593 2069 1617 noto
2086 1577 2156 1625 fre-

1269 1637 1394 1674 quentat
1414 1630 1541 1671 Eccleſsa
1553 1656 1563 1671 ,
1590 1631 1643 1664 ubi
1661 1633 1754 1665 eidem
1766 1632 2001 1674 demonstratur,
2027 1635 2106 1676 quod
2119 1641 2153 1667 in

1268 1691 1304 1711 ea
1329 1680 1491 1719 oblatione,
1517 1692 1608 1723 quam
1627 1680 1734 1722 offlrt,
1760 1681 1826 1725 ipsa
1850 1682 1990 1723 offbratur
2010 1708 2017 1715 .
2045 1684 2089 1718 Et
2116 1685 2152 1718 in

1268 1728 1334 1763 alio
1356 1729 1497 1772 ejusdem
1520 1731 1626 1774 operis
1650 1731 1732 1765 libro
1755 1733 1930 1776 distinguit
1947 1731 2153 1768 terrenum&

1267 1779 1428 1813 coelestem
1453 1781 1488 1813 in
1511 1779 1576 1814 hoc
1596 1781 1723 1815 mundo
1744 1783 1932 1823 civitatem,
1960 1783 1993 1817 &
2021 1784 2149 1828 pergit:

1266 1829 1324 1861 Illa
1345 1841 1412 1872 quae
1433 1838 1551 1864 terrena
1570 1830 1609 1871 est
1638 1855 1648 1870 ‚
1669 1830 1748 1872 fecit
1766 1831 1822 1873 fibi
1842 1843 1915 1874 quos
1936 1836 2034 1867 voluit
2051 1832 2151 1876 falsis
2170 1833 2231 1866 Lib.
2253 1840 2301 1869 18.

1268 1882 1344 1912 Deos
1356 1904 1366 1919 ,
1393 1881 1499 1922 quibus
1516 1879 1713 1923 sacrifi-ando
1722 1880 1874 1925 servirem
1901 1883 1959 1916 ella
1970 1893 2070 1917 autem
2084 1893 2153 1927 quae
2167 1884 2231 1915 0³1²·
2252 1886 2265 1914 5
2271 1887 2299 1914 ⁴·

1265 1929 1381 1969 coelestts
1393 1935 1605 1974 peregrinatur
1627 1938 1661 1964 in
1683 1941 1787 1972 terra,
1805 1931 1905 1975 falsor
1931 1936 2009 1966 Deos
2032 1935 2152 1976 nonfa-

1265 1985 1327 2020 m,
1346 1977 1514 2022 sedavere)
1527 1984 1589 2014 Deo
1609 1980 1676 2024 ipsa
1692 1981 1749 2023 fit,
1777 1984 1863 2024 cujus
1884 1979 2061 2025 sacrificium
2083 1983 2151 2028 ipsa

1258 2028 1297 2070 fit
1311 2053 1318 2061 .
1346 2029 1383 2062 In
1397 2029 1487 2064 libris
1497 2030 1539 2065 de
1562 2031 1845 2076 Evangelista'rum
1866 2034 2028 2068 consensu
2049 2044 2154 2077 expo·

1268 2080 1315 2112 nit
1328 2079 1436 2113 Sanffi
1450 2080 1545 2114 Lucae
1557 2079 1597 2114 de
1607 2079 1735 2114 duobus
1748 2082 1833 2125 apud
1848 2083 2080 2118 Emmauntem
2102 2084 2151 2118 di·

1268 2129 1399 2171 scipulis
1424 2129 1625 2174 Evangelica
1646 2130 1741 2165 verba
1762 2156 1773 2172 ‚
1799 2135 2009 2176 cognoverunt
2029 2145 2096 2167 eum
2116 2140 2150 2167 in

1258 2177 1413 2219 fracqione
1445 2186 1538 2221 panis
1559 2204 1570 2220 ,
1595 2180 1628 2213 &
1652 2180 1802 2225 adjungit
1823 2194 1831 2213 ε
1869 2185 1922 2216 Ne
1945 2183 2098 2227 qulsquaem
2114 2183 2150 2228 se
2188 2222 2193 2229 ,

1265 2228 1415 2269 Christum
1439 2229 1586 2273 agnovisse
1606 2230 1773 2263 arbitretur
1784 2255 1795 2271 ‚
1815 2231 1847 2273 fi
1856 2235 1921 2273 ejus
1930 2239 2056 2275 corpores
2071 2242 2148 2276 par·
2165 2221 2225 2253 L'b·
2243 2232 2274 2262 3·

1265 2284 1357 2320 ticeps
1383 2289 1441 2310 non
1458 2277 1517 2318 est,
1541 2280 1575 2311 id
1597 2278 1651 2319 est,
1676 2279 1811 2321 Ecclefiae
1826 2305 1836 2321 ,
1862 2283 1946 2321 cuju!
1957 2289 2101 2316 unitatem
2113 2289 2146 2316 ln
2162 2271 2226 2302 αρ’
2247 2273 2295 2300 '¹5'

1263 2331 1451 2361 sacramento
1473 2334 1566 2370 panis
1591 2331 1774 2367 commendat
1802 2330 1952 2372 Apostolus
1974 2356 1986 2372 ,
2019 2335 2120 2367 dicens
2134 2358 2146 2374 ,

1262 2382 1344 2410 Unus
1363 2383 1457 2418 panis
1478 2403 1489 2419 ,
1529 2375 1620 2412 unu'm
1639 2387 1744 2422 corpus
1768 2381 1853 2413 muln
1874 2379 1980 2423 sumus
2003 2405 2011 2414 .
2026 2383 2083 2416 'Et
2109 2383 2145 2418 in

1262 2431 1408 2462 sermone
1426 2428 1466 2462 ad
1496 2428 1639 2478 infantes
1667 2454 1677 2470 ‚
1703 2441 1802 2474 quem
1826 2430 1911 2464 libro
1935 2430 1982 2465 de·
2006 2431 2147 2467 AEthio-

1260 2478 1309 2519 pis
1338 2478 1536 2520 Baptismate
1563 2479 1737 2514 subnexuit
1764 2481 1898 2514 Sanctus
1924 2482 2143 2526 Fulgentius,

1262 2526 1468 2566 Eucharistiae
1490 2529 1809 2575 veritatem-egregie
1829 2529 2012 2574 ptaedicat,
2029 2539 2144 2567 verum

1260 2577 1403 2612 Domini
1423 2590 1541 2622 corpus
1562 2580 1735 2622 praefitetur
1759 2581 1823 2615 esse
1843 2580 1879 2615 in
1902 2581 1989 2615 coelo
2008 2581 2049 2615 ad
2076 2583 2144 2617 Dei

1262 2628 1366 2662 Patris
1387 2628 1577 2667 dexteram,
1603 2630 1638 2664 &
1657 2630 1697 2665 ad
1713 2629 1931 2674 Neophytos,
1957 2643 1999 2664 ex
2012 2630 2077 2666 hoc
2090 2643 2142 2666 ca-

1258 2677 1325 2721 pite
1346 2679 1539 2729 &pitffntes
1549 2679 1591 2714 de
1602 2680 1677 2714 reali
1700 2681 1785 2714 intra
1805 2679 2045 2715 Eucharistiam
2065 2693 2141 2725 prae-

1258 2728 1361 2763 sentia
1376 2753 1387 2769 ,
1415 2730 1621 2773 prosequitur
1643 2742 1651 2761 :
1679 2731 1831 2774 ,Quomodo
1855 2729 1895 2771 est
1915 2737 2011 2772 panis
2036 2740 2141 2774 corpus

1256 2781 1344 2820 qius,
1370 2780 1515 2819 &calin
1541 2782 1593 2814 vel
1612 2780 1691 2822 quod
1712 2778 1801 2813 babet
1819 2781 1899 2813 calix
1914 2804 1925 2819 ,
1950 2782 2139 2823 quomodoqfl

1251 2828 1379 2873 sanguis
1397 2830 1488 2870 ejus?
1516 2830 1599 2870 Ista,
1617 2829 1759 2870 fratres,
1785 2831 1849 2863 ideo
1872 2831 2012 2864 dicuntur
2032 2832 2139 2865 Sacra-

1256 2890 1377 2920 menta,
1409 2886 1482 2922 quia
1505 2885 1537 2912 in
1561 2883 1604 2913 eae's
1628 2880 1712 2912 aliud
1731 2881 1873 2920 videtur,
1902 2881 1991 2913 aliud
1999 2881 2139 2925 intelligi-

1256 2938 1305 2961 tur
1326 2954 1334 2961 .
1362 2930 1455 2973 ‚Quod
1479 2931 1601 2963 videtur
1621 2953 1632 2969 ,
1665 2928 1790 2972 speciem
1816 2929 1906 2963 babet
1930 2932 2108 2972 corporalem
2120 2944 2144 2974 ;.

1255 2980 1544 3023 quodintelltgitur,
1562 2979 1700 3021 fruc‘lum
1720 2978 1809 3013 habet
1830 2978 2037 3022 spiritualem.
2054 2985 2139 3013 Cor-

1253 3038 1314 3072 pus
1341 3033 1407 3074 ergo
1429 3029 1539 3069 christi
1555 3028 1586 3071 fi
1596 3034 1645 3062 vis
1667 3029 1852 3071 intelligere,
1879 3029 2042 3070 Apostolum
2061 3032 2137 3064 audi

1255 3081 1395 3114 dicentem
1402 3079 1540 3122 fidelibus
1554 3091 1561 3111 :
1588 3083 1645 3111 Vos
1656 3077 1720 3118 estis
1731 3087 1834 3120 corpus
1845 3079 1954 3118 christi
1964 3103 1975 3119 ,
2000 3081 2034 3114 &
2045 3092 2137 3114 mem-

1255 3130 1325 3162 bra.
1352 3131 1384 3163 51⁴
1395 3131 1460 3173 ergo
1472 3140 1525 3162 vos
1538 3128 1603 3170 estis
1615 3137 1717 3170 corpus
1730 3128 1840 3169 Christi
1851 3131 1885 3163 ὁ·
1895 3130 2030 3163 membra
2043 3154 2055 3171 ,
2077 3141 2136 3170 ms-

1246 3180 1367 3219 sterium
1386 3179 1511 3219 vestrum
1529 3182 1562 3210 in
1583 3177 1682 3222 mensa
1707 3182 1828 3212 Domini
1846 3178 1968 3222 positum
1991 3179 2050 3221 est,
2078 3192 2135 3219 my-

1234 3224 1238 3249 1
1246 3230 1370 3269 sterium
1382 3234 1501 3262 Domini
1515 3234 1652 3271 accipitis
1668 3255 1675 3262 .
1706 3230 1755 3262 Ad
1763 3231 1797 3263 id
1805 3231 1884 3272 quod
1907 3230 1971 3268 estis
1981 3251 1991 3268 ,
2002 3253 2005 3256 -
2018 3227 2135 3272 respon-

1252 3282 1327 3313 detis
1353 3286 1443 3312 Amen
1465 3304 1476 3320 ,
1518 3281 1552 3314 (ff
1573 3277 1771 3322 respondendo
1788 3278 1971 3323 fitbscrtbms
1993 3304 2000 3310 .

1251 3334 1318 3374 ergo
1344 3338 1446 3372 corpus
1467 3327 1578 3369 Christi
1602 3354 1613 3370 ‚
1653 3331 1687 3364 (9·
1707 3329 1867 3373 respondes
1885 3351 1896 3367 ‚
1922 3332 2035 3361 Amen.
2062 3329 2134 3368 Esto

1252 3380 1415 3414 membrum
1440 3383 1567 3421 corporis
1593 3379 1703 3420 Christi
1722 3405 1733 3420 ,
1770 3388 1803 3412 ut
1831 3390 1934 3412 verum
1955 3377 1994 3419 fit
2018 3382 2130 3413 Amen.

1251 3433 1356 3475 ‚Quare
1373 3433 1445 3474 ergo
1465 3437 1496 3463 in
1514 3438 1597 3472 pane
1621 3431 1634 3463 ?
1663 3429 1754 3464 Nihil
1773 3427 1822 3462 bic
1844 3429 1882 3462 de
1900 3427 1992 3468 nostro
2011 3427 2131 3469 adfera-

2038 3280 2133 3312 Audis

1997 3488 2061 3514 mus
2069 3503 2077 3510 .
