2372 3756
625 141 907 187 Qurwrurr
941 125 1250 169 ROMANUM
1286 122 1670 166 CONcrtruM.

261 223 320 265 psit
333 221 466 255 santius
481 215 668 259 Cyprianus
681 214 713 246 in
728 212 841 246 litteris
852 209 894 243 ad
910 207 1141 242 Antonianum

261 271 460 314 Episcopum
475 293 484 307 ,
510 266 673 299 affirmans
698 262 738 296 ab
762 262 832 305 ipso
843 258 1080 302 Trophymum
1093 267 1146 290 ne-

260 330 422 364 quaquam
438 314 624 360 Episcopali
639 338 648 353 ,
677 313 731 346 sed
743 312 804 346 soli
821 310 927 345 Laicae
939 307 1144 341 communio-

262 368 495 407 nitedditum‚
522 365 661 407 ideoque
687 363 809 396 nullam
833 359 886 393 hic
900 358 991 391 fuisse
1005 357 1144 398 speciem

261 420 414 455 scabiosae
435 414 684 451 communionis
709 437 719 452 ‚
746 415 802 446 aut
828 406 946 452 perditi
973 406 1145 449 Episcopa-

262 482 336 505 tus.
364 468 402 501 In
429 466 504 500 thus
531 475 585 498 aut
613 463 761 499 libellum
786 469 865 492 tunc
887 457 992 500 lapsus
1015 456 1143 499 Episco-

262 531 323 565 pus
333 528 400 552 erat
415 515 627 560 reparationis
642 510 721 545 adeo
735 510 874 552 incapax
884 533 895 548 ,
910 517 946 540 ut
960 517 1001 539 ex
1012 506 1077 548 ejus
1089 505 1147 539 do-
1191 516 1196 567 ¹
1212 506 1333 537 altorum
1345 501 1397 545 usu
1411 501 1594 544 altifervent
1604 505 1624 534 5
1627 501 1726 534 antios
1733 500 1801 545 suos
1813 501 1917 535 locales
1935 526 1941 532 .
1969 501 2087 543 Etsi-ut

263 568 379 604 nandae
402 567 577 601 Attentato
602 562 698 595 etiam
727 561 901 593 Romanus
912 556 1067 590 Pontifex
1082 566 1145 589 ma-

263 619 424 653 cularetur
436 643 446 657 ,
471 616 689 650 &incurreret
704 609 784 644 istud
803 610 907 652 ipsum
922 608 982 640 suae
994 607 1146 649 supremae

262 668 449 712 Majestatis
462 661 662 706 irreparabile
677 658 932 703 spolium.Hinc
946 657 1036 690 enim
1046 656 1146 689 etiam

262 717 450 753 Donatistis
470 737 482 753 ,
506 725 545 747 ex
574 712 636 745 isto
663 710 811 744 facinore
839 704 1076 742 affirmantibus
1094 704 1147 738 de-

263 768 433 815 gradatum
445 789 456 805 ,
484 775 551 797 non
563 763 742 804 supremam
756 758 902 793 Romani
918 755 1089 789 Pontifici-s
1102 754 1146 787 di-

262 820 425 864 gnitatem
446 812 597 857 opposuit
609 809 744 845 sancitis
759 807 966 853 Augustinus
981 829 991 844 ,
1017 803 1069 837 sed
1090 805 1149 838 res-

261 867 384 911 pondit
395 865 588 899 traditorem
602 862 785 894 Stratonem
799 869 866 891 non
885 856 978 890 fuisse
988 855 1058 898 ejus
1070 854 1148 888 Dia-

259 927 387 951 conum
400 940 407 947 .
435 914 617 948 isidor-ianae
629 909 830 943 collefflonis
845 907 969 941 Auctor
981 905 1149 950 ignoravit

262 965 331 1001 haec
345 966 457 1002 omnia
475 989 482 996 .
510 960 610 1005 Apud
623 959 813 994 Donatistas
825 958 903 1001 legit
918 957 1041 1000 lapsum
1064 954 1149 988 Mar-

265 1017 446 1053 cellinum,
473 1013 557 1056 apud
581 1010 774 1046 Catholicos
801 1007 919 1042 nullibi
945 1007 1025 1049 legit
1037 1003 1150 1049 degra-

265 1068 379 1100 datum
399 1090 409 1105 ,
437 1064 519 1108 legit
544 1061 690 1095 mansisse
713 1058 918 1094 Pontificem.
935 1080 946 1096 ‚
971 1057 1006 1090 δε
1028 1056 1149 1091 factum

264 1117 451 1158 Martyrem
476 1126 483 1145 :
510 1112 665 1148 Laudatae
688 1108 865 1152 disciplina:
886 1107 1028 1151 rigorem
1051 1104 1150 1138 credi-

266 1166 317 1200 dit
343 1166 374 1199 in
388 1165 465 1197 solis
480 1162 649 1205 Episcopis
662 1184 672 1198 ,
701 1171 767 1192 non
786 1159 819 1191 in
833 1159 980 1200 supremo
993 1154 1150 1192 Romano

264 1215 432 1253 Pontifice
443 1212 592 1247 obtinere
604 1235 613 1250 ,
635 1209 677 1243 ad
688 1209 872 1251 supremum
887 1206 954 1249 ejus
967 1204 1149 1242 Primatum

265 1255 464 1299 firmandum
490 1262 566 1296 usus
583 1261 627 1294 est
652 1257 808 1300 exemplo
823 1257 905 1294 isto,
931 1254 1148 1288 &fabricavit

264 1313 438 1358 Synodum
462 1313 696 1346 Sinuessanam.
729 1309 808 1340 Haec
832 1306 967 1339 breviter
979 1304 1062 1338 dista
1088 1303 1150 1335 sint

267 1376 329 1408 pro
350 1363 563 1407 integerrimo
586 1358 750 1394 pontifice
773 1368 810 1391 ac
837 1354 982 1401 glorioso
1004 1353 1151 1395 Martyre

1929 137 2015 167 111

1208 203 1426 238 Marcellino.

1260 252 1455 287 N0tandum
1477 252 1521 285 est
1545 252 1632 295 quod
1659 252 1691 285 in
1717 253 1799 287 libro
1820 255 1860 289 tle
1885 254 2085 288 observantia.

1210 303 1389 338 Canonum
1415 301 1523 336 scribit
1546 301 1740 343 Radulphus
1763 305 1915 338 Decanus
1940 304 2087 338 Ecclefiae

1210 354 1435 398 Tongrenfis:
1463 355 1552 386 sedes
1578 352 1732 393 apostolica
1753 354 1820 385 vult
1839 353 1915 387 hanc
1924 358 2087 396 proportio-

1209 416 1277 438 nem
1298 428 1308 443 ,
1336 413 1370 435 ut
1386 402 1459 445 ficut
1483 408 1515 434 in
1546 402 1621 435 Urbe
1646 400 1813 443 servantur
1836 404 1938 436 saneti
1959 408 2088 438 Romani

1213 454 1370 496 Pontifices
1394 478 1404 492 ‚
1429 457 1463 486 (Ὗ
1488 453 1542 484 alii
1567 452 1670 484 sanfflt'
1696 452 1783 484 Urbis
1811 453 1917 485 locales
1945 476 1956 492 ,
1985 460 2029 486 ita
2055 460 2088 487 in
2107 472 2182 509 Cap¹
2198 481 2244 500 η,

1211 559 1338 587 Romam·
1360 565 1418 585 non
1438 562 1576 586 tenentur
1597 555 1641 584 ad
1653 552 1756 592 nostros
1768 553 1871 585 locales
1883 577 1893 592 ‚
1918 556 1962 583 ita
1974 562 2024 584 nec
2036 564 2088 585 nos

1213 606 1257 637 ad
1277 602 1402 646 ipsorum
1427 604 1532 637 locales
1547 627 1554 634 .
1582 603 1643 635 sed
1655 605 1780 635 Fratres
1792 606 1921 635 Minores
1933 608 2033 634 contra
2040 614 2090 644 ge-

1213 656 1339 688 neralem
1350 651 1581 696 confitetudinem
1594 650 1759 694 hujusmodi
1770 677 1779 691 ,
1791 653 1811 684 ἃ
1824 652 1905 685 dic‘la
1915 652 1988 684 sede
1999 653 2089 684 tacite*

1211 704 1409 746 approbatam
1419 727 1430 744 ,
1457 708 1489 734 in
1494 701 1547 745 fito
1568 699 1620 744 usu
1640 703 1793 734 adducunt
1803 703 1907 735 locales
1921 705 2064 734 Romanos
2077 725 2088 741 ,

1210 765 1242 788 ut
1267 760 1415 798 Hyginum
1434 777 1445 793 ‚
1472 757 1621 786 Anicetum
1642 775 1653 790 ,
1678 750 1827 784 sutherem
1846 776 1857 790 ,
1886 754 1996 791 Pium,
2021 752 2088 784 Cle-

1211 813 1276 838 tum
1300 828 1311 844 ,
1337 804 1511 836 Marcellum
1532 826 1543 843 ,
1569 800 1775 840 Eleutherium
1795 825 1806 842 ,
1827 801 2004 843 joannem,
2032 805 2089 835 Fe-

1210 855 1297 887 licem
1317 878 1328 893 ,
1354 855 1516 892 sylverium
1541 876 1553 893 ‚
1581 853 1751 885 Anacletum
1774 875 1785 892 ‚
1811 851 1976 890 Ιῖὶέῖονεηι,
2002 854 2089 884 Inno-

1211 909 1338 939 centium
1350 928 1361 944 ‚
1387 902 1583 943 Evaristum,
1610 904 1814 944 Pontianum,
1828 901 2086 942 (τΜεΙι-Ιήαᾰεηι,

1210 957 1357 986 Romanos
1371 951 1525 992 Pontifices
1541 954 1691 987 §aniius
1703 951 1797 986 Pater
1809 951 2000 985 Franciscus
2010 962 2089 988 cun-

1212 1004 1269 1037 stis
1291 1004 1356 1036 suis
1380 1002 1456 1036 filiis
1468 1002 1623 1046 imposuit
1636 1003 1828 1041 Romanum
1839 1002 2008 1041 officium,
2034 1001 2089 1035 cui

1214 1053 1293 1096 quia,
1303 1052 1364 1085 isto
1389 1062 1536 1094 tempore
1559 1053 1684 1086 Fratres
1696 1053 1805 1095 aliqua
1819 1075 1829 1091 ‚
1853 1050 2090 1086 &addiderant

1212 1104 1247 1137 &
1271 1103 1475 1140 detraxerant
1493 1125 1503 1141 ‚
1530 1100 1726 1144 Radulphus
1738 1100 2092 1144 admodumimproba·

1214 1154 1263 1186 vit
1287 1178 1293 1184 .
1323 1153 1440 1195 Longa
1465 1150 1509 1185 est
1542 1150 1609 1186 haec
1648 1152 1782 1196 quaeflio
1806 1177 1812 1183 .
1837 1151 1972 1185 Interim
2006 1151 2092 1185 lucet

1217 1204 1399 1246 praesentem
1413 1202 1569 1245 Gregorii
1590 1201 1689 1235 nostri
1706 1201 1878 1235 Canonem
1890 1202 1908 1234 a
1922 1201 2020 1235 variis
2032 1201 2093 1234 Ec-

1218 1254 1321 1287 clesiis
1343 1251 1466 1285 dudum
1491 1263 1558 1284 non
1571 1252 1664 1284 fuisse
1675 1262 1838 1294 receptum
1850 1278 1857 1284 .
1888 1248 1991 1299 Qod
2004 1261 2092 1285 nem-

1219 1302 1256 1346 pe
1267 1312 1410 1344 receptus
1422 1312 1490 1335 non
1504 1301 1608 1335 fuisset
1621 1302 1704 1334 alius
1712 1301 1780 1345 ejus
1791 1301 1910 1335 Canon
1923 1303 1963 1334 de
1975 1301 2095 1345 ubique

1219 1353 1377 1388 servando
1391 1352 1548 1388 Romano
1559 1351 1697 1387 Officio.

1714 1506 2098 1516 —ffl-..ffl

810 1594 1324 1644 CANON
1429 1595 1571 1642 XVQ.

269 1743 457 1882 DE.
489 1738 740 1812 Patriarcxha
775 1733 1044 1804 Aquilejenfi
1078 1736 1121 1783 &
1156 1728 1402 1786 Gradensi.k

466 1959 965 2005 SciroLioN.

270 2105 396 2190 DE
422 2103 485 2138 hoe
509 2101 735 2138 patriarchatu
759 2100 867 2136 scribit
896 2101 929 2135 in
943 2101 1057 2136 animae
1070 2112 1158 2145 gem·
1204 2068 1209 2143 l
1218 2101 1349 2141 lorum,
1374 2103 1419 2136 est
1434 2104 1491 2137 suo
1514 2105 1589 2137 loco
1601 2103 1876 2138 demonstratum.

1077 2154 1156 2183 Cum

393 2166 446 2189 ma
481 2154 655 2187 Honorius
690 2151 995 2195 Augustodunenfis
1031 2164 1038 2182 :

270 2205 434 2245 christiani
448 2227 458 2243 ,
483 2204 587 2236 relilla
600 2205 659 2244 lege
673 2204 753 2240 Dei,
782 2203 919 2244 Paganos
937 2200 1053 2244 spurcis
1065 2206 1153 2241 operi-

266 2254 323 2288 bus
339 2258 528 2287 imitarentur
542 2275 552 2291 ,
581 2253 759 2290 Dei-iudicio
772 2252 880 2281 traditi
888 2249 959 2292 sunt
970 2256 1000 2282 in
1011 2250 1151 2282 manibus

266 2308 428 2347 eorum,qui
443 2303 547 2335 deletis
563 2300 743 2340 Chrtstianis
748 2299 931 2341 possederunt
941 2302 1002 2333 loca
1014 2298 1147 2342 ipsorum.

266 2355 351 2389 Unde
378 2351 574 2386 antiochenus
601 2349 829 2383 patriarchatus
858 2350 897 2389 est
923 2349 1147 2391 Hierosolymam

265 2405 439 2437 translatus
453 2425 460 2432 .
490 2403 581 2434 Porro
594 2400 817 2433 Alexandrinus
829 2401 913 2441 apud
931 2401 1098 2442 Aquilejam
1110 2398 1147 2440 est

260 2453 372 2496 prfitus
386 2476 396 2492 ,
421 2459 492 2493 quta
516 2450 581 2484 huic
592 2455 711 2483 civitati
721 2451 854 2491 primum
868 2453 989 2482 Marcus
1001 2452 1147 2492 Evange-

90 2511 246 2541 1..1.:-.186.
264 2503 333 2543 lista
341 2501 485 2545 praesedit
496 2524 506 2540 ‚
520 2506 569 2542 qui
582 2501 777 2532 Alexandr-m
786 2499 912 2540 praesuit
928 2524 934 2530 .
961 2502 1146 2542 ,Quanquam

265 2555 392 2596 quidam
407 2551 583 2584 contendant
597 2573 607 2588 ,
634 2551 712 2591 quod
723 2547 964 2593 Cartbaginenfis
980 2548 1144 2591 Episcopus

264 2602 324 2636 hac
346 2601 543 2635 translatione
561 2599 690 2640 polleat.
720 2598 826 2646 Qod
851 2600 953 2641 ipsum
975 2599 1009 2632 in
1037 2598 1144 2632 suade

264 2651 483 2686 sacramentis
493 2648 704 2692 Theologica
716 2648 900 2681 eruditione
914 2647 1012 2682 habet
1023 2648 1142 2682 eisdem

265 2701 333 2736 sere
357 2701 461 2735 verbis
485 2700 592 2743 Hugo
614 2699 656 2731 de
678 2700 796 2732 saneto
812 2697 964 2731 ViCtore.
993 2698 1145 2732 Ecclesia·

264 2752 351 2786 ssicae
364 2749 566 2793 antiquitatis
578 2749 764 2792 ignorantia
780 2757 890 2781 tantos
900 2750 987 2781 viros
1007 2748 1143 2791 turpiter

263 2800 475 2845 praecipitavit
497 2824 504 2831 .
531 2799 620 2845 Qis
642 2799 730 2831 enim
761 2797 879 2831 nesciat
905 2798 1143 2840 Hierosolymae

263 2849 524 2886 Patriarchatum
537 2859 606 2881 non
617 2859 656 2880 ex
672 2849 751 2881 facia
764 2846 808 2880 ob
819 2848 992 2881 saracenos
1012 2847 1142 2882 transla-

264 2902 358 2935 tione
369 2923 378 2939 ‚
406 2899 459 2934 sed
473 2911 511 2933 ex
534 2896 751 2931 Antiochenae
764 2898 952 2931 Dioeceseos
964 2898 1075 2931 invasis
1088 2909 1142 2940 per

263 2950 507 2992 Hierosolymae
540 2948 718 2991 Episcopos
753 2946 937 2981 Provinciis
966 2946 1114 2990 incepisse
1125 2949 1141 2980 .?

264 2999 402 3034 Ostendi
421 2999 454 3032 id
467 2999 500 3031 in
512 2997 652 3032 Scholiis
671 2998 711 3031 ad
726 2996 1026 3030 Chalcedonensem
1038 2998 1143 3039 Syno-

89 2743 153 2772 T’ar.
166 2751 190 2771 ι.
201 2752 225 2773 c.

263 3050 366 3084 dum.
391 3047 504 3081 Postea
526 3057 634 3081 tamen
660 3046 812 3090 Europaei
831 3046 954 3085 nostri,
982 3047 1059 3080 dum
1071 3048 1140 3082 san·

263 3101 346 3134 &am
361 3107 478 3131 terram
490 3097 674 3140 eripuerunt
687 3096 828 3140 Paganis
838 3121 848 3137 ,
866 3095 1139 3138 Hierosolymita·

263 3159 345 3183 num
375 3145 629 3182 patriarchatum
665 3145 884 3180 Antiocheno
919 3154 1034 3179 contra
1059 3147 1141 3181 anti—

263 3208 367 3243 quum
391 3198 564 3231 Canonem
586 3197 856 3238 anteposuerunt.
884 3193 985 3242 Qod
1008 3196 1139 3231 Sanetus

263 3246 476 3292 Evangelista
488 3245 621 3278 Marcus
631 3268 641 3283 ,
655 3245 776 3286 primus
789 3244 994 3283 Alexandri-‘z
1005 3244 1138 3281 Patriar-

262 3298 325 3333 cha
345 3323 355 3339 ,
382 3307 477 3333 antea
501 3293 596 3328 fuerit
619 3294 741 3337 primus
762 3295 860 3329 etiam
882 3294 1040 3336 Aquilejae
1065 3296 1139 3340 Epi-

263 3348 397 3393 scopus,
424 3346 470 3381 est
483 3344 703 3390 quorumdam
719 3344 871 3379 traditio:
898 3344 1023 3379 Verum
1051 3346 1138 3388 quod

363 3446 468 3487 Christ.
483 3449 560 3489 Lupi
573 3449 672 3487 opera
688 3446 770 3477 T.V1.

1223 1950 1460 1988 patriarchatus
1481 1953 1538 1988 ille
1558 1955 1595 1989 fit
1620 1949 1807 1999 Aquileiam
1827 1951 1999 1989 translatus
2015 1977 2027 1995 ,
2052 1964 2102 1989 ca·-

1221 2013 1268 2037 ret
1291 2004 1385 2038 omni
1406 2005 1625 2039 fundamento
1649 2030 1656 2037 .
1683 2005 1771 2039 Vera
1798 2003 2013 2048 Aquileiensis
2041 2004 2114 2045 Pa-¹¹

1220 2052 1412 2088 triarchatus
1434 2055 1567 2089 exordia
1582 2055 1673 2089 fuisse
1694 2052 1832 2089 schisma
1851 2056 1950 2090 trium
1963 2055 2100 2098 Capitu-

1905 2103 1997 2151 Qid
2010 2105 2097 2139 inter

1201 2145 1307 2195 fhunc
1330 2152 1364 2185 δε
1376 2152 1577 2188 Gradensem
1595 2153 1780 2196 quaestionis
1795 2154 1937 2186 fueritin
1950 2155 2096 2196 praesenti

1216 2199 1353 2242 Synodo
1367 2226 1377 2241 ,
1405 2203 1544 2247 ignoro.
1569 2202 1717 2248 Qidam
1742 2202 1932 2237 existimant
1950 2202 2096 2239 &Leone

1218 2261 1309 2284 nono
1321 2250 1435 2285 fat‘tam
1458 2252 1628 2285 Gradensis
1639 2250 1880 2286 patriarchatus
1890 2252 1930 2286 ad
1942 2253 2094 2289 Venetos

1214 2300 1461 2336 translationem
1473 2302 1567 2336 fuisse
1579 2300 1633 2335 hic
1643 2303 1990 2346 confirmatamlpsam
1999 2303 2092 2339 enim

1212 2350 1311 2383 etiam
1338 2351 1374 2384 in
1400 2352 1584 2386 Mantuana
1607 2351 1745 2395 synodo
1765 2352 1857 2386 fuisse
1876 2353 2037 2388 firmatam
2048 2354 2091 2389 ab

1212 2399 1405 2435 Alexandro
1418 2401 1515 2435 tertio
1527 2401 1679 2440 ,affirmat
1694 2402 1727 2435 in
1739 2401 1944 2437 Venetorum
1956 2403 2090 2439 historia

1210 2449 1359 2488 Andreas
1381 2451 1578 2486 Dandulus.
1607 2452 1651 2485 Et
1670 2450 1745 2485 sane
1772 2452 1806 2486 in
1832 2452 1946 2488 litteris
1965 2453 2005 2488 ad
2022 2454 2089 2488 Mi-

1206 2497 1352 2534 chaelem
1395 2500 1628 2545 Imperatorem
1676 2501 2086 2547 Constantinopolitanum
2106 2509 2255 2548 [.1.Epist.

1207 2549 1389 2594 Gregorius
1411 2551 1520 2586 noster
1543 2551 1653 2586 laudat
1666 2555 1851 2586 Dominicum
1875 2554 2087 2588 patriarcham
2111 2555 2151 2581 ¹8-

1206 2602 1337 2633 Venetia·
1349 2625 1356 2632 .
1386 2601 1429 2634 Et
1441 2600 1622 2644 Stephanus
1637 2601 1790 2636 Baluzius
1798 2603 1978 2645 publicavit
1990 2604 2087 2641 Late-

1206 2650 1374 2683 ranensem
1398 2650 1562 2685 Paschalis
1580 2652 1711 2685 secundi
1731 2652 1925 2694 Synodum‚
1950 2655 2086 2691 cuisub-

1207 2698 1326 2742 scripsit
1340 2702 1486 2742 Joannes
1510 2700 1690 2734 Patriarcba
1715 2705 1885 2737 Veneticus.
1916 2703 2004 2738 Etin
2017 2717 2085 2741 ma-

1203 2759 1275 2792 gno
1300 2748 1408 2793 Belgii
1436 2749 1608 2784 Chronico
1634 2751 2083 2799 HonoriisecundiLegatus
2099 2739 2233 2776 F⁰¹‘¹5⁴'

1204 2798 1341 2841 deponit
1354 2799 1437 2833 duos
1447 2799 1668 2840 patriarchas,
1693 2800 1935 2845 Aquilejensem
1947 2828 1959 2845 ,
1984 2805 2082 2840 &Ve-

1206 2858 1328 2887 nemm,
1354 2855 1404 2891 qui
1430 2851 1464 2883 Θ
1486 2849 1645 2891 Gradenfis
1658 2860 1862 2893 nuncupatur.
1888 2853 1932 2888 Et
1943 2855 1978 2888 in
1991 2855 2080 2900 Sige-

1205 2897 1285 2931 berti
1301 2898 1541 2933 Gemblacenfis
1553 2901 1779 2943 supplemento
1792 2902 1903 2937 scribit
1914 2904 2078 2939 Robertus

1205 2946 1317 2981 Abbas
1329 2948 1529 2983 Montensis:
1556 2952 1699 2984 Dominus
1713 2955 1802 2994 Papa
1825 2954 2015 2994 Alexander,
2043 2957 2078 2989 &¹
2094 2973 2119 3002 Α
2142 2982 2171 3003 n

1204 2998 1378 3031 Fra-tiericus
1402 3003 1566 3041 Imperator
1589 3004 1741 3034 Romanus
1755 3023 1764 3039 ‚
1789 3002 2032 3046 concordatisunt
2043 3010 2077 3037 in
2122 2993 2127 3000 ¹
2178 2984 2223 3008 ⁷⁷⁵

1203 3053 1325 3081 civItate
1352 3052 1503 3087 Venetiae,
1535 3055 1567 3082 in
1587 3052 1670 3082 domo
1691 3051 1871 3084 patriarcha
1896 3051 1982 3093 ipsius
2003 3059 2077 3088 civi-

1202 3103 1293 3130 tatis.
1321 3098 1402 3131 Haec
1415 3109 1494 3143 ergo
1507 3100 1676 3134 translatio
1687 3100 1730 3133 est
1746 3099 1849 3134 lucida
1861 3126 1872 3141 ‚
1899 3102 2011 3137 verum
2031 3115 2074 3138 an

1201 3147 1233 3180 &
1253 3146 1307 3180 hic
1328 3148 1422 3181 fuerit
1443 3150 1599 3189 tractata,
1625 3148 1740 3183 haerere
1754 3161 1804 3183 me
1815 3150 1894 3184 facit
1916 3154 2074 3196 praesentis

1202 3197 1351 3230 Canonis
1370 3199 1621 3240 compendium.
1648 3200 1802 3233 Affirmat
1819 3199 1908 3233 enim
1937 3214 2004 3236 non
2026 3203 2076 3237 in-

1201 3255 1248 3280 ter
1264 3246 1426 3280 Venetam
1437 3250 1469 3282 &
1483 3249 1681 3283 Gradensem
1692 3249 1860 3284 civitatem
1870 3274 1881 3290 ‚
1908 3251 1962 3285 sed
1989 3252 2072 3286 inter

1202 3295 1443 3339 Aquilejensem
1465 3298 1498 3332 &
1521 3298 1720 3333 Gradensem
1752 3298 1953 3335 patriarchas
1978 3302 2071 3336 fuisse

1202 3345 1327 3390 aliquid
1350 3346 1550 3391 quaestionis.

1546 3448 1577 3482 K

1628 3460 1650 3485 2
1846 3448 2017 3484 CANON
