2372 3756
40 803 43 806 ,
72 782 136 806 (Ἢζ).
150 784 159 802 1
170 792 177 800 0

619 122 915 156 seruiium
949 107 1270 152 ROMANUM
1305 105 1675 166 CoNeuwM.
1888 126 1986 173 227

226 203 337 238 tinum
360 194 555 233 Cromerum
588 195 826 229 Warmiensem
851 192 1048 236 Episcopum
1074 189 1109 223 in
1180 187 1291 222 laudat
1304 188 1338 221 in
1350 187 1523 222 Canonica
1533 190 1573 223 ad
1586 191 1795 228 Belluacenfis
1806 194 1953 230 Ecclefiae
1975 195 2051 233 Cle.

228 251 388 295 vigesimo
400 249 518 291 quinto
529 245 612 281 libro
626 245 668 280 de
681 245 776 279 rebus
787 244 1003 278 Polonorum.
1029 241 1110 274 Haec
1179 249 1249 272 rum
1275 239 1308 272 &
1319 240 1478 282 populum
1494 239 1639 281 Epistola
1661 242 1862 278 Hincmarus
1881 245 2052 289 Metropo-

228 300 383 336 Ecclefiae
405 299 534 333 libertas
555 295 618 331 fuit
640 294 781 329 omuino
803 293 925 339 digna,
951 303 986 326 ut
1011 290 1055 325 ob
1068 291 1115 333 ip·
1180 289 1236 322 lita
1263 288 1429 323 Remenfis
1443 302 1454 322 .·
1483 287 1665 331 Praenoscere
1675 302 1728 322 vos
1740 295 1822 332 volo,
1848 296 2052 340 qutqfiperso.

229 352 298 386 sam
323 350 432 384 noster
443 348 621 393 Gregorius
637 343 972 380 excommunicaverit
992 340 1114 375 Henri-
1178 350 1247 372 nam
1258 340 1279 371 ἃ
1285 337 1381 383 sacris
1395 339 1566 373 canonibus
1577 341 1696 372 deviam
1707 338 1832 381 scienter
1854 345 1934 377 nobls
1957 348 2051 381 adda.

228 412 305 436 cum
320 402 548 444 Imperatorem
563 422 574 438 ,
599 398 634 431 &
648 389 714 440 ipse
734 395 805 439 post
825 392 1005 428 duriffimas
1029 390 1113 426 cala·
1179 393 1284 423 xeritis
1297 415 1308 430 ,
1335 401 1391 422 non
1410 388 1503 433 solam
1515 396 1558 423 ex*
1573 402 1608 423 ea
1620 389 1787 431 Pomfi-em
1806 402 1862 423 non
1883 393 2050 440 habfbms,

228 453 360 485 mitates
371 451 408 484 fit
430 452 465 483 in
477 448 578 483 exilio
598 447 767 481 desanaus
779 470 787 477 .
1177 440 1280 473 verum
1294 446 1385 474 etiam
1392 449 1448 482 pro
1459 442 1564 473 illicita
1576 439 1709 474 elellione
1728 449 1761 472 ut
1771 449 1975 482 contemptores
1991 451 2050 481 ca.

282 500 438 546 Eligendi
466 499 514 532 vel
534 495 751 532 confirmandi
777 494 827 537 jus
837 493 882 528 ob
904 493 961 527 fixi
985 491 1112 526 {sacris
1175 501 1282 522 nonum
1288 492 1435 532 judicium
1446 496 1624 524 incurretis.
1650 491 1713 524 sed
1735 490 1869 530 &nostro
1893 494 1927 525 (9⁶
1951 498 2050 537 σοφι-

233 550 429 584 canonibus
442 549 596 593 temporis
614 547 734 589 lapsum
748 568 759 584 ,
787 545 837 578 vel
850 544 894 579 ob
904 541 1111 578 datumindi-
1168 537 1317 582 scaporum
1341 540 1493 581 nostrorum
1508 543 1623 582 judicio
1644 540 1777 582 refutata
1802 541 1935 575 eleAEione
1953 544 2050 584 vestra

231 610 301 643 gno
314 599 501 644 suffragium
513 597 644 632 devolvi
665 596 705 629 ad
730 595 928 638 superiorem
941 592 1110 626 Praelatum
1174 595 1330 633 incongrua
1349 616 1360 631 ,
1396 592 1486 624 talem
1505 590 1665 635 secundam
1690 589 1882 632 Laodicenses
1910 596 2047 628 Canones

230 649 276 683 est
294 652 429 693 antiqua
452 649 598 694 Regula.
625 644 757 680 Etenim
782 646 816 678 in
837 643 966 678 novella
987 642 1027 675 ad
1053 641 1109 675 Pe·
1167 639 1348 679 studebimus
1367 642 1489 684 eligere,
1515 647 1564 684 qul
1587 640 1690 681 vestris
1714 641 1825 684 vitiofis
1847 643 2049 678 voluntatibus

230 707 317 734 trum
329 701 525 736 Officiorum
538 696 734 741 Magistrum
756 695 828 740 lege
842 693 950 728 scribit
973 693 1109 734 Impera·
1173 700 1229 722 non
1242 693 1344 724 valeat
1352 690 1512 734 consentire
1524 717 1531 725 .
1560 691 1677 724 Exstat
1692 690 1835 734 Epistola
1857 693 1941 735 apud
1956 694 2052 737 Jaco-

73 734 212 771 I‘eg·¹²3'
231 758 284 784 tor
308 751 507 793 Justinianus
519 762 530 781 .·
557 749 588 780 51·
599 752 650 789 qui
673 744 782 779 debent
795 744 899 788 eligere
910 740 1087 785 Episcopum
1096 766 1107 783 ,
1173 738 1250 773 bum
1263 741 1470 777 Sirmondum
1481 742 1514 776 in
1529 741 1642 777 Galliae
1653 741 1816 776 Conciliis
1825 741 1907 776 inter
1919 743 2053 787 Episco-

231 800 314 833 citiits
334 797 400 840 ipsit
425 802 549 830 Decreta
572 801 655 829 intra
677 794 735 838 sex
755 792 866 838 menses
887 801 944 826 non
963 791 1108 834 faciant,
1173 790 1295 833 palium
1319 792 1565 835 promotionum
1586 792 1761 827 formulas.
1789 790 1913 825 Eadem
1938 793 1979 826 de
1992 806 2050 836 re,

230 858 301 881 tunc
310 848 574 889 periculopropriae
589 850 699 878 animae
712 844 762 877 ille
772 868 782 884 ‚
810 854 896 886 quem
906 847 1041 884 competit
1063 854 1107 875 or·
1172 851 1209 873 ac
1220 840 1261 874 de
1272 834 1388 876 eisdem
1402 842 1501 877 Clero
1528 844 1562 877 ἀ
1575 843 1714 886 populo,
1741 841 1797 887 qui
1812 842 1998 886 imperitum
2010 855 2049 879 ac

230 899 336 932 dinare
352 895 529 940 Episcopum
540 920 550 936 ,
576 896 692 928 ordinet
707 918 713 924 .
744 894 856 940 Quam
869 893 976 938 legem
998 890 1107 926 laudat
1172 891 1356 932 improbum
1367 893 1592 928 Fromondum
1602 893 1765 938 elegeraut
1778 893 1812 926 in
1826 894 2023 936 Episcopum
2035 919 2048 936 ,

231 947 266 982 in
295 948 435 981 Nomo-
448 946 589 980 canone
615 944 773 978 Photius.
800 942 839 976 ln
863 945 926 979 suis
941 941 982 977 ad
1005 943 1107 986 ipsum
1172 939 1281 974 scribit
1304 952 1378 976 cum
1398 944 1544 977 universa
1559 943 1645 988 apud
1657 945 1806 978 Sanetam
1818 943 1966 977 Macram
1988 945 2047 987 Sy-

230 995 531 1031 notisTheodorus
553 995 730 1028 Balsamon
752 993 844 1027 addit
865 993 981 1028 dictam
1002 992 1108 1037 legem
1173 989 1263 1023 nodo
1284 990 1371 1025 idem
1396 993 1617 1028 Hincrnarus:
1639 994 1843 1027 Perdiderunt
1862 993 2045 1036 clemonem,

231 1059 298 1081 non
311 1046 473 1081 contineri
490 1048 523 1079 in
539 1045 681 1080 Bafilicis
693 1068 703 1085 ‚
731 1043 822 1078 addit
841 1052 949 1077 tamen
973 1043 1110 1077 innova·
1165 1039 1236 1081 ficut
1247 1040 1386 1084 ostenfiam
1395 1042 1432 1082 est
1449 1044 1510 1077 illis
1524 1049 1556 1075 in
1566 1045 1673 1082 synodo
1685 1068 1695 1083 ,
1723 1046 1756 1077 (9⁹
1761 1051 1817 1085 per
1823 1041 1928 1085 sacras
1950 1047 2048 1088 Regu·
2063 1045 2116 1083 Epi
2132 1055 2176 1076 η.

229 1107 298 1131 tam
323 1097 358 1130 &
378 1096 603 1131 confirmatam
626 1097 644 1129 ὲ
658 1092 1027 1137 Constantinopolitano
1048 1091 1107 1126 Pa·
1171 1090 1218 1122 las
1247 1103 1303 1124 non
1325 1093 1444 1125 ulterius
1465 1093 1600 1133 illorum,
1620 1092 1678 1135 sed
1697 1091 1909 1136 Episcoporum
1933 1093 1984 1136 effe
1994 1094 2047 1127 ele·
2062 1096 2090 1118 C·
2110 1089 2138 1116 ⁶·

228 1145 367 1180 triarcba
389 1145 559 1180 Michaele
572 1144 764 1184 emulatio,
789 1153 887 1186 atque
909 1142 1048 1176 eundem
1071 1143 1104 1175 in
1172 1140 1312 1180 Hmnem,
1337 1152 1427 1183 quam
1454 1154 1512 1174 non
1527 1147 1642 1183 praeire
1657 1141 1789 1184 scirent,
1810 1143 1870 1185 [ἑά
1885 1142 2046 1186 subsequi,

227 1198 356 1230 sensum
377 1196 468 1230 fuisse
489 1196 733 1238 interpretatum
751 1194 939 1237 vigesimum
953 1193 1104 1236 quintum
1172 1191 1205 1223 δ’
1217 1202 1274 1223 non
1282 1189 1315 1233 fi·
1327 1191 1365 1223 ab
1374 1202 1409 1224 ea
1420 1191 1521 1224 debere
1534 1192 1683 1226 excidere.
1709 1194 1754 1224 Et
1764 1203 1843 1226 nunc
1862 1203 1962 1226 contra
1986 1197 2047 1227 Re-

227 1246 403 1281 Canonem
425 1238 726 1280 chalcedonensem
748 1268 755 1274 .
782 1242 907 1277 Verum
931 1241 984 1276 hic
1006 1241 1108 1286 negli·
1166 1242 1254 1283 gulas
1278 1242 1399 1285 &leges
1407 1240 1471 1282 fine
1490 1240 1641 1282 Vist‘tatore
1656 1240 1908 1284 praesumpsbrunt
1932 1243 2045 1277 elemo-

227 1301 360 1340 gentem
372 1295 624 1339 Metropolitam
637 1295 808 1328 dumtaxat
821 1292 1017 1334 correptioni
1040 1291 1109 1325 sub-
1171 1302 1253 1323 nem.
1282 1289 1430 1325 Verbum
1441 1313 1452 1330 ‚
1477 1293 1589 1325 Scirem
1598 1315 1609 1332 ,
1630 1299 1686 1325 aut
1697 1290 1785 1325 aliud
1801 1291 1903 1325 fimile
1915 1293 1960 1326 est
1973 1304 2046 1333 om-

227 1345 319 1388 jicit,
346 1358 413 1380 non
426 1346 577 1379 meminit
587 1344 826 1379 devolutionis.
854 1342 1026 1388 Qidquid
1049 1342 1106 1382 fit,
1171 1340 1252 1374 nine>
1273 1340 1507 1385 supplendum·
1532 1342 1636 1375 Hunc
1656 1352 1735 1386 ergo
1745 1341 1919 1387 antiquum
1933 1340 2045 1377 Cano·

229 1395 334 1439 legem
356 1397 444 1430 suam
471 1395 648 1438 Imperator
662 1394 860 1436 Iustinianus
886 1392 1026 1424 omnino
1051 1391 1104 1426 de·
1149 1387 1244 1458 'nem
1255 1390 1308 1425 hic
1319 1393 1458 1426 innovat
1473 1391 1580 1426 noster
1593 1387 1773 1437 Gregorius
1785 1415 1793 1426 .

228 1444 358 1490 sumpsit
382 1457 422 1480 ex
447 1445 558 1489 aliquo
582 1442 739 1478 anteriori
763 1443 923 1477 Canone-
952 1427 1127 1477 Eundeml

70 815 210 850 ’.!“it.9.c.¹v

396 1636 1028 1752 Excommunicatio
1069 1637 1283 1744 Regis
1341 1635 1876 1720 HENRICI.
1948 1607 1953 1612 N
2010 1617 2015 1622 ’

342 1808 451 1852 Eate
485 1807 613 1852 Petre
638 1803 855 1868 Princeps
888 1799 1226 1868 Apostolorum,
1261 1803 1304 1848 &
1339 1814 1389 1849 tu
1423 1806 1557 1851 Beate
1582 1802 1716 1850 Paule
1741 1805 1912 1851 Doeitor
1938 1821 2052 1866 gen-

226 1805 340 1940 B
376 1871 484 1923 tium
520 1908 534 1933 ‚
569 1870 810 1935 dignamini
843 1907 857 1932 ‚
893 1868 1038 1937 quaeso
1069 1907 1082 1930 ‚
1119 1887 1245 1918 aures
1276 1869 1432 1919 vestras
1467 1870 1524 1920 ad
1559 1889 1629 1921 me
1665 1873 1878 1921 inclinare
1909 1908 1922 1933 ,
1957 1892 2051 1923 me-

225 1962 313 2012 que
349 1945 589 1993 clementer
625 1940 826 1992 exaudire
858 1976 872 1988 .
925 1943 1056 2011 Qia·
1078 1942 1278 1990 veritatis
1317 1940 1416 1989 estis
1452 1941 1669 2010 Discipuli
1704 1947 1748 1991 δε
1785 1949 2051 2004 Amatores,

225 2014 426 2079 adjuvate
461 2050 475 2073 ,
509 2028 558 2061 ut
592 2016 818 2061 veritatem
855 2010 980 2059 vobis
1015 2010 1163 2059 dicam
1198 2046 1211 2070 ‚
1248 2013 1370 2059 omni
1406 2028 1571 2061 remota
1607 2012 1792 2062 falsitate
1821 2040 1833 2074 5
1869 2031 2051 2080 quarm„

226 2084 408 2133 omnino
443 2081 741 2139 detestamini,
780 2094 829 2128 ut
855 2083 1026 2129 Fratres
1054 2082 1143 2128 mei
1170 2080 1323 2128 melius
1349 2082 1456 2129 mihi
1478 2082 1755 2148 acquiescant
1773 2120 1786 2144 ‚
1823 2089 1866 2132 ὅτ.
1893 2083 2049 2144 sciant,

225 2158 268 2203 &
304 2154 551 2215 intelligant
586 2188 599 2212 ‚
634 2154 738 2218 quia
775 2169 829 2200 ex
865 2149 1002 2200 vestra
1035 2148 1193 2197 fiducia
1228 2150 1324 2216 post
1360 2154 1601 2199 Dominum
1652 2157 1694 2201 δε
1728 2159 1917 2201 Matrem
1953 2159 2047 2219 ejus

223 2218 389 2290 semper
424 2224 652 2283 Virginem
688 2228 880 2269 MARIAM
914 2221 1058 2288 pravis
1092 2224 1135 2268 &
1170 2222 1332 2286 iniquis
1366 2221 1539 2281 resisto,
1573 2222 1722 2270 vestris
1757 2238 1902 2271 autem
1937 2222 2045 2273 fide-

223 2293 338 2342 libus
372 2287 580 2341 auxilium
615 2290 790 2358 praesto.
827 2295 920 2339 Vos
954 2292 1073 2339 enim
1110 2289 1260 2349 scitis,
1300 2293 1405 2357 quia
1440 2309 1550 2346 non.
1566 2291 1750 2341 libenter
1787 2291 1844 2340 ad
1878 2291 2042 2342 sacrum

224 2362 441 2412 Ordinem
476 2360 630 2411 accessi
666 2397 679 2421 ,
716 2365 758 2410 &
793 2362 956 2409 invitus
991 2361 1104 2408 ultra
1139 2367 1315 2408 Montes
1348 2379 1446 2409 cum
1485 2363 1682 2410 Domino
1717 2365 1834 2430 Papa
1871 2365 2042 2427 Grego-

225 2436 290 2481 rio
327 2432 416 2480 abii
450 2468 463 2492 ‚
511 2430 582 2481 sed
629 2434 766 2495 magis
802 2433 966 2479 invitus
1001 2447 1098 2477 cum
1153 2431 1352 2479 Domino
1387 2448 1488 2480 meo
1535 2436 1654 2500 Papa
1690 2436 1838 2482 Leone
1874 2432 1930 2482 ad
1965 2452 2043 2484 ve-

225 2502 352 2550 stram
389 2500 615 2568 specialem
664 2501 898 2550 Ecclesiam
935 2499 1043 2550 redii
1077 2536 1091 2560 ,
1150 2502 1196 2549 in
1232 2518 1321 2566 qua
1357 2516 1593 2567 utcumque
1627 2501 1754 2552 vobis
1790 2501 1998 2554 deservivi
2026 2540 2039 2551 .

226 2571 403 2620 Deinde
436 2569 565 2621 valde
601 2573 759 2619 invitus
794 2608 806 2631 ‚
842 2588 942 2618 cum
978 2571 1119 2618 multo
1152 2570 1303 2620 dolore
1338 2607 1350 2630 ‚
1387 2576 1429 2620 δε
1464 2575 1629 2634 gemitu
1663 2589 1714 2621 ac
1748 2574 1919 2640 planctu
1946 2610 1959 2633 ‚
1994 2576 2041 2623 in

224 2642 387 2692 throno
419 2641 561 2692 vestro
593 2640 721 2690 valde
757 2639 957 2704 indignus
992 2639 1081 2688 sum
1117 2642 1383 2691 collocatus.

295 2718 401 2762 Haec
436 2711 537 2760 ideo
572 2711 675 2761 dico
697 2748 710 2771 ‚
746 2713 852 2777 quia
887 2728 974 2759 non
1007 2728 1090 2773 ego
1123 2728 1202 2760 vos
1226 2747 1239 2771 ‚
1273 2709 1347 2759 sed
1383 2728 1465 2760 vos
1501 2712 1686 2774 elegistis
1720 2731 1791 2762 me
1818 2750 1832 2774 ,
1867 2718 1910 2762 &
1944 2730 2041 2775 gra-

225 2783 438 2833 vissimum
464 2780 631 2849 pondus
659 2781 802 2831 vestrae
829 2780 1033 2830 Ecclefiae
1059 2779 1181 2848 supra
1198 2799 1265 2829 me
1292 2779 1513 2848 posuistis.
1550 2787 1608 2832 Et
1633 2782 1885 2851 quia-super
1915 2801 2038 2832 mon-

225 2868 315 2902 tem
343 2850 554 2903 excelsum
576 2851 740 2918 juffistis
767 2869 835 2900 me
861 2850 1143 2912 adscendere,
1181 2856 1223 2900 &
1246 2852 1431 2900 clamare
1456 2867 1590 2919 atque
1618 2857 1871 2904 annuntiare
1897 2872 2037 2921 popu-

224 2923 271 2971 lo
298 2926 386 2972 Dei
411 2922 569 2972 scelera
601 2940 749 2972 eorum
782 2959 795 2982 ,
830 2926 873 2970 δε
909 2921 1009 2970 filiis
1037 2922 1231 2971 Ecclefiae
1269 2938 1451 2988 peccata
1485 2940 1632 2973 eorum
1652 2957 1667 2981 ,
1706 2924 1898 2974 membra
1916 2927 2036 2979 ¹Dia-

225 2992 320 3041 boli
342 3008 493 3041 contra
511 3011 586 3042 me
613 3008 839 3061 coeperunt
868 2990 1079 3055 insurgere
1099 3029 1112 3053 ‚
1148 2997 1190 3041 δε
1217 2991 1349 3057 usque
1374 2992 1430 3042 ad
1469 2995 1717 3056 sanguinem
1760 2992 2032 3062 praesumpse-

224 3078 327 3111 runt
353 3064 399 3110 in
423 3080 492 3111 me
520 3079 669 3112 manus
696 3062 787 3112 suas
812 3064 1014 3126 injicere.
1050 3061 1317 3113 Adstiterunt
1343 3066 1459 3113 enim
1485 3067 1630 3127 Reges
1656 3079 1804 3123 terrae,
1839 3068 1882 3112 &
1913 3066 2032 3112 Prin-

221 3135 342 3199 cipes
369 3130 610 3193 saeculareS‚
644 3138 687 3182 δε
711 3133 1020 3194 Ecclesiastici‚
1056 3137 1098 3181 δε
1123 3135 1269 3181 Aulici
1293 3172 1305 3195 ‚
1341 3138 1384 3183 &
1423 3135 1636 3197 Vulgares
1663 3149 1958 3184 convenerunt
1984 3135 2030 3182 in

223 3219 355 3253 unum
394 3201 617 3251 adversum
655 3205 898 3252 Dominum
922 3240 934 3264 ‚
969 3207 1012 3252 &
1036 3202 1261 3253 adversum
1301 3222 1376 3253 vos
1399 3205 1592 3254 Christos
1617 3208 1708 3268 ejus
1734 3241 1746 3263 ,
1787 3202 1984 3258 dicentes
2017 3223 2029 3251 :

221 3276 534 3341 Dirumpamus
558 3273 730 3322 vincula
753 3286 899 3322 eorum
933 3278 976 3322 ἅν,
1000 3276 1275 3341 projiciamus
1311 3274 1335 3323 a
1375 3276 1498 3323 nobis
1522 3278 1668 3338 jugum
1699 3273 1884 3341 ipsorum
1916 3307 1929 3318 .
1971 3276 2029 3321 Et

195 3359 198 3362 ’
220 3360 271 3392 ut
295 3361 365 3392 me
389 3341 572 3393 omnino
596 3359 765 3404 morte,
798 3345 870 3393 vel
894 3345 1024 3393 exilio
1048 3344 1383 3406 confunderent,
1411 3347 1558 3394 multis
1588 3343 1729 3394 modis
1756 3346 1908 3394 conati
1935 3341 2030 3391 sunt

221 3415 267 3462 in
293 3430 362 3464 me
391 3413 607 3477 insurgere
623 3449 635 3460 .
1845 3420 1963 3463 Inter
