2372 3756
30 537 43 553 ἱ

87 325 206 404 {¹15²}-
262 360 300 382 ne
312 349 480 390 Monaaerii
501 358 593 388 neque
606 343 783 387 Episcopum
797 367 807 382 ,
835 352 926 383 neque
940 344 970 372 E
974 340 1147 381 cclefiastico-

262 409 328 432 rum
348 404 516 441 quempiam
535 397 718 428 decernimus
736 395 871 434 aliquam
889 390 997 423 habere
1018 392 1144 431 potesta-

259 461 322 483 tem
334 475 341 482 .
371 450 402 483 A
417 447 548 492 Vigilio
563 445 727 479 Ponti-fico
748 443 857 475 datam
872 439 1050 473 Arelatensi
1072 440 1144 473 Mo-

259 499 401 533 nasterio
414 498 546 532 liberam
561 495 724 530 bono-rum
738 490 1056 524 administrationem
1068 501 1145 524 con-

84 551 240 586 Lib.7.ind.
258 552 370 584 firmat
397 549 432 582 in
446 549 559 581 litteris
581 545 618 579 ad
634 541 816 585 Virgilium
839 540 911 573 istic
924 541 1142 582 Episcopum,

87 594 236 630 *BP-1171
259 599 462 642 mandatque
474 596 595 630 nullius
609 591 855 637 praesumptione
869 589 990 623 turbari
1005 615 1011 621 .
1040 589 1143 636 Qod

615 169 939 214 ‘QJINTUM
976 154 1291 199 Romnum
1326 151 1713 200 CONCILIUM.

262 247 375 282 filiensi
404 245 710 280 Sanffimonialium
740 242 945 276 Monasserio
971 241 1079 275 scribit
1107 242 1146 275 ad

262 298 454 341 Respestam
468 296 671 330 Abbatissam
687 308 693 326 :
720 298 757 326 In
780 292 866 327 rebus
879 292 934 325 vel
942 297 974 323 in
991 290 1147 333 dispofitio-

259 650 368 693 ipsum
406 645 612 692 privilegium
638 639 726 675 dedit
762 641 794 675 ὅ(
821 639 892 673 aliis
918 639 1142 673 Monasteriis.

258 702 434 736 Dederunt
456 698 490 731 δε
502 695 559 728 alii
573 691 752 727 Pontifices
766 715 776 730 ‚
804 689 1029 732 Metropolitae
1040 688 1117 722 item
1130 714 1140 729 ,

257 762 358 794 utque
381 744 533 791 Episcopi
558 768 566 775 .
595 743 643 776 lta
663 739 852 775 Turonensi
875 740 978 773 Sanffi
1002 739 1140 772 Martini

260 797 467 834 Monasterio
488 792 690 827 Monachum
710 789 898 829 libertatem,
927 790 961 821 id
980 787 1017 827 est
1036 813 1046 828 ‚
1074 789 1141 822 libe-

255 860 328 883 ram
348 844 541 891 dispensandi
562 845 713 876 licentiam
735 838 824 873 dedit
847 838 1038 875 Crotbertus
1063 839 1141 882 ejus-

258 902 334 933 dem
355 896 500 932 civitatis
524 890 815 934 Archiepiscopus‚
842 889 1009 932 ipsamque
1032 888 1139 923 Adeo·

259 952 353 983 datus
381 947 536 981 Pontifex
562 941 770 977 confirmavit
792 964 800 972 .
829 938 871 971 Et
898 939 932 971 in
960 937 1140 979 libertatis,

258 994 556 1045 quamCorbejensi
583 990 788 1026 Monasterio
809 989 899 1022 dedit
914 987 1139 1022 Berthefridus

211 1054 213 1056 ’
258 1046 487 1084 Ambianensis
512 1044 713 1087 Episcopus,
742 1039 911 1083 privilegio
933 1038 997 1072 haec
1010 1039 1138 1080 posuit:

69 1664 156 1692 Tom.
174 1674 205 1692 2.

73 1703 183 1739 Cap-1.
199 1714 228 1732 z.

70 1856 147 1886 Cau.
164 1867 210 1893 fu,

259 1099 424 1144 ,Quidquid
444 1096 554 1128 ibidem
579 1091 717 1132 offertur,
740 1088 929 1131 ipfiAbbates
942 1090 994 1121 vel
1002 1086 1139 1120 Monacbi

254 1148 366 1192 absque
387 1150 597 1180 contrarietate
620 1166 632 1181 ,
656 1141 708 1174 vel
726 1145 896 1181 repetitione
927 1136 1137 1180 Episcoporum

257 1200 350 1233 libere
355 1198 534 1241 poffideant.
562 1192 673 1237 Qam
687 1188 927 1224 concessionem
939 1189 1049 1232 vigere
1059 1188 1137 1221 dicit

256 1251 357 1283 etiam
382 1249 416 1280 in
444 1243 648 1279 Monasterio
675 1239 862 1284 Agaunensi
891 1263 901 1277 ‚
942 1238 1107 1271 Lerinensi
1125 1263 1136 1278 ,

256 1296 467 1335 Cabilonensi
499 1320 510 1336 ,
534 1305 571 1327 ac
598 1290 788 1326 Lexoviensi
815 1313 821 1319 .
859 1288 1003 1327 Eandem
1031 1287 1138 1321 Sanffl

253 1349 414 1391 Dionysii
426 1342 633 1379 Monastetio
653 1340 733 1377 fecit
748 1337 950 1375 Landericus
964 1336 1140 1379 Episcopus

254 1395 454 1433 Parifienfis.
486 1393 624 1427 Exstant
647 1390 860 1422 instrumenta
873 1389 906 1420 in
922 1386 1035 1420 Gallia:
1050 1387 1138 1420 Con-

251 1450 343 1482 ciliis
353 1445 438 1490 apud
463 1441 619 1486 jacobum
633 1438 863 1472 Sirtnondum.v
887 1436 1026 1475 Simile,
1050 1436 1137 1479 quod

252 1499 317 1531 suo
343 1495 385 1530 ad
419 1492 571 1528 sanetum
612 1487 801 1530 Remigium
831 1485 1034 1519 Monasterio
1062 1486 1138 1519 fecit

253 1546 411 1579 Aldricus
436 1537 631 1576 senonensis
669 1535 941 1578 Archiepiscopus
969 1559 979 1575 ,
1014 1535 1138 1578 privile-

252 1597 348 1641 gium
372 1604 474 1637 nuper
497 1587 675 1634 publicavit
697 1587 732 1620 in
754 1585 930 1631 Spicilegio
955 1585 1061 1623 Lucas
1073 1586 1137 1623 Da-

247 1645 399 1680 cberius-
431 1639 620 1676 Eorundem
645 1636 893 1681 privilegiorum
919 1638 1074 1673 formulas
1086 1638 1140 1673 ha·

249 1695 312 1731 bes
335 1693 420 1739 apud
442 1687 647 1725 Monachum
669 1686 901 1730 Marculphum
923 1713 929 1719 .
961 1689 1048 1722 Data
1071 1688 1138 1724 fue·

248 1757 330 1780 :runt
350 1742 499 1778 adversus
520 1738 736 1785 quorumdam
750 1736 985 1781 Episcoporum
1013 1739 1045 1771 in
1059 1738 1136 1773 Mo-

246 1795 391 1829 nasteria
402 1792 615 1830 violentiam,
636 1788 676 1823 de
690 1800 752 1832 qua
763 1799 915 1833 quartum
928 1787 1134 1823 Toletanum

245 1845 448 1881 Concilium
475 1854 482 1874 :
521 1845 706 1874 Nuntiatum
740 1838 776 1879 est
803 1836 946 1881 praesenti
982 1841 1132 1879 Concilio,

244 1896 332 1939 quod
347 1891 481 1927 Monacbi
492 1888 663 1934 Episcopali
674 1894 795 1930 imperio
800 1887 907 1930 servili
928 1894 1008 1930 operi
1020 1896 1131 1923 manci-

244 1936 378 1988 ¹peritur,
404 1945 438 1977 (5
441 1945 517 1984 jura
529 1939 766 1981 Monasteriorum
789 1948 891 1971 contra
919 1938 1060 1979 Instituta
1071 1943 1130 1972 Ca-

237 2007 359 2030 ·monum
373 1995 478 2027 illicita
497 1991 727 2034 praesumptione
750 1986 946 2032 usurpentur,
975 1995 1021 2021 ita
1042 1998 1074 2021 ut
1082 1997 1131 2031 pe-

246 2049 288 2080 m*
310 2048 346 2077 de
367 2042 500 2077 Coenobio
519 2041 635 2084 posseffio
657 2040 712 2082 fiat
738 2063 748 2077 ‚
783 2048 873 2080 atque
898 2038 1015 2077 illustris
1036 2045 1131 2084 portio

249 2094 360 2132 Christi
381 2094 422 2124 ad
443 2096 633 2134 ignominiam
660 2113 669 2127 ‚
693 2087 926 2129 servitutemque
947 2095 1127 2130 perveniat.

251 2148 443 2188 ,Quapropter
463 2150 609 2173 monemus
633 2149 679 2170 eos
707 2161 718 2176 ‚
742 2143 794 2179 qui
817 2136 946 2178 Ecclesiis
968 2137 1128 2180 praesunt,

249 2205 284 2228 ut
296 2197 376 2226 ultra
396 2192 470 2224 talia
491 2200 546 2222 non
555 2185 743 2229 praesumant
756 2210 766 2225 ,
787 2185 846 2228 sed
869 2185 920 2218 boc
942 2189 1059 2219 tantum
1073 2187 1128 2228 fibi

246 2249 280 2277 in
294 2240 463 2280 Monaflerio
475 2239 632 2271 vendicent
647 2236 814 2268 sacerdotes
826 2259 836 2274 ‚
861 2238 940 2277 quod
946 2243 1127 2278 praecipiunt

245 2297 384 2325 canones
396 2314 406 2330 ,
431 2289 466 2322 id
475 2287 512 2328 est
525 2312 534 2327 ,
561 2285 718 2318 Monachos
730 2286 773 2317 ad
785 2283 1034 2327 conversationem
1054 2283 1126 2328 san-

244 2342 325 2375 c‘lam
345 2348 529 2383 praemonere
545 2360 554 2376 ,
581 2336 709 2368 abbates
722 2336 839 2376 aliaque
853 2336 941 2383 officia
953 2334 1100 2372 instituere
1114 2360 1124 2375 ‚

245 2402 338 2434 atque
359 2398 447 2423 extra
470 2387 611 2431 Regulam
626 2385 717 2427 fac‘Ja
738 2391 875 2428 corrigere
890 2410 897 2416 .
924 2386 1018 2428 ‚Quod
1039 2384 1066 2424 [ἰ
1071 2387 1123 2419 alt.

246 2443 320 2484 quid
329 2447 361 2473 in
373 2437 527 2472 Monachos
541 2435 713 2469 canonibus
725 2435 915 2468 interdtllum
923 2433 1122 2477 praesumpse-

245 2497 310 2526 rint
334 2515 343 2531 ,
370 2498 422 2522 aut
441 2485 580 2531 usurpare
603 2486 760 2526 quidpiam
782 2485 818 2517 de
839 2483 1006 2524 Monasterii
1029 2486 1114 2519 rebus

243 2545 451 2576 tentaverint,
477 2548 532 2569 non
546 2537 635 2569 deerit
648 2535 706 2567 illis
717 2533 867 2577 sententia
888 2542 1118 2568 excommunica-

244 2596 335 2624 tionis
346 2614 356 2630 ,
382 2594 431 2630 qui
452 2586 481 2630 se
495 2588 627 2627 deinceps
652 2595 839 2625 nequaquam
845 2583 1013 2626 ficslulerint
1033 2585 1071 2616 ab
1087 2588 1111 2629 il

242 2643 348 2676 licitis.
379 2638 594 2680 Nequaquam
618 2633 821 2673 substantiae,
850 2635 903 2666 sed
927 2634 1022 2667 solius
1044 2635 1119 2669 Mo-

1950 170 2017 215 97

1214 239 1314 272 Abbas
1336 241 1389 272 loci
1398 251 1463 272 cum
1486 240 1557 271 allis
1572 238 1727 278 fratribus
1749 242 1854 284 caufhs
1874 253 1971 276 rerum
1982 249 2089 276 inven-

1212 299 1312 322 tarum
1320 289 1420 329 faciat
1433 314 1444 330 ,
1471 291 1612 324 &eorum
1623 290 1731 329 confilio
1751 293 1899 330 &judicio
1917 293 2083 335 finiantur.

1209 340 1338 374 obeunte
1358 351 1472 381 quoque
1498 333 1632 376 abbate,
1660 337 1822 380 Episcopus
1843 346 1874 373 in
1885 341 2085 384 descrihendis

1204 387 1460 431 providendisque
1481 389 1570 422 rebus
1594 388 1786 429 Monasterii‚
1812 390 1864 421 vel
1872 393 1952 422 datis
1963 397 2085 434 perqui-

1208 441 1312 472 rendis
1335 439 1506 472 nullatenus
1523 436 1557 481 se
1575 437 1750 481 permisceat
1773 463 1779 469 .
1808 438 2082 476 Monasteriorum

1208 489 1295 523 bona
1319 488 1388 522 vult
1409 489 1492 523 adeo
1505 489 1567 522 esse
1587 497 1759 531 exempta,
1786 498 1823 521 ut
1843 487 1882 521 de
1905 489 1975 531 ipsis
1995 501 2083 525 ortas

1206 551 1281 574 eum
1299 539 1450 573 Ecclefiis
1463 538 1651 582 quaestiones
1673 538 1756 572 nolit
1769 549 1825 581 per
1844 538 1930 572 solos
1953 538 2083 581 Episco-

1207 601 1264 632 pos
1288 589 1440 631 judicari.
1470 589 1539 635 Qi
1566 589 1685 622 Canon
1698 589 1775 629 quia
1796 588 1906 622 statim
1925 588 1967 622 ab
1988 590 2084 622 omni.

1205 641 1324 673 Latina
1347 648 1448 684 gente
1473 650 1540 672 non
1570 639 1634 671 fuit
1659 638 1814 671 admiffus
1832 663 1842 678 ,
1868 638 2084 683 singularibus

1205 690 1382 734 privilegiis
1405 689 1494 730 plura
1517 686 1596 721 hinc
1623 687 1701 721 inde
1727 687 1930 723 Monasteria
1958 687 2083 723 dudum

1203 739 1309 772 adhuc
1321 738 1429 782 postea
1453 737 1663 785 indiguerunt
1673 763 1687 776 .—

1253 789 1412 823 Notanda
1434 790 1506 822 sunt
1530 789 1651 822 laudati
1665 787 1818 833 Gregorii
1843 787 2083 825 verbainlitte·

1203 839 1245 871 ris
1263 839 1304 872 ad
1326 840 1486 881 Joannem
1509 838 1708 881 Episcopum
1733 837 1940 872 Scillitanum
1963 850 1970 870 ε
1997 842 2084 882 ,Quia
2101 852 2162 884 Lib,
2184 864 2215 888 7·

1202 888 1339 921 Monacbi
1360 887 1546 929 Castillienfis
1570 888 1735 929 Monasterit
1759 886 1847 930 questi
1861 886 1935 931 sunt
1961 893 2081 922 Frater·
2100 895 2210 931 Ep.33.

1203 943 1329 971 nitatem
1340 946 1422 970 tuam
1437 940 1579 980 quaedam
1601 939 1638 971 de
1651 938 1821 977 Monasterio
1830 936 1887 980 sub
1899 940 1991 971 Xem't'
2001 939 2086 981 quast

1197 986 1294 1030 specie
1305 987 1444 1030 abstulffe
1455 1012 1466 1028 ,
1494 990 1594 1031 necesse
1616 988 1652 1028 est
1664 1012 1677 1027 ,
1697 998 1730 1021 ut
1748 987 1779 1029 fi
1785 989 1861 1030 quid
1877 997 1905 1022 te
1914 991 2079 1023 indecenter

1201 1038 1300 1070 recolis
1313 1039 1446 1080 accepisse
1458 1062 1468 1077 ,
1489 1037 1551 1078 fine
1573 1039 1714 1070 dilatione
1736 1037 1870 1077 restituas
1883 1063 1893 1079 ‚
1918 1051 1954 1071 ne
1975 1046 2081 1072 avari·

1200 1093 1251 1120 tiae
1262 1097 1290 1120 te
1305 1095 1446 1131 graviter
1471 1089 1554 1129 culpa
1565 1089 1728 1130 redarguat
1740 1113 1749 1126 ‚
1777 1100 1865 1130 quem
1883 1090 1998 1131 largum
2009 1101 2079 1136 erga

1208 1139 1384 1177 Momsterin
1394 1138 1586 1174 Sacerdotalis
1603 1143 1698 1180 magis
1721 1138 1862 1171 debuerat
1883 1138 2078 1180 munificentia

1203 1186 1395 1226 demonstrare
1420 1213 1426 1219 .
1454 1187 1647 1220 Monasticae
1674 1187 1853 1222 substantiae
1880 1188 2078 1223 administra-

1204 1238 1294 1274 tione
1305 1238 1419 1280 privati
1434 1237 1585 1279 Episcopi
1599 1237 1754 1270 dixerunt
1765 1239 1795 1270 se
1806 1239 1904 1280 gratis
1916 1250 1982 1273 non
1995 1240 2079 1275 obli-

1203 1288 1267 1331 gari
1286 1289 1325 1321 ad
1353 1287 1531 1329 disciplinae
1541 1286 1743 1327 custodiam,
1771 1288 1822 1320 sed
1845 1288 1902 1321 fibi
1920 1289 1958 1322 ad
1972 1288 2079 1324 minus

1204 1340 1234 1369 in
1248 1336 1452 1377 subjedtionis
1475 1336 1689 1371 charasterem
1722 1337 1831 1370 deberi
1845 1337 2010 1380 quoddam
2024 1351 2080 1373 an-

1204 1398 1272 1420 nuae
1283 1387 1608 1429 pensionisxenium:
1638 1386 1777 1422 Etistud
1802 1387 1952 1422 laud-itus
1966 1389 2079 1423 Ponti-

1202 1438 1253 1470 fex
1277 1437 1311 1470 in
1335 1436 1397 1470 isto
1411 1436 1533 1478 Joanne
1554 1437 1739 1471 damnavit.
1770 1439 1817 1472 Ita
1840 1438 1988 1473 adversus
2000 1451 2079 1482 quo-

1202 1486 1347 1523 rumdam
1376 1486 1610 1534 Episcoporum
1634 1498 1779 1532 rapacem
1805 1487 1838 1520 in
1869 1488 2076 1524 Parochiales

1205 1539 1355 1574 Ecclesias
1377 1540 1567 1573 violentiam
1590 1540 1699 1573 statuit
1719 1549 1830 1584 quarta
1842 1539 2009 1574 Toletana
2022 1541 2080 1581 Sy-

1204 1590 1309 1624 nodus
1327 1602 1334 1621 :
1362 1594 1434 1622 Non
1445 1590 1575 1632 amplius
1599 1591 1689 1630 quaeim
1711 1592 1783 1622 duos
1798 1588 1906 1632 solidor
1928 1588 2081 1634 unusquis-

1200 1651 1254 1681 que
1265 1638 1472 1683 Episcoporum
1491 1638 1685 1683 perfingulas
1702 1638 1767 1682 suae
1779 1641 1912 1681 Dioeceft‘r
1935 1640 2078 1682 Basilicas

1199 1701 1301 1723 annua
1312 1691 1444 1723 illatione
1458 1688 1512 1730 fibi
1522 1697 1645 1730 expetat
1656 1689 1783 1732 conferri
1803 1714 1813 1729 ,
1840 1691 2080 1730 Manasteriorum

1199 1738 1337 1782 Baefilicis
1365 1741 1403 1773 ab
1442 1739 1498 1773 bac
1519 1738 1670 1782 solutionis
1708 1739 1878 1780 impenfione
1913 1739 2057 1783 sej:cnc715
2072 1768 2080 1775 .

1199 1790 1254 1824 Est
1267 1791 1402 1833 antiqua
1426 1789 1649 1833 Hispanorum
1673 1789 1707 1822 in
1734 1789 1934 1824 Monasteria
1958 1794 2082 1834 pietas,

1198 1841 1238 1874 de
1265 1851 1327 1883 qua
1351 1838 1513 1874 Ilerdense
1537 1840 1731 1874 Concilium
1754 1853 1761 1872 z
1788 1844 1841 1874 Ea
1866 1853 1932 1883 quae
1958 1847 1989 1874 in
2008 1845 2080 1884 jure

1202 1890 1366 1931 Monasterii
1385 1892 1423 1924 de
1436 1890 1636 1933 facultatibus
1658 1889 1841 1931 offeruntur,
1867 1899 1899 1924 in
1912 1892 1989 1925 nullo
2004 1896 2079 1926 Dioe-

1197 1938 1301 1983 cesana
1310 1941 1372 1985 lege
1396 1940 1434 1974 ab
1446 1939 1599 1983 Episcopis
1620 1947 1849 1985 contingantur.
1878 1942 2079 1987 Dummodo

1195 2001 1305 2025 tamen
1328 1991 1389 2024 sint
1402 2003 1469 2026 non
1493 1991 1564 2025 solo
1576 1991 1732 2032 nomine,
1759 1991 1859 2026 sedin
1872 1992 1915 2027 rei
1940 1995 2078 2027 veritate

1195 2040 1393 2075 Monasteria
1418 2065 1428 2080 ‚
1454 2040 1607 2076 habentia
1633 2052 1878 2086 competentem
1900 2054 2076 2078 numerum

1194 2091 1363 2124 Fratrum.
1391 2091 1435 2123 Et
1461 2090 1546 2124 hanc
1563 2093 1718 2134 pietatem
1745 2093 1803 2126 vix
1825 2094 1963 2137 reperias
1984 2094 2074 2138 apud

1193 2139 1271 2173 alias
1290 2148 1403 2183 gentes
1419 2164 1426 2170 .
1459 2140 1594 2173 Etenim
1616 2141 1722 2174 saneti
1749 2142 1839 2176 Galli
1863 2144 2072 2178 Monasterio

1193 2188 1326 2222 liberam
1348 2187 1511 2222 bonorum
1532 2189 1846 2225 administrationem
1867 2192 1995 2227 donans
2015 2194 2070 2228 ad-

1192 2238 1298 2272 versus
1338 2238 1636 2272 constantiensium
1672 2240 1911 2284 Episcoporum
1945 2244 2069 2279 violen-

1190 2287 1248 2321 tias
1273 2288 1414 2322 Carolus
1436 2289 1582 2334 Magnus
1604 2288 1732 2323 addidit
1754 2302 1762 2322 ε
1789 2293 1923 2334 Excepto
1953 2293 2061 2337 censu,
2088 2305 2136 2342 Ep,
2162 2314 2205 2343 ¹7·

1187 2345 1241 2379 qui
1262 2339 1300 2372 de
1327 2337 1499 2379 Monasterio
1524 2340 1566 2371 ad
1587 2337 1800 2382 Episcopatum
1822 2341 1952 2385 persolvi
1979 2344 2065 2379 debet

1181 2387 1304 2431 fingulis
1327 2394 1417 2421 annis
1431 2412 1442 2428 ,
1467 2389 1501 2421 id
1520 2388 1557 2428 est
1571 2413 1582 2428 ,
1607 2400 1698 2431 equus
1719 2400 1815 2431 unus,
1842 2394 1954 2427 &auri
1974 2401 2062 2430 uncia

1185 2449 1264 2470 una.
1292 2437 1341 2472 Ita
1354 2437 1453 2472 habes
1475 2438 1510 2472 in
1533 2435 1703 2473 Chronico
1726 2439 1989 2479 Constantiensis
2002 2445 2060 2481 Ec-

1184 2487 1300 2522 clesiae.
1329 2487 1373 2521 Et
1399 2488 1433 2521 in
1456 2488 1579 2531 plenae,
1605 2500 1701 2532 quam
1728 2490 1916 2535 CorbeJensi
1937 2495 2059 2530 Mona-

1182 2536 1278 2571 sterio
1288 2537 1444 2572 dederunt
1456 2563 1466 2579 ‚
1491 2539 1712 2582 exemptionis
1731 2540 1905 2587 privilegio
1926 2543 2057 2580 addide-

1183 2597 1256 2620 runt
1284 2588 1476 2622 Benedictus
1503 2589 1612 2623 tertius
1647 2600 1684 2623 ac
1714 2589 1874 2626 Nicolaus
1910 2594 2054 2637 primus:

1183 2636 1348 2679 Episcopus
1361 2638 1560 2679 Ambianenfis
1582 2640 1694 2672 nullam
1715 2651 1753 2673 ex
1766 2640 1848 2674 bonis
1869 2645 1922 2677 vel
1930 2651 2054 2687 accipiat
2074 2652 2122 2690 Ep.
2146 2664 2192 2692 24.

241 2690 373 2724 nassicae
393 2686 571 2730 disciplinae
592 2682 802 2717 directionem
827 2683 960 2717 affirmat
983 2684 1117 2726 spestare
1180 2688 1231 2720 vel
1250 2686 1388 2730 exposcat
1407 2693 1603 2729 portionem·.
1631 2689 1733 2735 Qod
1760 2691 1866 2733 ipsum
1892 2693 1933 2728 de
1958 2695 2053 2739 plene

242 2740 283 2775 ad
297 2739 473 2783 Episcopos
485 2761 496 2777 ,
524 2734 622 2778 idque
644 2745 684 2767 ex
698 2733 837 2776 generali
853 2733 996 2767 Ecclesia:
1009 2734 1115 2769 Cano-

243 2802 285 2825 ne
298 2815 308 2830 ‚
334 2789 448 2831 utique
458 2786 547 2820 edito
560 2796 614 2828 per
627 2784 752 2816 tertiam
767 2782 883 2826 Magni
897 2783 1048 2828 Gregorii
1061 2785 1113 2826 Sy-

1177 2748 1329 2780 exempto
1351 2735 1634 2781 Sanoicarilephi
1656 2738 1860 2776 Monasterio
1881 2741 1922 2777 ad
1934 2755 2051 2780 omnes

1178 2787 1292 2821 Galliae
1314 2785 1487 2821 Antistites
1510 2787 1630 2831 scripsit
1653 2787 1739 2823 idem
1762 2789 1924 2827 Nicolaus
1944 2793 2052 2830 adver-

243 2840 369 2874 nodum
393 2850 400 2869 ἱ
427 2836 632 2870 Interdicimus
659 2844 690 2864 ‘¹⁶
709 2831 895 2874 prohibemus
920 2857 931 2873 ‚
956 2841 987 2866 ut
1013 2834 1111 2867 nullus
1174 2839 1245 2871 sum
1267 2837 1444 2880 Episcopos
1469 2835 1751 2873 cenomanenses.
1777 2840 1880 2889 Qiod
1893 2844 2009 2888 nempe
2031 2845 2051 2880 ὲ

243 2887 452 2932 Episcoporum
471 2887 551 2919 ultra
567 2882 731 2926 praesumat
753 2883 789 2915 de
811 2881 972 2922 reditibus,
1000 2883 1086 2917 rebus
1101 2910 1111 2925 ,

1175 2887 1301 2929 subjesti
1314 2885 1505 2921 Monasterii
1518 2887 1613 2922 bonis
1622 2887 1755 2931 quidam
1768 2891 2049 2933 portioniscensus

242 2941 295 2973 vel
305 2939 416 2972 chartis
429 2934 664 2975 Monasteriorum
682 2934 750 2972 ,vel
759 2933 796 2965 de
806 2932 916 2971 Celtis,
943 2934 994 2965 vel
1004 2935 1087 2966 villis
1101 2959 1110 2975 ,
1174 2937 1337 2980 Episcopo
1359 2938 1572 2971 consuevisset
1592 2938 1709 2981 pendi.
1740 2939 1783 2974 Et
1805 2941 1847 2976 de
1870 2943 1929 2978 suo
1940 2945 2046 2979 Sancti

241 3001 309 3031 quae
319 2989 362 3020 ad
381 2999 416 3020 ea
436 2990 606 3027 pertinent,
634 2994 806 3026 quocumque
819 2983 921 3021 modo,
948 2984 999 3015 vel
1019 2986 1111 3026 quali-

241 3039 292 3073 bet
315 3035 448 3078 occasione
470 3040 596 3068 minuere
610 3058 620 3073 ,
647 3035 698 3066 vel
711 3034 790 3065 dolos
812 3033 862 3064 vel
870 3033 1046 3071 immiffiones
1058 3035 1108 3067 ali.

239 3100 315 3132 quas
323 3086 443 3128 facere.
471 3087 502 3117 Si
515 3095 573 3126 qua
577 3083 658 3125 forte
668 3089 744 3116 inter
760 3090 873 3115 terram
894 3087 1056 3116 venientem
1068 3086 1112 3116 ad

236 3147 356 3182 partem
376 3133 496 3178 suarum
517 3132 708 3175 Ecclefiarum
730 3133 763 3165 ὢ·
778 3130 1013 3171 Monasteriorum
1031 3145 1107 3175 quae·

233 3189 290 3229 flio
317 3190 449 3220 evenerit
473 3208 484 3224 ,
519 3185 553 3217 Θ
577 3181 697 3224 pacifice
723 3193 779 3214 non
800 3187 928 3223 potuerit
954 3182 1107 3223 ordinarI,

238 3239 325 3281 apud
335 3235 452 3268 Eleeios
467 3232 594 3265 Abbaies
607 3255 617 3271 ‚
643 3234 677 3265 (τ
688 3232 758 3263 alios
774 3233 881 3264 Patres
905 3236 1038 3264 timentes
1052 3236 1097 3265 Do

237 3294 352 3322 minum
373 3309 383 3324 ,
406 3282 468 3326 five
496 3281 665 3315 voluntaria
688 3282 831 3314 delatione
850 3304 860 3319 ‚
895 3281 997 3313 mediis
1011 3280 1107 3324 sacro.

230 3337 347 3382 {antiis
358 3332 536 3376 Evangeliis
543 3332 667 3374 finiatur
681 3355 688 3362 .
712 3331 755 3364 Ec
770 3331 849 3364 infr&
861 3343 868 3362 t
895 3329 1103 3372 Descriptiones

236 3398 330 3420 rerum
349 3387 383 3420 lo·
392 3383 564 3418 chartarum
575 3379 742 3421 Monaflerii
764 3380 800 3412 ab
813 3378 956 3422 Epifiopo
968 3381 1102 3426 Ecclesia·

229 3435 389 3476 flicasfieri
398 3434 514 3466 omnino
529 3440 684 3464 vetamus.
713 3429 789 3471 Etsi
795 3431 913 3474 quando
923 3441 970 3465 res
986 3437 1079 3476 exigit
1089 3457 1101 3476 ‚

335 3482 440 3524 christ.
453 3481 531 3525 'Lupi
545 3485 639 3524 Opera
650 3483 681 3512 T.
692 3483 720 3513 V
718 3483 742 3513 1.

1171 2987 1328 3035 Qintini
1352 2987 1554 3021 Monasterio
1573 2987 1614 3022 ad
1629 2988 1834 3025 Gaufredurn
1858 2992 2046 3028 Belluacen-

1171 3039 1234 3071 sem
1249 3037 1443 3080 Episcopum
1456 3037 1564 3072 scribit
1573 3039 1706 3073 Sanetus
1716 3039 1956 3085 IvoEpiscopus
1966 3044 2044 3078 Car·

1172 3087 1312 3120 nutensis
1326 3100 1336 3118 :
1361 3090 1441 3119 Sciat
1460 3088 1627 3121 Sollicitudo
1648 3089 1745 3130 vestra
1767 3114 1778 3130 ,
1804 3095 1874 3132 qula
1892 3091 2041 3131 fundator
2060 3108 2108 3148 ΕΡ,

1169 3136 1258 3169 dic‘lae
1270 3135 1399 3171 Ecclelt‘ae
1410 3139 1541 3171 Domnus
1556 3139 1655 3171 Guido
1667 3139 1856 3180 Belluacenfis
1873 3140 2039 3186 Epist-opus

1168 3187 1279 3220 nullam
1288 3187 1426 3219 mulblam
1432 3194 1585 3229 pecuniae,
1611 3189 1722 3220 nullam
1743 3189 1947 3232 exustionem,
1974 3196 2039 3228 nul.

1165 3237 1227 3268 Iam
1238 3235 1469 3278 consuetudinem
1483 3236 1538 3277 fibi
1550 3237 1602 3270 vel
1616 3236 1812 3280 succeffitribus
1818 3238 1883 3282 suis
1892 3247 2015 3277 retinuit
2026 3271 2033 3278 .

1168 3286 1326 3319 Adfirmat
1349 3286 1514 3320 Gaufredo
1543 3287 1666 3321 nullam
1693 3287 1801 3322 deberi
1827 3291 2032 3335 pensionem,

1165 3335 1251 3378 quod
1262 3336 1327 3380 ejus
1350 3335 1541 3370 Antecessor
1562 3335 1609 3370 illi
1635 3337 1667 3370 in
1692 3338 1756 3380 ipsa
1780 3338 1937 3377 Coenobii
1962 3344 2032 3377 fun-

1164 3386 1296 3420 datione
1311 3386 1343 3418 in
1357 3397 1542 3429 perpetuum
1555 3386 1764 3422 renuntiasset
1775 3412 1783 3420 .
1813 3389 1913 3437 Quid
1924 3403 2030 3427 exem-

1165 3447 1217 3480 pta
1261 3436 1340 3472 item
1382 3435 1582 3473 Monasteria
1617 3436 1692 3472 Sedi
1730 3436 1926 3484 Apostolicae
1971 3453 2029 3484 pro

1590 3486 1604 3522 1
1861 3488 1980 3524 Cathe-

2132 3120 2198 3149 199³
