2372 3756
55 827 155 861 1..3·c.
170 833 214 863 ¹3·

59 1433 89 1463 L.
99 1439 159 1467 4.„c.
172 1442 217 1465 12.-

62 1999 158 2035 Car.

609 178 876 224 Qum-run
911 162 1222 219 Romanum
1258 160 1674 215 C9Nc1L1u'‘M.'
1902 175 1961 223 75

222 248 318 292 &per
337 245 440 291 ipsam
451 258 517 282 non
538 245 606 281 fola
616 245 794 290 praeterita,
820 244 873 280 sed
889 242 974 278 istud
996 243 1093 278 etiarn

223 298 356 343 praesens
365 298 488 332 dimitti
498 306 665 342 peccatum
676 321 687 337 ,
700 296 811 330 verum
823 306 881 340 pro
891 294 992 328 unico
1004 293 1096 328 dum-

224 357 315 384 taxat
326 357 496 382 momento
506 371 519 388 ,
543 347 718 391 statimque
729 356 809 380 tunc
829 344 942 379 omnia
952 354 1029 382 cum
1041 355 1097 377 no-

226 409 270 432 vo
289 398 369 433 novi
390 397 549 441 sacrilegii
569 407 657 433 reatu
676 396 778 430 redire
798 419 806 427 .
834 395 878 428 Et
903 392 964 427 hac
987 392 1095 427 distin·

227 448 334 485 &ione
357 447 453 482 solvit
474 448 654 491 &exponit
676 444 895 480 Domin'icam
913 442 1098 487 parabolam

227 498 269 532 de
288 499 379 532 servo
391 521 403 538 ,
428 499 485 540 qui
507 498 656 532 omnium
675 493 958 539 grandiffimorum
976 491 1101 526 debito-

227 558 301 582 rum
322 548 505 582 remiffione
525 547 664 582 donatus
685 545 702 577 a
716 545 774 578 suo
794 545 969 585 Domino,
995 542 1099 577 modi-

229 608 304 632 cum
314 599 474 632 conservo
485 597 646 631 dimittere
659 605 791 639 rogatus
802 594 910 629 noluit
921 619 932 636 ‚
960 592 1099 637 ideoque

229 647 263 681 &
275 647 444 685 Dominus
455 644 635 681 exsufflavit
646 645 735 679 suam
747 646 884 690 gratiam
898 669 909 684 ,
921 646 1100 686 cunctaque

230 696 385 733 exst-infla
396 695 661 736 debita-reduxit.
690 695 796 729 Addit
808 693 1027 738 Augustinus:
1056 696 1100 724 Et

231 746 294 780 haec
309 746 393 791 sepe
412 750 581 789 contingunt
598 750 630 778 in
641 744 769 785 Ecclefia
780 770 787 777 .
816 745 862 780 Er.
872 745 907 778 in
919 744 987 777 alio
998 742 1099 776 libro:

230 799 276 829 De
293 796 442 835 remiffione
460 803 645 837 peccatorum
666 819 677 835 ‚
707 796 807 828 utrum
828 803 886 836 per
913 791 1102 837 Baptismum

230 846 316 887 apud
333 844 485 879 baereticos
501 845 577 886 fiat,
605 846 682 888 quid
700 844 773 877 mihi
789 845 964 883 videretur,
990 848 1022 876 in
1045 843 1102 875 alio

225 897 294 938 jam
304 896 451 929 volumine
459 894 562 939 scripfi
571 919 578 926 .
606 896 666 928 sed
674 898 765 929 etlam
783 893 832 927 bic
843 893 975 927 breviter
984 904 1102 925 comme-

229 949 307 978 moro
330 971 336 977 .
363 947 395 978 St
413 944 452 987 fit
472 946 531 979 illic
552 945 667 984 remtffio
691 944 854 977 debitorum
873 952 929 985 per
951 940 1103 985 Baptismt

225 993 438 1038 sanc‘IJtatem,
463 993 562 1037 rursus
584 994 688 1028 debtta
709 996 834 1027 redeunt
853 1001 910 1035 per
932 992 1045 1035 haereſss
1071 993 1104 1025 (tt

225 1042 397 1088 schismatt's
409 1043 624 1085 obstinationem
636 1069 647 1085 ‚
673 1045 708 1079 (θ’
717 1046 782 1078 ideo
796 1044 980 1087 neceffarium
988 1043 1102 1077 haben}

230 1092 398 1137 hujusmodi
417 1093 550 1129 homines
562 1100 665 1128 venire
675 1096 719 1127 ad
729 1093 911 1127 Catholicam
918 1102 1024 1136 pacem
1035 1117 1045 1132 ,
1071 1100 1104 1125 ut

232 1148 373 1179 Haeretici
394 1143 618 1188 &schismatici
637 1145 687 1187 effe
693 1146 760 1186 jam
785 1143 936 1186 desinant,
963 1145 1105 1177 &eorum

232 1205 300 1237 quae
309 1200 343 1228 in
353 1196 417 1229 illos
428 1196 770 1237 redierantpeccatorum
779 1199 986 1238 purgationem
996 1197 1029 1225 in
1039 1198 1106 1226 unt·

233 1249 308 1278 tatis
318 1246 436 1279 vinculo
459 1244 609 1279 charitate
621 1253 759 1287 operante
779 1252 968 1280 mereantur„
994 1242 1107 1277 Erite-

233 1305 324 1328 rum:
349 1297 530 1329 Sacramenti
540 1301 696 1339 integritas
708 1294 813 1336 ubique
834 1291 1009 1337 cognoscitur
1020 1317 1030 1333 ,
1054 1290 1110 1334 sed

234 1346 280 1378 ad
283 1352 467 1386 peccatorum
489 1347 573 1380 illam
586 1344 802 1378 irrevocabilem
819 1344 1004 1384 remiffionem
1023 1349 1111 1376 extra

234 1394 368 1436 Ecclesia
388 1401 534 1427 unitatem
559 1406 616 1428 non
637 1393 750 1427 valebit
764 1418 771 1425 .
800 1394 844 1426 Et
867 1393 902 1426 in
926 1393 994 1427 alio
1005 1391 1111 1426 rursus

235 1443 321 1481 libro
343 1456 351 1476 :
378 1444 515 1486 Perfidus
536 1446 570 1477 ὁ·
589 1442 802 1484 blasphemus,
823 1441 854 1483 fi
872 1447 904 1475 in
921 1441 1052 1484 perfidia
1078 1443 1112 1475 (⁴5

234 1492 419 1535 blasphemia
451 1491 650 1535 permanserit
683 1515 696 1532 ,
721 1503 773 1526 nec
817 1500 906 1525 extra
941 1502 994 1525 nec
1029 1497 1113 1524 intra

234 1540 390 1583 Ecclesiam
425 1543 605 1582 remiffionem
629 1547 736 1583 acctpit
754 1550 939 1584 peccatorum
971 1566 984 1582 ,
1010 1550 1064 1575 aut
1087 1540 1118 1583 fi

230 1599 356 1635 propter
365 1597 429 1625 vim
438 1593 621 1626 Sacramenti
632 1593 677 1625 ad
678 1592 823 1635 pundJum
834 1597 973 1635 temporis
983 1596 1089 1633 accipit
1101 1614 1112 1631 ,

233 1641 354 1684 &forts
374 1643 408 1676 (π
422 1644 503 1676 intus
522 1645 624 1676 eadem
646 1648 697 1675 vis
721 1650 860 1684 operatur
872 1667 883 1683 ,
901 1641 974 1684 ficut
995 1646 1046 1675 vis
1066 1652 1112 1674 no-

234 1696 324 1729 minis
337 1691 447 1734 Christi
467 1691 657 1734 expulfionem
682 1695 899 1725 Daemom'orum
917 1690 996 1733 foris
1021 1696 1112 1725 etiam

234 1742 444 1784 operabatur.
459 1743 523 1777 Et
514 1755 549 1777 ιη
561 1742 679 1788 quinto
690 1730 792 1776 libro:
819 1743 948 1782 Remifflo
971 1747 1114 1775 irrevoca-

235 1791 341 1826 butum
346 1800 532 1835 peccatorum
547 1805 604 1827 non
615 1791 794 1835 consequitur
803 1789 1048 1835 Baptisma,nifi
1057 1803 1114 1825 non
1139 1836 1141 1838 η

235 1839 329 1884 solum
349 1842 535 1886 legitimum,
555 1842 611 1887 sed
629 1849 719 1877 etiam
740 1844 869 1887 legitime
891 1841 1037 1876 habeatur
1049 1866 1056 1873 .
1083 1844 1115 1875 51

235 1892 363 1936 legitime
373 1903 430 1925 non
441 1892 586 1926 habeatur
596 1918 607 1934 ,
630 1901 751 1935 peccata
762 1896 814 1927 vel
833 1905 890 1927 non
900 1890 1094 1926 remittuntur
1106 1915 1116 1931 ,

236 1943 289 1980 vel
306 1941 420 1986 rema'ffa
442 1943 683 1986 replicabuntur.
711 1943 817 1978 Addit
838 1944 880 1979 de
905 1943 1117 1987 permanenti-

236 1991 298 2028 bus
318 1993 354 2028 in
375 1994 520 2030 fraterno
541 1994 622 2029 odio
650 1993 846 2029 homicidis.-
874 1997 944 2028 sive
967 1994 1048 2026 nulla
1074 1997 1116 2027 eis

236 2051 359 2086 peccata
369 2043 487 2087 dimissa
505 2043 579 2088 sunt
591 2069 602 2085 ‚
622 2043 716 2086 finon
733 2050 765 2077 in
779 2046 882 2078 melius
903 2053 1018 2078 mutato
1034 2045 1118 2076 corde

241 2091 468 2135 baptizattsunt
488 2117 498 2132 ‚
519 2094 738 2135 swescontinuo
749 2095 861 2138 dimissa
873 2096 1047 2127 redierunt.
1076 2094 1118 2126 Et

242 2143 279 2177 in
290 2142 430 2186 septimo
440 2141 544 2176 libro:
572 2145 734 2176 Potuerunt
746 2149 873 2185 accipere
884 2142 1075 2185 Baptismum
1085 2145 1118 2175 (9⁸

241 2192 426 2234 remiffionem
451 2203 508 2225 non
531 2199 658 2235 accipere
682 2201 862 2235 peccatorum
887 2218 899 2234 ,
922 2202 976 2226 aut
1002 2192 1119 2232 rennffls

237 2246 368 2285 peccatis
406 2244 539 2274 continuo
563 2242 669 2275 rursus·
695 2247 809 2275 onerari
831 2267 838 2274 .
879 2242 1027 2289 Qaestio
1052 2242 1097 2275 est
1111 2264 1121 2280 ‚

241 2293 329 2338 Qae
348 2291 381 2325 δε
393 2290 498 2334 qualis
508 2291 543 2325 sit
564 2291 623 2326 ista
636 2290 829 2326 revocabilis
848 2303 885 2325 ac
896 2301 1124 2325 momentanea

241 2340 383 2377 remissio
397 2365 408 2381 ‚
433 2339 522 2385 quod
544 2341 612 2385 ejus
624 2341 874 2376 fundamentum
891 2366 902 2383 ,
926 2342 958 2376 δε
969 2353 1011 2376 an
1023 2342 1123 2385 ipsam

242 2390 431 2436 probaverit
441 2390 575 2425 Sanctus
588 2391 794 2437 Augustinus
807 2394 823 2424 φ’

293 2440 493 2484 Respondeo
507 2441 648 2484 palmare
657 2442 906 2477 Donatistarum
927 2441 1124 2487 principium

245 2490 339 2525 fuisse
349 2514 359 2530 ,
371 2494 375 2497 '
385 2490 474 2533 quod
487 2493 614 2526 nullum
628 2495 706 2527 novi
720 2492 927 2527 Testamenti
940 2494 1126 2527 Sacramen-

1159 239 1324 285 principiis
1335 262 1346 279 ,
1372 248 1470 282 atque
1482 237 1526 273 ita
1550 239 1677 275 nullum
1694 245 1756 277 esse
1768 244 2015 279 fundamentum
2028 257 2044 287 ‚·

1157 303 1199 326 ex
1219 300 1286 334 quo
1308 289 1365 324 ille
1376 288 1564 323 exsuffletur
1584 300 1639 323 aut
1653 301 1829 334 repetatur.
1857 296 1900 329 Et
1913 296 1931 329 ὲ
1943 297 1976 330 se
1985 307 2039 330 ex-

1159 341 1341 386 cogitatum
1370 339 1495 374 nodum
1515 339 1703 374 Donatistae
1730 353 1906 384 numquam
1928 356 2039 389 potue-

1159 401 1235 425 runt
1256 391 1397 424 solvere.
1423 390 1532 432 Ipsum
1554 387 1783 434 Augustinus,
1810 392 1872 426 isto
1883 395 1921 427 ad
1936 395 2041 430 homi.-

1162 452 1236 475 nem
1247 449 1443 485 argumento
1453 450 1570 473 exuere
1579 441 1611 473 se
1625 440 1740 474 nolens
1758 441 1957 485 impugnafle
1973 458 2041 480 nou

1163 492 1280 536 legitur
1298 514 1310 530 ,
1337 489 1427 534 quod
1448 499 1556 524 tamen
1579 501 1639 524 nec
1661 490 1845 533 probaverit
1868 515 1879 530 ‚
1906 493 2042 529 adducta

1163 542 1230 584 ejus
1252 539 1438 575 testimonia
1459 538 1544 573 clare
1565 538 1788 574 demonstrant
1810 565 1818 573 .
1845 541 1888 574 Et
1913 552 1978 574 non
2003 543 2043 577 de

1165 593 1248 636 ipsa,
1275 590 1329 625 sed
1340 590 1380 625 de
1393 591 1458 624 sola
1471 591 1562 623 firma
1574 601 1672 633 atque
1685 588 1884 626 irrevocabili
1895 591 2047 626 remiffio-

1165 653 1206 676 ne
1226 641 1364 676 sancivit
1384 639 1439 674 hic
1465 640 1573 681 noster
1589 640 1768 685 Gregorius
1781 646 1795 673 ε’
1818 640 1917 674 Reste
1938 642 2047 676 sanxit

1166 692 1267 735 ipsam
1284 691 1351 724 fine
1374 701 1445 725 vera
1470 691 1659 733 poenitentia
1684 702 1750 724 non
1779 693 1865 734 posse
1890 690 2050 725 obtineri.

1167 743 1218 775 Ex
1230 741 1282 777 his
1296 742 1424 775 interim
1447 739 1533 774 lucet
1545 740 1586 774 de
1606 741 1836 775 sacramentali
1857 741 1962 784 operis
1973 753 2051 785 ope-

1167 792 1228 825 rati
1252 792 1371 825 virtute
1391 802 1451 824 nec
1472 789 1666 826 Catholicos
1677 790 1758 824 olim
1783 789 1963 832 dubitasse,
1990 802 2051 826 nec

1168 841 1380 875 Donatistas.
1407 839 1501 888 Qn
1530 841 1564 875 ὅ(
1585 838 1713 875 hosin
1706 834 1805 885 ipsam
1819 816 2053 883 fuiffeju’stoli-

1168 891 1357 925 beraliores.

1224 940 1335 981 Vox,
1361 943 1542 975 Paenitentia
1561 966 1572 982 ‚
1599 913 1794 985 quandoque
1826 954 1883 986 pro
1908 941 2054 976 conversi

1221 991 1329 1024 Deum
1350 992 1457 1024 cordis
1484 993 1684 1026 contritione
1706 993 1887 1036 accipitur,
1911 992 2057 1033 quando-

1170 1052 1233 1085 que
1260 1052 1316 1083 pro
1344 1040 1559 1075 satisfactione
1580 1066 1590 1080 ,
1619 1054 1716 1085 quam
1753 1043 1876 1084 antiqui
1904 1043 2056 1080 Canoues
2097 1058 2103 1064 ·

1170 1092 1203 1124 ὃς
1228 1089 1340 1124 Patres
1366 1091 1477 1133 paffim
1504 1102 1623 1125 vocant
1650 1092 1846 1135 poenitentia:
1872 1093 2057 1131 actionem,

1173 1151 1409 1183 nummumque
1430 1153 1498 1174 non
1520 1143 1624 1175 rasum
1639 1166 1649 1181 ,
1678 1153 1745 1175 non
1769 1143 1926 1184 scalptum
1946 1166 1956 1182 ‚
1987 1153 2058 1175 non

1173 1191 1354 1225 adulterum
1383 1214 1394 1230 ,
1431 1202 1499 1232 quo
1527 1203 1587 1225 nos
1613 1201 1763 1234 oporteat
1788 1193 1805 1226 ὲ
1833 1191 1958 1227 Divina
1985 1192 2060 1225 Cle-

1174 1242 1294 1275 mentia
1306 1240 1340 1274 &
1354 1240 1481 1284 Justitia
1506 1252 1611 1276 emere
1621 1242 1789 1286 culparum
1801 1254 1838 1277 ac
1850 1250 1974 1277 reatum
1986 1240 2060 1275 abo*

1176 1291 1344 1325 litionem.
1372 1289 1453 1335 Ago
1476 1290 1552 1333 hic,
1578 1293 1625 1326 uti
1649 1292 1681 1326 &
1698 1293 1829 1334 praesens
1851 1292 1969 1325 Canon
1983 1317 1993 1333 ‚
2020 1291 2062 1331 de

1177 1341 1243 1375 sola
1255 1340 1469 1375 satisfastione
1492 1341 1639 1385 publica.
1667 1342 1711 1376 Et
1722 1343 1854 1386 quidem
1868 1342 1991 1376 levium
2003 1352 2062 1384 pro

1178 1389 1330 1436 gravibus
1348 1392 1488 1434 peccatis
1507 1392 1763 1427 satisfactionum
1783 1390 1951 1436 impositio
1962 1393 2062 1426 etiam

1180 1443 1214 1474 in
1236 1441 1370 1484 antiqua
1394 1441 1534 1476 Ecclesia
1554 1444 1599 1476 est
1612 1444 1749 1487 grassata
1763 1468 1770 1475 .
1797 1443 1933 1476 Etenim
1944 1441 2064 1476 eodem

1179 1501 1326 1534 tempore
1348 1514 1359 1531 ‚
1385 1502 1452 1533 quo
1486 1491 1602 1526 Romae
1633 1492 1842 1527 Novatianus
1875 1491 2005 1535 quosvis
2028 1491 2066 1525 in

1180 1540 1254 1576 thus
1272 1550 1328 1574 aut
1356 1539 1505 1573 libellum
1527 1542 1632 1586 lapsos
1653 1542 1695 1579 ad
1713 1552 1899 1577 extremum
1912 1543 2011 1586 usque
2023 1541 2068 1574 vi·

1181 1603 1219 1626 tae
1240 1588 1414 1625 articulum
1437 1591 1594 1634 poenitere
1617 1592 1744 1632 voluit,
1771 1593 1805 1626 δε
1826 1604 1868 1626 ne
1890 1603 1969 1626 tunc
1998 1591 2067 1635 qui-

1181 1642 1255 1675 dem
1277 1640 1502 1675 Ecclefiastica
1524 1652 1603 1686 pace
1625 1641 1766 1680 donari,
1793 1641 1828 1674 in
1852 1641 1966 1676 Africa
1977 1652 2068 1677 ortus

1181 1691 1226 1727 est
1256 1691 1402 1735 quinque
1435 1691 1745 1737 Carthaginensium
1776 1691 2067 1734 presbyterorum,

1182 1743 1301 1778 Sancto
1310 1742 1368 1775 suo
1381 1741 1546 1787 Episcopo
1556 1742 1727 1786 Cypriano
1748 1740 1998 1781 rebellantium,
2023 1752 2071 1774 et*

1183 1804 1235 1827 ror
1254 1792 1387 1834 quosvis
1410 1791 1467 1826 sub
1491 1793 1580 1827 nulla
1592 1803 1649 1828 aut
1672 1793 1732 1828 sub
1743 1792 1899 1827 leviffima
1912 1791 1996 1826 certe
2008 1802 2071 1835 pm-

1183 1843 1322 1877 nitentia
1334 1841 1509 1876 admittens
1532 1843 1637 1886 lapsos
1656 1843 1757 1879 etiam
1783 1843 1824 1877 dd
1854 1842 2071 1886 plenissimam

1182 1905 1259 1929 cum
1269 1891 1451 1926 Oblatioue
1465 1893 1702 1929 Perfec'iionem
1717 1919 1728 1935 ,
1755 1905 1816 1937 qua
1827 1893 1911 1937 ipsos
1922 1904 1989 1927 nou
2002 1904 2074 1936 pur·

1183 1944 1251 1990 gari
1272 1968 1282 1984 ‚
1312 1942 1364 1977 sed
1391 1942 1496 1987 decipi
1520 1968 1530 1984 ,
1560 1945 1666 1979 seduci
1691 1970 1704 1986 ,
1729 1957 1765 1979 ac
1788 1945 1893 1989 magis
1919 1942 2074 1977 maculari

1184 1994 1345 2041 gloriosus
1367 1993 1527 2037 Martyr
1518 2007 1552 2028 in
1584 1995 1728 2038 pluribus
1751 1995 1907 2039 Epistolis
1932 1994 1976 2027 est
2003 2004 2077 2037 pro-

1185 2045 1336 2079 testatus.
1358 2044 1452 2090 Qin
1465 2045 1499 2078 ἅτ
1513 2045 1618 2088 ipsum
1631 2045 1672 2080 de
1687 2046 1792 2081 nimio
1803 2046 1839 2080 in
1851 2044 1957 2089 lapsos
1968 2043 2075 2089 rigore

1186 2094 1346 2129 accusavit
1366 2092 1452 2135 apud
1474 2095 1626 2130 Sanctum
1647 2091 1769 2139 Papam
1801 2095 1996 2130 Cornelium
2022 2093 2077 2127 de-

1187 2145 1238 2177 via
1259 2142 1438 2182 eorundem
1462 2142 1732 2186 presbyterorum
1752 2146 1874 2183 factio,
1900 2144 2075 2187 coegitque

1186 2194 1226 2227 ad
1251 2190 1483 2226 rescribendam
1509 2192 1593 2227 hanc
1616 2192 1844 2237 Apologiam:
1871 2197 2000 2227 Remitto
2017 2203 2076 2224 om-

1187 2250 1260 2284 nia,
1288 2243 1383 2275 multa
1406 2243 1559 2283 disfimalo,
1581 2243 1680 2284 studio
1701 2245 1813 2278 &voto
1831 2243 2073 2287 colltgcndaefra
2094 2265 2141 2301 ΕΡ
2154 2270 2198 2298 Η.

1186 2298 1359 2332 term'tatis,
1389 2297 1479 2326 etiam
1501 2305 1568 2335 quae
1589 2300 1622 2326 in
1645 2297 1740 2327 Deum
1759 2294 1905 2336 commissa
1917 2292 1990 2337 sunt
2016 2305 2074 2327 non

1184 2344 1273 2386 pleno
1287 2345 1402 2384 judicio
1421 2344 1570 2387 religionis
1593 2350 1754 2386 examlno,
1781 2344 1897 2378 delictis
1915 2343 2075 2387 plusquam

1188 2401 1298 2436 oportet
1320 2395 1508 2426 remittendis
1524 2395 1602 2435 pen?
1629 2393 1692 2437 ipse
1717 2396 1874 2437 delinquo.
1903 2394 2075 2442 Qiosdam

1189 2444 1291 2478 nimia
1315 2445 1368 2477 sua
1389 2443 1546 2479 facilitate
1568 2445 1728 2489 susceptos
1749 2444 1894 2488 queritur
1917 2446 2010 2488 fuisse
2027 2456 2078 2488 pe·

789 2542 796 2548 Ι
988 2542 995 2549 .
1188 2494 1237 2551 jus
1260 2493 1418 2550 relapsos,
1446 2495 1480 2528 &
1505 2495 1603 2528 factos
1626 2495 1798 2553 nequiores
1823 2521 1837 2552 .'
1863 2495 2001 2553 ideoque
2023 2497 2076 2534 se,

245 2551 317 2575 tum
339 2541 433 2584 poffit
456 2541 518 2575 effe
544 2542 680 2586 simplex
707 2544 761 2577 seu
787 2544 928 2576 informe
949 2568 961 2582 ,
986 2541 1127 2584 1deoque
1190 2555 1236 2578 uti
1259 2543 1300 2579 ab
1327 2544 1385 2577 ista
1405 2545 1546 2578 faitione
1568 2545 1609 2579 de
1630 2556 1739 2591 rigore
1751 2556 1878 2586 nimio,
1905 2556 1950 2579 ita
1972 2545 2080 2578 &afi-

246 2602 347 2626 omne
358 2598 450 2624 extra
462 2591 636 2624 Ecclesiam
653 2615 664 2630 ,
684 2593 841 2636 quoniam
865 2593 936 2626 istic
949 2594 1125 2627 formatum
1190 2594 1254 2627 deli
1269 2595 1325 2627 suo
1337 2594 1461 2637 populo
1472 2596 1611 2629 accusari
1623 2596 1664 2630 de
1680 2596 1780 2630 nimia
1802 2595 1993 2630 clementia.
2024 2594 2078 2679 Ἐε

246 2642 309 2675 esic
333 2651 401 2674 non
428 2641 537 2680 valet,
562 2639 674 2674 datum
696 2643 747 2675 vel
771 2651 939 2686 acceptum
951 2643 990 2676 fit
1013 2652 1125 2676 rrtum
1169 2643 1306 2952 'eadem
1329 2645 1500 2678 clementia
1523 2646 1558 2679 in
1573 2646 1712 2687 Synodo
1723 2645 1762 2678 ad
1774 2646 1941 2692 Qercum
1953 2655 2031 2678 accu
2065 2662 2078 2668 -

245 2692 279 2724 ὅ(
290 2690 417 2724 nullum
431 2714 438 2722 .
467 2690 611 2736 Qaessio
624 2691 793 2734 praesertim
806 2702 874 2726 erat
887 2691 927 2726 de
942 2692 1127 2735 Baptismo·
1192 2705 1243 2727 tus
1254 2694 1317 2727 fuit
1328 2695 1462 2727 sanstus
1474 2695 1614 2736 Ioannes
1628 2695 1882 2738 Chrysostomus
1893 2719 1900 2727 .
1923 2695 2077 2729 Lucania:

245 2740 339 2774 Hinc
356 2741 403 2774 eis
416 2739 624 2785 Augustinus
640 2742 801 2785 Baptisina
814 2765 825 2781 ,
849 2742 940 2786 quod
954 2741 1129 2776 fornicato·
1193 2744 1391 2787 Episcopos,
1417 2744 1505 2786 quod
1528 2745 1664 2788 grandes
1691 2755 1879 2788 peccatores
1891 2744 2077 2779 nonsolnm

244 2801 321 2831 res,
346 2788 521 2824 homicidae
538 2815 549 2831 ,
576 2791 710 2825 fratrum
734 2792 841 2826 osores
860 2817 871 2833 ‚
897 2803 994 2836 atque
1014 2792 1072 2826 alii
1093 2792 1126 2825 in
1192 2794 1232 2828 ad
1257 2794 1481 2837 poenitentiam
1504 2805 1571 2827 non
1594 2804 1772 2839 cogerent,
1799 2793 1852 2829 sed
1873 2795 1972 2829 etiam
1993 2795 2077 2829 exal-

246 2840 310 2875 fuis
321 2840 415 2874 malis
429 2841 653 2876 voluntatibus
665 2842 844 2885 pertinaces
866 2843 1032 2885 accipiunt
1044 2842 1127 2875 intra
1192 2853 1297 2878 tarent
1308 2845 1340 2878 in
1354 2843 1487 2877 Clerum
1499 2869 1510 2885 ,
1534 2845 1661 2878 accusat
1680 2845 1712 2879 &
1723 2844 1879 2879 Pontifex
1905 2845 2072 2879 Golafius.

245 2890 422 2925 Ecclesiam
436 2916 446 2931 ‚
474 2892 644 2934 opposuit.
670 2893 779 2935 Ipsum
792 2894 880 2926 enim
904 2905 964 2926 nec
983 2892 1129 2926 exsuffla·
1193 2894 1316 2929 Eadem
1329 2894 1368 2926 de
1390 2893 1522 2928 laxitate
1543 2905 1722 2939 queruntur
1735 2895 1829 2930 tertia
1842 2895 1995 2938 Synodus
2007 2895 2077 2927 Tu-

246 2938 349 2981 bam,
376 2952 436 2976 nec
467 2941 656 2985 repetebant
668 2942 871 2982 Donatistae,
894 2941 1034 2986 ideoque
1053 2942 1130 2977 vali·
1191 2943 1333 2979 ronenfis
1346 2967 1357 2983 ,
1385 2944 1526 2978 secunda
1541 2945 1764 2980 Cabilonensis
1779 2970 1789 2986 ,
1815 2947 1902 2980 sexta
1924 2944 2077 2978 Parisien-
2091 2954 2180 2982 ΟΜ,

247 2987 328 3024 dum
348 2991 571 3035 agnoscebant
591 2993 760 3027 &ratum.
787 2993 831 3026 Et
854 2992 1030 3027 formatum
1055 2993 1130 3027 asse-
1192 2995 1230 3028 fis
1257 3018 1268 3034 ‚
1294 2994 1428 3035 aliaeque
1454 2994 1511 3028 sub
1538 2994 1661 3029 Carolo
1688 2996 1819 3041 Magno
1846 3007 1884 3029 ac
1910 2995 1977 3037 ejus
2003 2993 2075 3028 filio
2091 2993 2182 3029 C-34-
2203 3002 2249 3030 35⁷

248 3049 317 3074 rere
339 3051 407 3073 non
422 3049 593 3083 poterant,
620 3043 759 3086 ideoque
778 3041 981 3087 cogebantur
996 3043 1129 3087 simplex
1192 3044 1364 3078 Ludovico
1384 3043 1447 3077 Pio
1466 3043 1631 3079 celebratae
1652 3058 1659 3077 :
1687 3045 1749 3080 Per
1771 3047 1872 3089 ipsam
1898 3052 2076 3085 queruntur

249 3087 364 3123 fateri.
390 3089 469 3124 Erat
491 3092 620 3126 firmum
645 3101 893 3137 argumentum.
919 3093 1014 3127 Hinc
1033 3094 1131 3136 ipsius
1193 3094 1373 3128 multorum
1399 3094 1524 3128 animas
1544 3095 1830 3140 decipi&perire‚
1860 3094 1895 3127 in
1909 3092 2076 3137 Presbyte-

245 3138 405 3173 efficiendi
427 3142 519 3175 causa
533 3143 700 3178 finxerunt
724 3143 815 3177 illam
833 3143 1131 3178 remiffionemmo-
1191 3156 1300 3177 rorum
1332 3144 1483 3179 manibus
1515 3147 1690 3189 grassantes
1722 3154 1803 3179 tunc
1833 3143 2076 3187 poenitentiales

1192 3194 1289 3228 libros
1310 3194 1468 3228 mandant
1487 3195 1635 3230 comburi
1656 3219 1667 3236 ,
1693 3205 1749 3229 aut
1771 3193 1883 3228 saltem
1905 3194 2078 3236 Synodali-

1191 3256 1238 3279 ter
1259 3244 1402 3288 corrigi,
1430 3255 1467 3278 ac
1489 3246 1718 3289 poenitentiam
1741 3244 1808 3279 dari
1833 3244 2010 3278 secundum
2034 3244 2078 3277 sa-

1192 3304 1260 3328 cras
1287 3294 1488 3337 Scripturas,
1513 3296 1668 3339 antiquos
1688 3294 1842 3329 Canones
1864 3318 1875 3335 ,
1900 3294 1934 3328 &
1955 3295 2076 3328 avitam

1191 3344 1461 3379 consuetudinem
1476 3369 1483 3376 .
1510 3345 1555 3378 Et
1578 3346 1611 3379 in
1637 3344 1726 3378 libris
1751 3345 1792 3379 de
1803 3344 1927 3379 Laicali
1948 3344 2078 3378 Institu-

1190 3395 1282 3429 tione
1294 3393 1402 3429 scribit
1413 3395 1510 3437 Jonas
1521 3395 1638 3429 eodem
1662 3405 1807 3438 tempore
1818 3394 1996 3439 Episcopus
2010 3393 2078 3425 Au-

1191 3445 1377 3480 relianensis
1390 3458 1397 3478 :
1410 3448 1534 3480 Per-rari
1540 3443 1614 3488 sunt
1623 3444 1709 3479 hodie*
1719 3450 1751 3479 in
1764 3443 1891 3486 Ecclefia
1903 3469 1913 3485 ‚
1923 3449 1974 3484 qui
1986 3441 2077 3475 talem

1628 3496 1662 3529 G
1712 3507 1735 3533 2
1935 3498 2029 3535 agant

249 3197 457 3225 mentaneam
476 3202 513 3224 ac
525 3192 743 3226 revocabilem
755 3217 766 3233 ,
793 3194 962 3236 ipsamque
974 3192 1039 3227 istis
1050 3193 1132 3229 fietis

249 3239 404 3274 dixerunt
416 3240 563 3283 impendi
575 3265 582 3273 .
611 3243 654 3275 Et
669 3243 714 3276 ita
737 3244 829 3276 suum
857 3244 980 3286 dogma
1001 3243 1131 3286 peffime'

248 3289 459 3324 intricarunt.
489 3290 546 3323 An
559 3291 649 3326 enim
660 3292 822 3335 ejusmodi
834 3292 974 3327 remiffio
992 3291 1132 3328 subsiste-

247 3349 297 3374 ret
310 3364 321 3380 ,
330 3339 506 3383 disquirere
520 3341 654 3375 Sanetus
665 3341 871 3387 Augustinus
882 3342 1004 3383 noluit,
1016 3344 1130 3387 permi-

247 3389 284 3423 sit
296 3390 427 3423 tranfire
438 3415 447 3430 ,
460 3391 558 3424 etiam
570 3390 648 3424 dato
660 3400 904 3437 atqueaccepto
917 3403 1005 3427 extra
1019 3392 1134 3428 Eccle-

249 3437 324 3473 siam
339 3439 504 3482 Baptismo
516 3441 688 3475 affirmavit
701 3442 946 3479 adscribendam
956 3454 999 3477 ex
1012 3444 1130 3479 eisdem

347 3489 454 3530 Christ.
467 3494 548 3533 Lupi
558 3496 657 3534 Opera
669 3496 756 3525 T.Vl.
