2372 3756
624 77 920 108 SEPTIMUM
954 62 1263 106 ROMANUM
1298 59 1677 108 CONCILmM.

243 155 370 185 Romani
381 155 500 193 Papam
505 151 692 192 statuerant,
719 150 802 194 adse
811 155 980 185 venientem
1003 147 1118 181 honori-

238 200 293 243 fici
300 199 427 244 suscepit
439 227 450 243 ,
474 201 549 243 &fic
560 201 673 236 cundiis
678 200 815 245 prospere
829 200 998 235 cedentibus
1011 224 1021 240 ‚
1041 200 1116 239 jux-

242 258 276 284 ta
286 253 433 287 Natalem
445 256 564 285 Domini
575 264 631 285 non
641 254 724 296 longc'·
745 253 783 285 ab
805 252 875 285 urbe
894 254 1011 290 Roma,
1035 249 1118 290 apud

242 303 375 334 Sutrium
401 304 508 340 synodo
532 309 604 336 item
638 301 705 335 aaa
727 328 738 343 ,
773 300 916 345 causaque
940 310 1119 333 erroneorum

243 351 424 393 Pontificum
449 352 619 397 diligentius
639 353 789 386 ventilata
809 346 828 393 ,'
847 355 1029 384 Gratianum
1060 352 1117 382 Pa-

238 409 317 443 pam
339 402 504 436 convic‘t'um
525 403 624 436 baculo
644 402 787 443 Pastorali
802 405 947 443 privavit
968 425 974 432 .
1004 400 1118 434 Deinde

243 457 373 485 omnium
394 475 406 492 ,
442 461 505 485 tam
526 457 724 487 Romanorum
743 453 836 494 quam
864 452 988 484 altorum
1009 475 1020 491 ‚
1057 460 1120 483 con·

241 499 329 544 sensu
349 503 551 544 vaigderum
571 500 816 546 Bambergensem
841 499 1019 544 Episcopum
1036 525 1047 541 ‚
1074 504 1120 533 ni-

245 552 339 583 mium
357 552 546 586 reluctantem
558 578 569 593 ,
594 551 741 595 summum
765 555 912 585 Romanae
922 549 1056 591 Ecclefiae
1068 550 1121 583 ele-

242 605 291 644 git
316 601 486 642 Pontificem
508 627 514 634 .
551 603 724 636 Romanus
746 601 902 644 Pontifex
924 612 993 634 non
1018 601 1121 636 utitur

245 649 406 685 Pastorali
426 651 536 686 Pedo.
565 652 722 686 Rationes
744 653 804 686 suo
825 652 901 685 loco
924 650 995 685 dixi
1015 674 1021 680 .
1046 648 1124 682 Pro-

248 700 326 734 inde
348 701 559 736 Hermannus
583 702 730 745 loquitur
746 702 786 736 ad
815 711 943 735 morem
969 701 1029 733 suae
1045 708 1123 741 gen-

247 749 313 790 tis,
337 752 395 785 ubi
415 751 593 795 degradato
617 752 780 795 Episcopo
802 750 925 785 solebat
946 750 1062 783 auferri
1075 759 1126 791 pe-

231 798 350 842 ⁴dum,
378 801 485 842 ipsum
506 802 622 834 deferri
643 800 684 835 ad
705 801 917 844 Principem,
944 801 978 833 &
1000 797 1055 832 hic
1069 810 1126 831 no-

248 860 326 882 vum
349 849 495 883 Electum
508 860 562 892 per
574 850 656 884 istud
670 851 819 884 investire
830 873 838 881 .
869 849 1004 883 Certum
1015 859 1124 883 tamen

248 898 318 939 est,
343 899 433 942 quod
455 899 620 933 Henricus
640 900 848 935 Clementem
870 910 938 933 non
961 899 1126 933 investive-

249 948 291 981 rit
312 972 320 980 .
360 948 489 983 Primus
509 948 574 984 hoc
593 950 628 983 in
651 951 872 985 octavianum
898 948 1125 993 Anti-Papam

249 998 423 1033 attentavit
441 999 621 1042 Imperator
640 999 830 1036 Fredericus
848 1025 856 1032 .
893 1000 1003 1034 Etiam
1029 1001 1124 1034 Lam-

80 1057 212 1090 A·1077·
252 1047 361 1083 bertus
386 1046 696 1095 Schafnaburgenfis
716 1049 855 1086 breviter
881 1050 992 1085 scribit
1013 1062 1020 1082 t
1058 1053 1127 1082 Rex

251 1099 399 1132 Natalem
410 1101 531 1133 Domini
542 1104 643 1134 Romae
654 1101 833 1141 celebravit,
860 1101 912 1134 ubi
921 1099 1019 1133 tribus
1042 1101 1128 1140 depo-

246 1146 311 1189 fitis
321 1173 332 1189 ‚
359 1154 410 1191 qui
423 1152 441 1181 5
442 1151 525 1183 edem
536 1154 559 1182 A
557 1149 724 1192 postolicam
735 1154 837 1184 co'ntra
848 1149 1061 1190 Ecclesiasticus
1072 1152 1116 1182 Re

249 1200 338 1242 gulas
351 1197 529 1242 invaserant
539 1225 549 1241 ,
575 1201 774 1244 vaigderum
783 1198 1032 1243 Bambergensem
1055 1202 1131 1240 Epi-

251 1248 370 1292 scopum
394 1249 540 1289 constituit
575 1251 772 1292 Apostolorum
816 1255 966 1284 Vicarium
987 1275 994 1282 .
1027 1248 1130 1297 Qod

255 1299 359 1342 ipsum
379 1298 496 1333 eodem
517 1300 717 1343 compendio
740 1300 839 1335 habet
861 1301 1032 1334 Marianus
1057 1299 1132 1333 Sco·

255 1356 316 1381 tus*
332 1373 339 1380 .
367 1348 505 1392 Aliquid
527 1350 689 1393 singulare
710 1349 808 1385 habet
829 1350 1015 1394 sigebertus
1036 1349 1132 1383 Gem-

258 1397 432 1432 blacenfis.
460 1399 640 1434 Benedidlus
652 1424 663 1440 ‚
689 1399 901 1442 quifimoniace*
916 1403 1069 1441 Papatum
1079 1402 1134 1432 Ro·

256 1458 377 1482 manum
388 1446 568 1490 invaserat,
594 1460 659 1483 cum
669 1450 734 1493 effet
743 1451 827 1483 rudis
849 1452 1033 1489 litterarum,
1062 1450 1134 1482 alte-

257 1509 327 1532 rum
354 1498 399 1530 ad
415 1504 496 1531 vices
517 1498 703 1540 Ecclefiastici
720 1501 801 1542 officii
822 1499 1024 1543 exsequendas
1038 1498 1135 1541 secum

259 1551 379 1589 Papam
389 1547 560 1588 sylvestrum
570 1547 730 1592 consecrari
735 1549 810 1591 fecit
822 1575 829 1581 .
858 1551 951 1594 ‚Quod
959 1561 1023 1583 cum
1035 1549 1134 1581 multis

257 1608 316 1630 non
336 1598 466 1638 placeret
480 1620 490 1636 ‚
513 1603 618 1633 tertius
639 1598 848 1641 superducitur
874 1603 1034 1643 Gregorius
1048 1622 1059 1639 ,
1085 1604 1136 1640 qui

254 1645 335 1691 solus
346 1652 426 1680 vices
433 1649 554 1681 duorum
565 1649 700 1689 impleret
716 1674 724 1681 .
751 1649 794 1682 Et
814 1650 855 1687 ad
867 1661 993 1683 annum
1003 1650 1135 1691 sequen·

258 1707 341 1731 tem:
366 1700 467 1731 Romae
479 1710 535 1731 uno
545 1707 647 1731 contra
659 1699 732 1731 duos
744 1722 753 1738 ,
766 1700 800 1732 <5
813 1698 923 1733 duobus
933 1707 1037 1731 contra
1047 1709 1137 1731 unum

260 1748 298 1780 de
310 1749 430 1788 Papam
439 1747 677 1782 contendentibus
693 1773 704 1788 ,
730 1752 796 1781 Rex
810 1755 956 1786 Henricus
970 1757 1072 1781 contra
1091 1759 1134 1781 eos

260 1801 386 1829 Romam
397 1799 488 1830 vadit
496 1822 506 1837 ‚
533 1799 566 1831 (3*
578 1804 619 1830 eis
630 1801 783 1840 imperiali
796 1801 828 1832 (5
842 1803 996 1832 Canonica
1008 1797 1135 1831 autbori-

261 1855 326 1880 tate
335 1846 468 1889 depositis
480 1871 491 1887 ,
518 1849 704 1891 vaigderus
716 1847 937 1894 Bambergenfis
950 1847 1116 1892 Episcopus
1127 1872 1137 1887 ,

261 1902 313 1939 qui
323 1898 508 1931 &Clemens
521 1921 532 1937 ,
557 1900 700 1931 Romana
715 1898 848 1940 Eccleſsae
856 1897 1014 1941 praefidet.
1043 1898 1137 1931 Affir-

261 1954 331 1983 mat
339 1945 425 1990 quod
438 1945 630 1981 Benedictus
641 1949 676 1982 «Sc
689 1949 807 1992 Joanni
820 1948 984 1983 sabinensi
1010 1949 1139 1991 Episco-

262 2008 308 2040 po
330 2019 341 2035 ‚
366 1998 400 2031 &
426 1996 587 2032 Gratiano
615 1997 927 2043 Archi-Presbytero
950 2011 1019 2033 non
1041 1997 1139 2042 Papa-

262 2057 359 2086 tum,
385 2047 440 2081 sed
452 2047 535 2085 solas
548 2047 752 2092 Episcopalis
774 2049 876 2082 officii
898 2049 983 2082 vices
1004 2047 1141 2082 tradide-

264 2097 328 2138 rit,
354 2094 443 2139 quod
455 2095 491 2130 hi
503 2096 606 2139 ipsum
617 2096 777 2141 papatum
791 2097 848 2131 fibi
873 2097 987 2132 datum
1015 2107 1140 2141 proeten·

265 2146 373 2180 derint
387 2170 398 2186 ,
416 2146 504 2188 quod
523 2145 583 2180 hac
605 2147 646 2180 de
666 2148 760 2181 causa
780 2148 940 2191 Joannem
962 2147 1142 2190 expulerit,

265 2208 304 2230 ac
330 2196 527 2230 Gratianum
550 2196 649 2231 etiam
669 2196 829 2240 expellere
848 2196 988 2232 voluerit
1008 2191 1158 2265 Benedi-'

265 2247 333 2280 etus
341 2269 353 2286 ,
378 2254 478 2289 atque
488 2247 533 2280 ita
544 2246 658 2280 omnia
670 2246 773 2280 turbis
785 2246 997 2290 compleverit
1009 2272 1016 2279 .

319 2293 361 2328 Et
374 2295 510 2339 quidem
518 2295 704 2329 Henricum
714 2295 946 2340 Imperatorem
954 2297 1046 2331 fuisse
1057 2297 1143 2331 zelo-

267 2345 423 2379 sisfimum
432 2357 470 2380 ac
496 2345 743 2381 strenuiffimum
761 2348 930 2392 granantis
953 2357 1032 2382 tunc
1055 2349 1144 2381 fimo-

269 2394 332 2429 niae
343 2395 586 2438 exstiipatorem
599 2420 611 2437 ,
636 2395 824 2439 ideoque&
847 2397 1056 2441 purificandae
1080 2398 1144 2431 Ro-

269 2456 374 2479 manae
399 2445 549 2480 Ecclefiae
569 2446 770 2490 fingulatiter
794 2446 970 2488 studuisse,
997 2446 1144 2491 pluribus

269 2495 434 2528 ostensum
444 2495 489 2529 est
502 2496 562 2530 suo
574 2497 651 2531 loco
663 2521 674 2537 ,
699 2496 845 2531 &videri
857 2498 953 2541 poffit
975 2497 1010 2531 in
1024 2497 1106 2531 Vird
1114 2510 1143 2531 u-

270 2545 359 2579 nensi
371 2542 540 2579 Chronico
553 2547 711 2590 Hugonis
722 2546 863 2581 Abbatis
875 2547 1125 2581 Flaviniacenlis
1139 2575 1144 2581 .

269 2594 384 2629 Aliam
396 2596 525 2638 insuper
535 2596 696 2629 rationem
706 2595 839 2630 adducit
863 2597 1045 2631 Cardinalis
1066 2597 1145 2631 Ben-

270 2656 316 2678 no
330 2659 341 2678 .·
368 2649 405 2678 In
416 2646 521 2679 diebus
532 2647 592 2679 illis
605 2646 740 2687 defunc‘lo
752 2647 904 2680 conrardo
915 2671 925 2686 ‚
951 2648 1022 2690 legis
1035 2648 1068 2680 (9·
1092 2651 1147 2681 Re-

270 2696 387 2738 ligionis
409 2697 516 2728 cultore
533 2695 688 2737 fideliffimo
713 2721 724 2737 ‚
750 2699 947 2729 Romanorum
970 2701 1147 2739 Imperatore

271 2745 394 2788 Augusto
406 2770 416 2786 ,
442 2744 668 2786 Theopbylac‘lus
683 2770 692 2785 ,
719 2753 771 2787 qui
782 2747 817 2780 (Β
830 2746 1012 2780 Benedio‘lus
1035 2757 1127 2780 nonus
1137 2771 1148 2786 ,

272 2794 372 2840 habito
383 2794 490 2835 confilio
499 2807 563 2827 cum
567 2795 722 2837 familiari
727 2794 781 2838 suo
809 2800 972 2829 Laurentio
996 2797 1148 2839 Amalpbi-

270 2853 344 2879 tano
354 2843 592 2888 Archiepiscopo,
621 2847 732 2879 &aliis
748 2845 812 2888 suis
834 2846 1041 2888 complicibus,
1067 2848 1149 2880 moli-

271 2904 320 2928 tus
334 2894 475 2937 estfilium
498 2900 689 2935 Imperatoris
712 2898 861 2929 Conrardi
876 2921 887 2936 ‚
914 2901 1070 2930 Henrieum
1092 2902 1149 2931 Im-

268 2952 436 2985 peratorem
443 2944 604 2987 fiicceffione
617 2951 741 2987 Imperii
751 2947 910 2979 exturbare
920 2971 931 2987 ‚
957 2948 991 2980 Θ
1003 2952 1036 2978 in
1048 2949 1149 2981 Eccle—

267 2993 312 3036 fia
338 2993 460 3036 diversa
480 2993 643 3038 schismata
660 2994 829 3038 seminare.
860 2995 937 3037 Mifit
959 3001 1051 3040 igitur
1074 3009 1146 3031 coro-

272 3053 345 3082 nam
357 3048 483 3076 Romani
496 3050 614 3086 Imperii
628 3049 718 3080 Petro
729 3050 800 3089 Regi
822 3051 1005 3090 Hungarico.
1033 3049 1093 3080 Sed
1107 3050 1152 3082 ad

275 3096 400 3127 Petrum
425 3096 658 3137 expugnandum
685 3098 800 3130 direxit
823 3101 983 3139 Imperator
1005 3101 1148 3132 Henricus

275 3149 386 3176 Ducem
414 3143 618 3188 Lotharingiae
646 3146 866 3187 Godefria'um,
891 3152 991 3181 virum
1013 3146 1147 3190 fidelem,

273 3194 346 3227 bello
356 3193 502 3232 strenuum
512 3219 521 3233 ,
549 3196 582 3227 (Ὗ
592 3200 669 3228 inter
681 3199 776 3239 Regni
789 3200 940 3238 Principes
951 3198 1145 3237 clariffimum.

278 3247 343 3287 ,Qui
349 3250 447 3285 primo
457 3243 588 3284 conflictu
602 3247 724 3278 Petrum
744 3245 815 3280 bello
832 3256 972 3288 captum,
997 3247 1029 3280 (θ’
1048 3259 1143 3283 omnes

278 3298 396 3327 vicinas
409 3300 542 3327 nationes
555 3317 566 3333 ,
591 3305 627 3327 ne
647 3300 678 3327 in
698 3307 762 3328 eum
782 3298 901 3339 aliquid
919 3295 1147 3340 pmJumerem,

280 3345 424 3378 deterruit
436 3356 442 3374 :
472 3347 516 3376 Et
527 3354 559 3377 ut
570 3345 664 3387 digna
670 3343 768 3385 fallis
779 3353 859 3380 tanti
863 3345 1036 3390 schismatis
1046 3348 1146 3383 autho-

382 3392 570 3436 chrstLupi
583 3399 681 3436 Opera
691 3398 721 3427 T.
727 3399 755 3428 V
755 3400 778 3428 l.

84 1442 116 1475 Α.
138 1447 219 1475 1045·

1892 81 1919 113 2
1931 82 1949 123 3
1966 82 1985 123 3

1180 150 1207 178 ri
1217 144 1421 186 Theopbylabio
1433 147 1566 180 redderet
1578 172 1588 187 ,
1614 154 1739 183 Romam
1762 155 1867 184 venire
1887 148 2028 194 disposuit
2044 150 2057 182 .’

1183 196 1249 240 ,Quo
1260 196 1363 229 audito
1373 193 1599 236 Theophyiaaus
1611 223 1621 237 ‚
1646 204 1747 234 timore
1752 206 1933 242 perterritus
1941 225 1951 241 ‚
1983 211 2056 232 ven-

1183 248 1230 280 dit
1244 249 1396 287 Papatum
1404 246 1533 286 complici
1546 244 1601 287 suo
1617 248 1647 288 J
1650 255 1736 280 oanni
1757 253 1903 284 Gratiano
1913 275 1924 291 ,
1952 248 2056 282 Archi·

1185 296 1352 334 Presbytero
1362 294 1494 337 Ecclefiae
1508 294 1609 327 santii
1613 299 1645 338 J
1647 304 1752 329 oannis
1763 300 1799 331 de
1812 303 1903 333 Porta
1915 304 2031 333 Latina
2043 322 2056 338 ,

1186 345 1324 390 Magistro
1350 345 1576 386 Hildebraendi,
1602 352 1729 386 acceptis
1755 346 1792 377 ab
1812 359 1842 379 eo
1861 349 1947 382 libris
1976 349 2057 381 mille

1185 402 1370 440 quingentis.
1401 398 1466 439 ,Qui
1486 393 1670 438 adscendens
1685 393 1805 438 sacram
1814 398 1935 439 Sedem,
1962 406 2058 431 tantae

1186 452 1356 490 iniquitatis
1364 445 1530 490 gradibus,
1561 451 1675 478 nomine
1692 454 1806 478 mutato
1819 446 1915 479 dic‘lus
1937 447 1972 486 est
1990 446 2061 489 sex-

1186 507 1236 531 tus
1246 501 1421 541 Gregorius.
1449 495 1530 541 Qae
1541 507 1583 530 an
1598 495 1788 535 subsistant,
1807 495 1948 539 ignoro.
1976 496 2063 538 Ipso-

1188 558 1371 582 rumssemo
1395 546 1499 581 fidelis
1522 547 1674 580 meminit
1695 570 1701 576 .
1726 545 1770 579 Et
1793 545 1909 578 Benno
1931 545 2065 578 adducit

1189 599 1246 632 ista
1257 597 1370 631 omnia
1386 622 1396 637 ‚
1422 596 1652 631 utfibiscalam
1676 598 1774 630 faciat
1797 595 1837 629 ad
1861 593 1992 639 pessime
2017 605 2068 628 ca·

1190 647 1420 683 lumniandurn
1449 645 1618 690 septimum
1643 645 1860 690 Gregorium.
1892 644 2069 691 Qidquid

1189 699 1245 737 fit,
1271 697 1475 732 manifestum
1487 697 1531 730 est
1545 697 1685 730 Henrici
1710 696 1837 730 Patrem
1860 694 2070 730 conrardum

1192 761 1259 783 non
1272 748 1366 782 fuiffe
1379 746 1596 781 fideliffimum
1610 746 1737 791 legis&
1756 744 1944 789 Religionis
1966 745 2069 779 culto-

1191 811 1274 833 rem.
1304 797 1438 832 Etenim
1460 796 1672 839 Episcopatus
1692 819 1702 834 ,
1734 795 1892 829 Abbatias
1916 818 1926 834 ‚
1950 794 2069 838 quaevis

1193 848 1414 883 Ecclefiastica
1427 846 1583 881 beneficia
1596 847 1702 889 palam
1725 846 1874 879 vendidit
1887 870 1898 885 ‚
1924 846 2018 879 omni
2037 845 2070 877 fi<

1194 898 1312 932 moniae
1336 909 1454 942 genere
1475 897 1668 931 Romanum
1693 896 1869 939 Imperium
1894 894 2070 929 maculavit

1195 949 1292 992 usque
1305 948 1345 982 ad
1355 953 1506 1031 ezremae
1518 947 1618 980 ruinae
1630 946 1771 990 pericula
1784 970 1795 986 ‚
1822 947 1856 980 &
1868 946 2071 988 semetipsum

1194 999 1228 1031 in
1265 998 1380 1039 sempit
1402 1009 1474 1031 rnas
1510 996 1678 1041 gehennas
1704 997 1813 1030 forsan
1835 995 2061 1039 praecipitavit.

1194 1047 1297 1095 Qod
1311 1048 1396 1081 istud
1408 1045 1449 1080 de
1473 1047 1541 1090 ipso
1562 1047 1729 1087 timuerit,
1756 1045 1897 1089 ideoque
1919 1043 2074 1079 omnibus

1197 1098 1345 1132 Ecclefiis
1357 1108 1394 1131 ac
1416 1095 1626 1131 Monasteriis
1637 1097 1797 1131 solemnes
1820 1107 1928 1139 preces
1949 1095 2076 1129 indixe-

1196 1150 1237 1182 rit
1250 1148 1338 1182 filius
1360 1147 1650 1186 Henricusyscum
1674 1146 1749 1181 aliis
1771 1146 1905 1181 testatur
1926 1145 2076 1180 laudatus

1199 1196 1310 1232 Abbas
1320 1196 1571 1232 Flaviniaeenfis
1582 1221 1590 1228 .

1248 1248 1362 1282 Aliam
1374 1271 1385 1288 ,
1411 1258 1452 1281 ex
1465 1259 1528 1291 qua
1543 1246 1721 1290 Imperator
1732 1247 1900 1282 Henricus
1910 1248 1955 1282 ita
1969 1250 2079 1282 tratta-

1199 1298 1281 1334 verit
1287 1296 1390 1332 diuos
1399 1308 1461 1333 tres
1471 1297 1650 1333 Pontifices
1659 1323 1671 1339 ,
1681 1300 1812 1333 causam
1825 1299 1967 1343 suggerit
1978 1299 2078 1332 etiam

1200 1349 1400 1383 Guilielmus
1422 1346 1715 1382 Malmesberienfis
1735 1348 1931 1382 Monasterii
1952 1348 2080 1382 Biblio-

1200 1397 1360 1433 thecarius
1370 1412 1380 1432 z
1407 1401 1564 1442 Gregorius
1576 1402 1705 1431 Romani
1716 1399 1898 1440 Apostolatus
1905 1398 2016 1438 statum
2023 1406 2079 1440 per

1200 1454 1345 1482 incuriam
1359 1449 1568 1490 Antecessorum
1588 1447 1707 1490 suorum
1731 1456 1777 1482 tta
1798 1450 1979 1481 diminutum
1996 1454 2081 1482 inve-

1201 1505 1268 1540 nit,
1294 1508 1328 1531 ut
1336 1507 1450 1540 praeter
1458 1507 1558 1540 pauca
1569 1499 1679 1540 oppida
1699 1497 1766 1531 urbi
1789 1502 1914 1538 vicina,
1941 1500 1975 1532 (9'
2001 1499 2081 1532 obla-

1202 1554 1294 1582 tiones
1305 1549 1459 1591 fidelium‚
1482 1551 1562 1590 pene
1580 1548 1658 1582 nibil
1680 1547 1820 1589 baberet,
1847 1560 1906 1591 quo
1922 1547 1956 1591 se
1975 1547 2083 1591 susten-

1202 1607 1280 1633 taret
1294 1623 1300 1630 .
1327 1604 1482 1634 civitates
1495 1601 1530 1634 6*
1539 1598 1713 1642 posseffiones
1724 1604 1756 1631 in
1785 1601 1941 1641 longinquo
1956 1598 2057 1640 pofitae
2071 1623 2084 1639 ‚

1203 1660 1270 1691 quae
1280 1649 1381 1688 adjus
1394 1648 1526 1689 Ecclefiae
1534 1649 1734 1691 pertinebant
1742 1673 1756 1689 ,
1766 1650 1787 1679 ἃ
1793 1646 1986 1689 praea'onibus
1999 1649 2096 1682 abla-·

1204 1707 1263 1730 tae.
1292 1700 1441 1731 Tramites
1460 1698 1575 1738 publici
1595 1700 1629 1731 (ν
1643 1698 1744 1738 strata
1766 1703 1889 1731 viarum
1909 1707 1963 1739 per
1991 1707 2087 1731 totam

1204 1749 1329 1781 Italiam
1355 1749 1376 1780 ἃ
1394 1748 1562 1781 latronibus
1579 1747 1793 1789 stipabantur,
1820 1756 1853 1779 ut
1875 1749 1974 1781 nullus
2000 1757 2086 1790 pere-

1199 1803 1330 1842 grinus,
1355 1796 1412 1840 nisi
1432 1808 1497 1831 cum
1519 1800 1627 1839 majori
1645 1809 1754 1839 manu,
1780 1800 1902 1839 impune?
1928 1797 2085 1840 tranfiret.

1206 1847 1381 1881 Fervebant
1393 1852 1464 1881 totis
1481 1846 1598 1890 semitis
1619 1847 1822 1892 infidiatorum
1844 1854 1986 1881 examina
1999 1873 2009 1888 ‚
2035 1859 2087 1882 neo

1205 1898 1376 1932 inveniebat
1399 1902 1500 1931 viator
1523 1922 1534 1939 ‚
1559 1909 1615 1941 quo
1632 1900 1753 1932 colludio
1776 1900 1918 1933 evaderet
1939 1924 1945 1932 .
1982 1903 2033 1932 Ita
2053 1904 2087 1932 in

1205 1960 1332 1983 vacuum
1352 1973 1362 1989 ‚
1399 1956 1457 1982 icut
1476 1952 1508 1980 in
1525 1947 1713 1992 pecuniosum
1725 1949 1890 1991 furebatur
1912 1973 1924 1989 ‚
1947 1960 1999 1983 nec
2015 1947 2089 1992 sup·

1201 2000 1275 2042 plex
1296 1999 1405 2033 habere
1413 2004 1570 2043 gratiam,
1594 2010 1645 2032 nec
1664 1998 1793 2041 resistens
1810 2005 1882 2041 pati
1890 2007 2010 2041 poterat
2021 2005 2085 2032 vio-

1206 2051 1331 2083 lentiam
1346 2074 1353 2081 .
1381 2049 1527 2091 Cessatum
1552 2048 1589 2089 est
1610 2049 1649 2082 ab
1671 2056 1749 2083 omni
1772 2053 1935 2083 Provincia
1960 2053 2088 2082 Romam

1207 2105 1262 2131 iter
1283 2100 1405 2141 aggredi
1432 2111 1439 2130 ε
1475 2101 1561 2141 ,Quia
1583 2100 1682 2132 mallet
1700 2099 1821 2142 quilibet
1836 2109 1894 2142 per
1918 2100 2089 2139 domestica:

1208 2146 1351 2190 Ecclefias
1372 2157 1505 2180 nummos
1524 2146 1591 2190 suos
1613 2150 1751 2183 dividere
1772 2173 1783 2189 ,
1821 2151 1914 2191 quam
1936 2151 2090 2183 latruncu-

1206 2199 1250 2231 los
1284 2204 1417 2240 propriis
1453 2197 1603 2230 laboribus
1622 2197 1740 2240 pascere
1765 2223 1772 2229 .
1810 2200 1900 2242 ,Quid
1935 2205 1966 2231 in
1993 2199 2087 2239 urbe,

1208 2254 1289 2281 unico
1309 2249 1376 2281 olim
1397 2247 1561 2281 habitaculo
1585 2246 1783 2290 sandinum?
1811 2250 1856 2282 Ibi
1882 2254 1913 2280 in
1939 2249 2087 2291 niediofo-

1209 2310 1241 2331 ro
1255 2296 1355 2339 ficarii
1375 2297 1590 2340 vagabantur,
1612 2309 1705 2341 genus
1731 2298 1880 2331 bominum
1906 2299 2031 2341 infidum
2052 2301 2087 2333 ὁ·

1211 2347 1363 2391 'versutum
1385 2372 1392 2379 .
1418 2349 1449 2380 Si
1469 2352 1536 2389 quis
1557 2346 1732 2390 semitarum
1757 2347 1958 2391 observatores
1984 2351 2087 2391 aliquo

1210 2396 1360 2440 transtisset
1383 2398 1506 2439 artificio
1526 2423 1537 2438 ,
1563 2403 1672 2440 capitis
1691 2398 1800 2441 scilicet
1821 2401 1950 2441 periculo
1977 2399 2089 2441 Aposto-

1210 2450 1231 2481 li
1254 2446 1411 2489 Ecclesiam
1434 2448 1537 2481 videre
1560 2453 1681 2489 cupiens
1694 2472 1705 2488 ,
1734 2454 1765 2482 in
1785 2447 1904 2489 ficarios
1931 2451 2086 2489 incidens,

1211 2498 1287 2530 nullo
1322 2499 1406 2530 modo
1418 2496 1480 2538 fine
1500 2497 1676 2539 substantia·
1702 2500 1754 2532 vel
1772 2497 1881 2542 salum
1909 2501 2018 2533 damno
2039 2500 2089 2532 do-

1209 2559 1291 2581 mum
1310 2556 1510 2581 reverteretur
1531 2573 1538 2580 .
1565 2550 1656 2589 super
1677 2547 1743 2591 ipsa
1769 2558 1886 2590 corpora
1912 2549 2087 2583 sanctorum

1212 2595 1400 2638 Apostolorum
1438 2598 1471 2630 (Ὗ
1497 2601 1660 2635 Martyrum
1685 2622 1696 2637 ‚
1728 2600 1824 2640 supra
1858 2598 1947 2642 sacra
1973 2601 2087 2632 altaria

1204 2648 1304 2691 gladii
1327 2646 1542 2687 nudabantur,
1570 2649 1604 2680 <9⁸
1624 2648 1783 2681 oblationes
1805 2650 2005 2682 accedentium
2029 2654 2086 2682 vix

1209 2698 1280 2730 dum
1295 2695 1433 2738 appofitae
1454 2698 1490 2729 de
1517 2697 1655 2729 manibus
1678 2698 1923 2739 abripiebantur,
1952 2699 2083 2739 abrepta:²

1209 2754 1241 2780 in
1266 2746 1506 2789 commessationes
1534 2749 1567 2779 (tt
1594 2745 1754 2789 scortorum
1773 2747 1919 2790 abufiones
1945 2748 2088 2791 consume-

1208 2797 1317 2830 bantur
1333 2822 1340 2829 .
1368 2797 1449 2830 Haec
1471 2796 1556 2830 mala
1579 2796 1720 2840 primum
1741 2809 1795 2841 per
1821 2800 2086 2833 excommunica*

1209 2848 1315 2882 tiones
1338 2847 1371 2880 &
1394 2843 1623 2887 anathemata,
1649 2848 1683 2882 ὅτ.
1703 2847 1792 2892 quod
1814 2849 1870 2882 illa
1896 2861 1963 2882 non
1990 2851 2085 2892 profi-

1208 2906 1316 2932 cerent
1337 2897 1423 2939 apud
1444 2897 1585 2938 impios,
1611 2898 1743 2932 tandem
1769 2909 1822 2941 per
1844 2899 1968 2933 collecsti
1997 2911 2084 2932 exer-

1208 2948 1290 2981 citus
1313 2958 1401 2981 arma
1421 2947 1608 2989 compulsus
1627 2949 1689 2981 fuit
1703 2949 1882 2993 Gregorius
1895 2950 2063 2982 eliminare
2075 2974 2082 2981 .

1209 2998 1253 3031 Et
1275 2997 1291 3030 ἐ
1318 2996 1477 3031 Romanis
1498 2997 1716 3032 Pontificibus
1737 2997 1793 3032 hic
1805 2998 1945 3033 omnino
1955 2997 2083 3032 videtur

1208 3049 1269 3082 effe
1294 3046 1416 3089 primus
1441 3071 1453 3087 ,
1490 3048 1547 3089 qui
1574 3059 1715 3083 armatos
1741 3048 1861 3082 milites
1886 3048 2022 3092 collegit
2047 3049 2083 3086 ὃς

1208 3098 1301 3132 aluit.
1331 3097 1414 3131 Haec
1436 3098 1566 3131 novitas
1591 3098 1718 3134 videtur
1738 3098 1888 3132 Henrico
1914 3098 2006 3142 fuisse
2036 3100 2087 3133 su-

1209 3149 1334 3192 specta,
1359 3157 1457 3190 atque
1483 3147 1528 3180 ita
1549 3146 1643 3182 illum
1665 3148 1814 3182 excitasse
1836 3148 1877 3182 ad
1897 3147 2081 3183 intrandam

1208 3198 1336 3233 Italiam
1355 3222 1368 3237 ,
1403 3198 1436 3231 &
1462 3197 1661 3240 Gregorium
1682 3199 1746 3232 una
1768 3209 1845 3231 cum
1866 3197 1938 3231 aliis
1958 3209 2012 3241 per
2038 3199 2085 3233 Si·

1209 3249 1356 3282 moniam
1367 3246 1495 3281 intrusis
1515 3246 1879 3286 Pseudo-Pontificibus
1905 3247 2085 3293 degradan-

1210 3299 1307 3333 dum.

1258 3347 1366 3384 Prima
1392 3346 1524 3393 quaestio
1550 3348 1619 3389 est,
1645 3346 1702 3382 An
1730 3348 1784 3384 hic
1795 3344 1976 3395 Gregorius
1987 3349 2084 3384 fuerit

1653 3397 1689 3431 V
1742 3410 1759 3447 3
1962 3399 2036 3432 isto-
