2372 3756
74 1026 140 1058 nh.
168 1037 194 1054 2.

76 1076 140 1106 ραι.
166 1077 195 1103 9.

59 1451 134 1490 Cap.
154 1460 167 1487 3
175 1459 203 1485 7.

618 161 681 194 De
717 159 1068 205 QUIBUSDAM
1103 143 1349 192 Paruum
1384 141 1598 190 LOCIS.

201 228 247 264 it‘a
257 239 387 272 quoque
399 229 490 274 panis
501 230 544 264 est
559 229 721 277 praesentis
732 229 909 266 Dominici
934 227 1083 271 corporis

200 280 446 315 Sacramentum
468 306 479 322 ,
515 281 656 324 ideoque
676 280 756 315 reste
780 280 902 317 dicitur
925 278 1085 315 Domini-

200 340 276 364 cum
287 342 428 373 corpus.
455 329 728 366 EtFacundus&
756 329 963 374 Augustinus
987 330 1087 363 ratio-

201 389 278 413 nem
291 381 451 424 figninon
462 380 648 416 Dominico
658 379 788 424 corpori
813 380 1002 423 applicant,
1031 378 1085 416 sed

201 429 397 474 solisipsum
408 430 660 466 continentibus
673 443 710 465 ac
737 428 922 463 velantibus
946 428 1088 465 clemen*

201 480 262 512 tis.
289 480 470 527 Qousque
482 480 669 517 calvinistae
691 479 861 516 veritatem
884 480 918 512 &
946 478 1106 528 figuram¹

202 530 376 565 censebunt
387 532 422 565 in
434 530 498 567 hoc
511 533 723 566 Sacramento
733 529 796 563 effe
808 528 1086 573 incompatibilia,

202 591 274 614 non
286 591 438 624 poterunt
450 593 516 616 non
540 579 733 614 hallucinari
749 603 755 610 .
787 579 893 615 Sancti
917 578 1087 624 Fulgentii

202 630 297 664 locus
308 642 375 665 non
390 631 468 666 facit
481 630 521 667 ad
534 641 600 664 rem
612 655 620 662 .
645 628 721 663 Nec
733 630 823 663 enim
835 629 876 663 de
898 630 1085 663 Sacramen-

203 690 241 714 to
263 679 356 725 agit,
385 682 441 717 sed
459 681 501 716 de
522 678 702 714 sacrificio:
729 678 854 713 Altaris
877 679 1087 713 incruentum

203 741 372 774 comparat
383 742 459 765 cum
471 740 606 766 cruento
619 730 742 764 crucis.
770 730 814 763 Et
839 728 924 763 istud
947 728 1087 766 affirmat

204 780 266 814 esse
280 780 375 824 hujus
385 792 454 814 non
464 779 630 813 veritatem
643 803 653 819 ‚
679 780 732 812 sed
752 779 943 815 memoriam
957 778 1087 814 acima-

207 831 321 874 ginem
333 854 341 861 .
367 830 450 875 Qae
459 828 504 863 est
516 839 667 872 perpetua
678 828 758 863 fides
772 829 875 863 totius
893 827 1040 861 Ecclefiae
1054 852 1060 859 .

257 879 414 917 AdduCto
425 891 466 915 ex
477 878 566 914 libris
577 876 618 913 de
633 878 819 923 Christiana
844 877 991 915 doarina
1012 878 1087 913 loco

208 928 423 973 opponendus
448 930 535 963 venit
557 930 668 968 locus,
695 940 737 963 ex
759 926 850 962 libris
872 937 988 962 contra
1011 927 1089 966 Pro-

210 978 379 1024 phetarum
394 981 428 1014 ὃς
453 979 535 1023 legis
553 978 768 1012 adversarium
781 992 792 1011 .·
820 979 1011 1014 Mediator-em
1034 981 1090 1013 Dei

211 1029 402 1065 &hominum
421 1029 567 1064 hommem
589 1027 737 1068 christum
760 1027 939 1072 JESUM‚
964 1038 1084 1063 carnem
1108 1051 1115 1072 1

206 1078 295 1125 suam
315 1080 398 1113 nobis
420 1077 660 1115 manducandam
683 1104 693 1124 ,
730 1075 950 1120 bibendumque
967 1076 1093 1121 sangui-

211 1141 278 1164 nem
288 1130 433 1170 dantem,
455 1128 538 1171 fideli
552 1130 743 1166 certicefore
762 1127 963 1172 suscipimus,
989 1136 1094 1169 quam-

211 1185 264 1214 vis
274 1179 447 1216 horribilius
458 1181 600 1213 videatur
610 1178 776 1214 humanam
789 1188 908 1211 carnem
933 1175 1097 1212 manduca·

213 1241 247 1264 re
281 1232 374 1273 quam
396 1235 539 1271 perimere
559 1252 570 1268 ‚
607 1228 771 1265 humanum
791 1226 971 1271 sanguinem
994 1234 1096 1269 potare

212 1281 305 1322 quam
318 1278 451 1323 fundere
472 1303 479 1311 .
507 1277 612 1316 Addit
636 1279 699 1313 effe
722 1279 895 1322 figuratam
919 1301 931 1319 ,
956 1275 1097 1319 ideoque

214 1328 298 1364 bene
317 1329 565 1374 intelligendam
590 1329 795 1365 locutionem
814 1350 825 1366 ,
861 1327 895 1361 &
917 1326 960 1361 de
982 1326 1099 1361 eadem

215 1379 323 1424 pergit
343 1380 379 1413 in
397 1380 483 1413 libro
504 1378 545 1412 de
555 1377 637 1415 Fide
648 1388 763 1413 contra
776 1374 1004 1411 Manichaeos:
1027 1379 1092 1408 Ma·
1115 1400 1118 1404 .

216 1428 324 1462 nichaei
357 1429 476 1472 poffunt
510 1433 603 1466 etiam
628 1426 745 1461 horrere
770 1428 848 1460 male?
877 1427 1100 1470 intelligentes,

217 1480 298 1522 quod
320 1482 464 1515 Dominus
485 1484 550 1517 ait,
579 1479 610 1510 51
629 1483 698 1519 quis
721 1487 782 1509 non
795 1477 1026 1512 manducaverit
1036 1485 1122 1525 car-¹

217 1540 284 1562 nem
305 1539 404 1562 meam
418 1551 428 1567 ,
454 1538 512 1560 non
533 1525 654 1559 babebit
678 1531 711 1559 in
730 1525 763 1569 fh
783 1530 899 1560 vitam.
930 1526 1010 1560 Haec
1035 1530 1122 1569 ver-i

218 1577 280 1619 ba,
306 1578 408 1610 Fideli
426 1577 512 1610 corde
533 1578 567 1610 (τ
579 1587 626 1610 ore
633 1575 833 1619 suscipiamus
845 1602 856 1618 ‚
885 1575 993 1613 lucide
1008 1574 1102 1619 profi·
1118 1572 1123 1582 ’“

217 1637 328 1662 tentur
350 1625 561 1663 Eucharistiae
581 1628 763 1664 veritatem.
795 1627 838 1660 Et
862 1636 973 1662 tamen
983 1624 1101 1659 eodem

217 1677 254 1711 in
276 1677 383 1720 capite
395 1677 599 1722 Augustinus
614 1700 625 1717 ‚
651 1686 753 1720 quem
764 1675 845 1709 absit
858 1676 904 1709 sui
918 1676 1013 1719 ipsius
1026 1670 1103 1709 fuis-

219 1728 253 1762 se
276 1726 420 1761 oblitum
434 1752 445 1767 ‚
472 1727 612 1761 affirmat
636 1726 732 1761 istam
746 1725 887 1760 Domini
899 1725 1102 1761 locutionem

219 1778 315 1812 fuiffe
337 1778 508 1821 figuratam
525 1802 532 1811 .
558 1777 689 1819 Nempe
712 1774 934 1816 Manichaeus,
961 1785 1019 1809 aut
1029 1774 1104 1818 quis

219 1827 304 1861 alius
328 1827 470 1871 duplicis
493 1827 688 1860 Divinitatis
708 1824 868 1860 fabulator
879 1824 1009 1860 fuitiste
1022 1825 1103 1868 legis

219 1888 258 1911 ac
277 1875 515 1921 Prophetarum
540 1876 759 1916 adversarius,
788 1886 885 1918 atque
897 1876 943 1910 ita
954 1874 1031 1910 fidei
1046 1885 1103 1908 no-

219 1928 289 1962 ssrae
306 1925 437 1963 Patrem
461 1924 629 1963 Abraham
642 1950 655 1967 ‚
680 1925 772 1970 quod
784 1924 866 1960 duas
877 1926 970 1959 fimul
984 1935 1104 1960 uxores

220 1976 394 2018 habuerit,
419 1975 555 2012 damnat
583 1976 625 2011 de
648 1975 811 2015 adulterio
833 2001 841 2008 .
869 1976 1102 2020 Polygamiam

222 2028 375 2063 asseverat
394 2035 573 2072 repugnare
596 2026 781 2071 Evangelio
805 2027 839 2060 ἂ
860 2036 981 2061 naturae
1003 2050 1015 2066 ,
1041 2025 1104 2058 effe

224 2076 368 2111 horroris
391 2077 522 2118 plenam
546 2075 724 2110 barbariem
746 2099 757 2116 ,
783 2077 992 2110 manifestum
1016 2074 1106 2117 flagi-

226 2127 311 2161 tium
325 2151 335 2165 ‚
362 2120 452 2160 bono
474 2127 552 2163 Deo
574 2137 641 2159 non
665 2125 754 2169 poffe
774 2125 897 2167 placere
918 2149 929 2165 ,
966 2124 1106 2167 ideoque

225 2175 293 2219 eius
303 2177 469 2213 sestatores
483 2187 550 2210 non
564 2175 657 2209 fuisse
671 2174 873 2213 Patriarchas
886 2186 942 2209 aut
963 2173 1106 2217 Prophe-

226 2237 299 2266 tas,
326 2224 376 2262 sed.
387 2226 560 2263 damnatos
574 2225 709 2259 luxuriae
720 2224 938 2261 Professores.
966 2224 1009 2257 Et
1035 2235 1108 2267 pro-

226 2273 312 2311 festo
326 2274 402 2317 ina,
428 2275 542 2318 utpote
555 2285 653 2319 quam
676 2273 799 2318 primus
822 2274 993 2308 attentavit
1022 2274 1108 2307 dete·

226 2323 350 2360 stabilis
378 2324 521 2362 Lamech
544 2348 556 2364 ,
591 2324 689 2359 habet
713 2323 839 2368 aliquid
863 2324 952 2368 pravi
976 2323 1106 2357 odoris.

227 2376 332 2410 Hunc
345 2374 548 2420 diffipaturus
560 2375 694 2409 Sanstus
707 2373 911 2419 Augustinus
921 2399 932 2415 ,
958 2382 1051 2408 notat
1064 2372 1109 2406 di-

227 2424 406 2459 scernenda
417 2426 558 2468 antiquae
570 2426 604 2459 δε
617 2437 708 2459 novae
721 2426 800 2468 legis
814 2434 976 2468 tempora.
1005 2424 1108 2457 Aliud

229 2475 408 2518 simplicem
420 2475 453 2512 ἀ
466 2473 587 2509 nudam
600 2499 611 2515 ‚
637 2473 727 2511 aliud
738 2475 801 2509 effe
813 2473 1006 2521 ptaenunciis
1030 2473 1111 2507 divi-

231 2535 347 2560 narum
358 2524 608 2568 promiffionum
619 2525 835 2561 sacramentis
846 2524 994 2559 vestitam
1014 2523 1108 2567 poly-

231 2574 375 2620 gamiam
398 2599 406 2606 .
435 2574 537 2611 Hanc
559 2598 570 2614 ,
609 2574 704 2609 nobis
722 2575 881 2614 vetitam,
905 2571 1106 2608 demonstrat

232 2624 376 2667 antiquis
402 2624 527 2661 licuisse
546 2623 719 2666 Patribus,
743 2625 837 2659 fuisse
857 2623 1040 2658 futurarum
1062 2634 1104 2658 re·

233 2686 307 2710 rum
317 2674 496 2719 imaginem
509 2676 543 2711 ὅ(
555 2674 693 2719 figuram
707 2699 717 2715 ,
745 2675 864 2708 divinae
876 2673 1056 2716 Maiestatis
1067 2673 1108 2711 ad

233 2724 425 2760 saeculorum
453 2725 535 2762 fines
567 2725 740 2770 figuratam
761 2724 967 2759 locutionem
989 2749 996 2757 .
1034 2724 1108 2764 Nu:

234 2775 326 2809 enim
338 2774 379 2808 de
389 2775 455 2812 sola
470 2785 579 2819 petra,
607 2774 719 2815 nube,
744 2786 782 2809 ac
804 2773 903 2810 rubro
926 2774 1029 2814 mari,
1056 2773 1109 2808 sed

234 2825 334 2860 etiam
345 2824 386 2858 de
398 2824 544 2868 plurimis
554 2825 767 2870 antiquorum
791 2823 967 2861 hominum
988 2824 1112 2862 astibus

236 2885 348 2911 verum
360 2875 404 2908 est
419 2874 502 2910 istud
516 2874 669 2919 Apostoli
679 2889 690 2908 .·
717 2880 828 2910 Omnia
839 2880 870 2907 in
885 2874 985 2918 figura
1000 2882 1111 2908 contin-

233 2924 345 2967 gebant
359 2925 420 2961 mis
429 2950 437 2961 .,
466 2927 584 2967 Scripta
591 2924 663 2971 sunt
673 2936 774 2960 autem
787 2926 832 2958 ad
844 2930 1054 2967 correptionem
1064 2935 1112 2957 no-

232 2972 347 3015 stram,
373 2980 406 3010 in
416 2987 488 3017 quos
508 2976 585 3020 fines
602 2974 776 3019 saerulorum
796 2975 1005 3011 devenerunt.
1031 2975 1112 3008 Hoe

238 3033 354 3058 verum
364 3024 426 3060 effe
435 3025 536 3061 etiam
550 3026 590 3060 de
601 3026 812 3070 antiquorum
826 3023 1014 3071 polygamia
1027 3048 1038 3065 ,
1060 3036 1113 3060 va·

238 3073 577 3111 riisinlocisSanstus
598 3077 822 3122 Augustinus,
849 3076 882 3109 δε
908 3077 942 3109 in
968 3073 1114 3118 Epistola

239 3123 282 3158 ad
295 3123 429 3159 Galatas
439 3123 639 3161 demonstrat
661 3127 730 3171 ipse
749 3125 946 3170 Apostolus.
975 3125 1056 3159 Non
1079 3127 1112 3158 in

240 3174 311 3208 solo
335 3173 480 3210 Lamech
493 3199 504 3215 ‚
529 3175 582 3211 sed
601 3177 635 3213 δε,
661 3176 694 3210 iu
706 3177 778 3211 aliis
789 3177 889 3222 ipsam
901 3177 1060 3210 damnant
1073 3175 1114 3209 sa·

240 3224 445 3258 craelitterae:
471 3223 511 3258 In
525 3225 719 3269 quibusdam
739 3226 903 3265 tolerant,
930 3227 964 3260 in
986 3224 1115 3268 quibus-

242 3273 316 3308 dam
345 3273 484 3318 probant
504 3276 540 3311 ὅ(
559 3276 694 3310 laudant
712 3300 719 3307 .
755 3275 845 3324 Quia
867 3275 985 3320 nempe
1004 3275 1060 3309 alii
1081 3275 1114 3314 in

243 3323 344 3366 ipsam
366 3323 558 3363 labebantur
573 3348 584 3367 ,
608 3324 885 3361 aliiafornicandi
901 3326 1045 3370 periculo
1063 3326 1116 3362 ad-

244 3373 463 3416 scendebant,
488 3375 546 3410 alii
560 3375 695 3423 jubente
705 3376 784 3409 Deo
798 3375 831 3409 in
847 3377 945 3419 ipsam
967 3376 1008 3410 de
1030 3376 1117 3410 casti-

245 3423 320 3458 tatis
330 3433 442 3460 monte
453 3425 713 3462 descendebant.
742 3426 845 3475 Qod
858 3427 917 3461 alii
940 3427 1063 3461 nudam
1085 3428 1118 3462 in

1849 157 1868 194 Ι
1880 153 1947 208 67

1142 228 1210 271 ipsa
1221 224 1392 264 libidinem
1402 224 1596 262 sestarentur
1605 249 1619 269 ‚
1641 223 1699 260 alii
1714 226 1888 272 mysticam
1902 229 1935 263 in
1948 228 2016 273 ipsa

1142 279 1277 324 figuram
1299 275 1391 313 castae
1412 273 1535 313 mentis
1554 273 1621 313 fide
1645 273 1837 314 exhiberent
1853 302 1862 312 .
1910 279 2015 330 Qod

1141 329 1230 364 enim
1242 326 1430 365 Abraham,
1456 336 1526 360 non
1549 322 1660 361 minus
1670 325 1768 368 quam
1779 327 1911 363 Sanetus
1921 330 2019 374 joan·

1144 389 1201 412 nes
1211 376 1355 424 Baptista
1368 400 1380 417 ,
1405 376 1440 411 in
1452 374 1607 411 castitatis
1616 374 1736 412 virtute
1748 377 1845 414 fuerit
1856 380 2019 423 maximus

1144 440 1181 463 ac
1190 427 1403 467 fortiffimuS,
1430 426 1617 471 ideoquein
1642 425 1776 472 nuptias
1799 425 1844 463 ob
1864 430 2020 471 temporis

1145 476 1419 522 rationemjuflus
1440 474 1664 517 descenderit,
1688 475 1918 513 demonstrant
1941 479 2021 516 varii

1145 529 1254 566 Patres
1276 552 1287 570 ,
1325 527 1495 572 praesertim
1520 527 1556 565 in
1578 524 1670 564 libris
1691 525 1845 562 adversus
1865 525 2024 565 Faustum

1147 576 1367 618 Manichaeum
1378 577 1513 614 Sandius
1526 576 1736 622 Augustinus
1745 602 1753 610 .
1782 576 1877 611 Hinc
1889 576 1957 623 ejus
1968 588 2029 623 po·

1148 630 1325 674 lygamiam
1337 628 1477 662 affirmat
1497 639 1565 662 non
1591 625 1737 668 nudam,
1763 627 1818 662 sed
1842 627 1905 662 effe
1927 626 2027 672 inspio

1146 677 1296 716 ciendam
1307 689 1383 715 cum
1404 679 1459 713 sua
1481 676 1618 721 mystica
1639 688 1737 722 atque
1760 677 1893 723 figurali
1923 675 2028 713 veste:

1147 729 1249 767 Tunc
1261 728 1303 763 ab
1314 728 1408 766 omni
1419 727 1554 764 horrore
1563 727 1598 762 ὅ(
1609 726 1727 773 flagitii
1739 728 1828 762 malo
1838 726 1942 762 odore
1953 726 2034 761 libe·

1149 791 1216 814 ram
1234 779 1398 823 splendere
1408 779 1442 813 &
1455 788 1567 823 puram
1579 803 1587 811 .
1614 777 1696 812 Hoc
1706 777 1793 821 apud
1805 777 1949 819 Antiqui
1961 777 2035 812 Te·-

1150 828 1300 864 stamenti
1313 830 1444 871 osores,
1471 828 1506 862 &
1528 829 1626 872 ipsius
1648 827 1734 866 nihil
1752 827 1865 862 audire
1877 826 2034 861 sustinen-

1150 889 1198 914 tes
1210 879 1352 922 duplicis
1363 879 1558 915 Divinitatis
1569 878 1741 917 fabulones
1752 877 1866 916 suadet
1876 902 1887 922 ,
1912 887 1968 921 per
1982 876 2036 910 de·

1152 930 1313 972 sumptum
1324 939 1365 962 ex
1376 929 1480 965 Novo
1491 929 1711 965 Testamento
1732 927 1922 972 exemplum
1935 939 1942 963 z
1970 926 2035 961 Per

1153 978 1394 1015 sacro-sanstam
1407 978 1644 1013 Eucharistiam
1656 1003 1664 1011 .
1692 977 1902 1015 Eucharistiae
1921 976 2040 1012 vetita·

1154 1038 1220 1063 tem
1233 1027 1417 1065 affirmat&
1438 1026 1456 1061 a
1471 1027 1656 1062 Catholicis
1676 1029 1711 1062 ὅ(
1734 1030 1752 1063 a
1773 1027 1943 1062 Gnosticis
1964 1038 2035 1061 non

1154 1076 1276 1114 horreri
1289 1100 1300 1117 ,
1326 1077 1379 1111 sed
1394 1076 1482 1112 fideli
1494 1077 1636 1112 corde&
1649 1088 1707 1112 ore
1719 1078 1837 1123 suscipi
1861 1077 1902 1112 ab
1922 1077 2036 1112 ambo·

1155 1127 1215 1163 bus
1228 1152 1240 1168 ,
1264 1127 1299 1162 ἀ
1311 1136 1421 1161 tamen
1434 1126 1518 1163 circa
1530 1127 1630 1170 ipsam
1640 1151 1651 1168 ‚
1679 1127 1767 1171 quafi
1779 1126 1979 1163 barbaricam
2000 1127 2036 1162 δε

1156 1177 1395 1220 facinorosam,
1420 1176 1438 1209 a
1451 1178 1573 1211 neutris
1583 1178 1703 1218 errari,
1731 1177 1785 1211 sed
1806 1178 1875 1221 ejus
1897 1176 2038 1212 mandu-

1157 1223 1323 1262 cationem
1344 1226 1433 1261 credi
1455 1226 1688 1271 figuratamiac
1711 1227 1870 1269 velatam,
1897 1227 2040 1271 ideoque

1159 1278 1244 1324 piam
1253 1278 1287 1312 &
1299 1275 1520 1311 Christianam
1532 1302 1539 1309 .
1563 1277 1708 1311 Domini
1719 1277 1760 1311 de
1771 1278 1825 1311 sua
1838 1278 2041 1312 manducan-

1159 1328 1199 1362 da
1212 1337 1308 1362 carne
1328 1327 1361 1361 &
1383 1325 1530 1361 bibendo
1553 1327 1712 1372 sanguine
1732 1326 1934 1370 Praeceptum
1958 1326 2043 1361 affir-

1162 1388 1230 1413 mat
1241 1377 1304 1411 effe
1315 1376 1399 1411 adeo
1410 1376 1557 1411 lucidum
1571 1402 1581 1418 ‚
1608 1388 1644 1411 ut
1658 1377 1807 1411 videatur
1819 1378 1947 1411 facinus
1971 1387 2045 1421 prae·

1162 1429 1285 1471 cipere,
1313 1426 1532 1470 ideoquenon
1543 1426 1716 1461 carnaliter
1738 1429 1772 1462 &
1797 1427 1981 1462 litteraliter
1999 1437 2044 1461 ex

1164 1476 1460 1520 Caphatnaitarum
1472 1487 1600 1518 errore,
1626 1475 1680 1511 sed
1703 1477 1888 1520 spiritaliter
1907 1478 1941 1511 ἀ
1962 1476 2045 1522 figu-

1163 1527 1229 1566 rate
1239 1525 1486 1570 accipiendum.-
1513 1526 1575 1560 Ista
1585 1526 1726 1565 carne&
1739 1528 1899 1573 sanguine
1923 1538 1990 1561 non
2007 1526 2045 1561 in.

1165 1578 1293 1623 propria
1304 1578 1409 1610 forma
1423 1600 1433 1615 ,
1458 1577 1560 1611 sedin
1575 1577 1713 1616 velantis
1740 1578 1941 1616 Sacramenti
1963 1577 2047 1621 figu-

1165 1639 1197 1660 ra
1208 1627 1270 1661 effe
1280 1625 1474 1661 vescendum
1490 1652 1497 1659 .
1527 1625 1574 1661 Ita
1588 1625 1673 1663 nihil
1684 1625 1747 1661 effe
1759 1626 1902 1662 horroris
1912 1650 1922 1660 .
1950 1627 2048 1661 Simi-

1167 1677 1278 1711 licum
1290 1676 1375 1710 veste
1387 1675 1498 1709 suadet
1509 1676 1778 1714 considerandam
1792 1676 1932 1710 Abrahae
1954 1676 2049 1719 poly-

1166 1726 1309 1772 gamiam
1322 1750 1333 1767 ,
1360 1724 1561 1774 spondetque
1571 1735 1654 1764 tunc
1674 1728 1895 1770 apparituram
1919 1736 2049 1759 venera·

1168 1777 1268 1811 bilem
1291 1801 1303 1816 ,
1330 1786 1444 1818 puram
1465 1775 1506 1809 ab
1530 1775 1624 1814 omni
1647 1775 1736 1810 malo
1753 1776 1876 1810 odore.
1902 1774 2051 1809 Proinde

1167 1824 1580 1870 adduilaAugustiniloca
1602 1825 1710 1872 palam
1736 1827 1870 1861 firmant
1892 1825 2052 1861 Euchari-

1167 1877 1235 1915 stiae
1245 1877 1417 1912 veritatem
1429 1901 1437 1911 .

1218 1926 1390 1971 lnfigniter
1400 1923 1467 1964 haec
1489 1925 1611 1960 stabilit
1627 1927 1662 1960 in
1686 1926 1803 1962 litteris
1826 1925 1868 1962 ad
1887 1926 2053 1963 Domnal-

1168 1976 1248 2010 dum
1261 1975 1506 2010 Armachanum
1522 1978 1743 2021 Episcopum,
1771 1978 1952 2025 Hyberniae
1976 1978 2050 2011 Me-

1168 2027 1360 2070 tropolitam
1373 2052 1384 2067 ,
1410 2026 1544 2061 Sanctus
1556 2026 1764 2063 Lanfrancus
1776 2027 2055 2072 Archiepiscopus

1170 2077 1426 2111 Cantuarienfis.
1459 2076 1607 2111 Adducit
1623 2077 1805 2121 Augustini
1818 2079 1929 2113 locum
1942 2089 1983 2112 ex
1994 2088 2055 2112 ter-

1169 2125 1219 2159 tio
1231 2126 1316 2159 libro
1326 2125 1366 2159 de
1377 2126 1524 2159 doctrina
1537 2125 1725 2163 Christiana
1737 2141 1748 2161 .·
1776 2132 1908 2161 Facinus
1932 2129 1984 2162 vel
1996 2127 2053 2167 fla·

1165 2182 1276 2219 gitium
1279 2175 1388 2216 ‚iubere
1409 2176 1548 2208 videtur.
1577 2180 1691 2225 figura
1714 2179 1785 2210 verb
1808 2177 1847 2217 esi
1867 2182 2051 2219 praecipiens

1167 2226 1286 2267 passioni
1308 2228 1470 2258 Dominicae
1479 2220 1754 2262 communicandum
1763 2227 1835 2270 esse,
1863 2228 1897 2261 Θ
1911 2224 2050 2269 suaviter

1170 2285 1261 2317 atque
1272 2276 1386 2308 utiliter
1407 2279 1440 2308 in
1449 2281 1617 2310 memoriam
1638 2277 1870 2318 recondendum,
1895 2278 1977 2319 quad
1992 2285 2052 2319 pro

1170 2325 1252 2359 nobis
1265 2337 1334 2359 caro
1342 2327 1410 2363 ejus
1430 2327 1591 2360 vulnerata
1613 2326 1647 2363 (7
1665 2326 1868 2368 crucifixafit.
1895 2326 1940 2361 Et
1960 2338 2052 2361 com·

1171 2385 1356 2410 mentatur:
1385 2374 1533 2420 Figuram
1544 2376 1717 2423 Augustinus
1728 2384 1815 2411 vocat
1819 2376 1987 2421 figuratam
2007 2378 2049 2410 lo·
2067 2384 2114 2422 Ep.
2144 2391 2159 2420 3
2163 2390 2190 2420 3.

1169 2431 1311 2459 curionem
1328 2449 1336 2457 .
1364 2430 1472 2468 Neque
1495 2433 1575 2464 enim
1597 2436 1686 2470 negat
1709 2432 1871 2464 veritatem
1890 2435 1990 2462 carnis
2012 2429 2048 2462 (5

1167 2474 1326 2520 sanguinis
1337 2475 1448 2514 Christi
1459 2500 1470 2515 ,
1496 2477 1576 2519 quod
1577 2474 1724 2519 plerisque
1731 2475 1927 2520 schismaticis
1948 2476 2048 2521 visum

1171 2526 1208 2566 est
1222 2550 1232 2566 ‚
1258 2524 1402 2560 &adhuc
1411 2537 1469 2559 non
1480 2528 1564 2572 ceffat
1586 2526 1703 2563 videri,
1732 2527 1864 2571 Utique
1886 2528 2050 2573 Berenga·

1173 2573 1291 2610 rianis.
1320 2576 1445 2609 Revera
1468 2575 1514 2610 est
1535 2578 1640 2620 figura
1662 2577 1846 2622 praecipiens
1865 2578 2051 2612 eommuni-

1171 2623 1312 2660 candum
1337 2624 1526 2660 Dominicae
1551 2626 1694 2665 Passioni
1715 2652 1722 2659 .
1751 2628 1807 2662 Est
1829 2628 1918 2662 enim
1942 2629 2051 2663 Sacra·

1173 2684 1320 2710 mentum
1333 2698 1344 2714 ,
1369 2674 1411 2709 de
1421 2687 1488 2719 quo
1509 2675 1595 2710 dixit
1606 2676 1796 2711 Dominus:
1823 2684 1885 2713 Hoc
1900 2678 1997 2720 facite
2017 2683 2050 2711 in

1173 2737 1269 2759 meam
1293 2731 1606 2761 commemorationem.
1635 2726 1692 2761 Est
1714 2737 1784 2765 non
1808 2728 1878 2764 solo
1898 2728 1997 2762 dente
2015 2729 2051 2763 δε

1172 2787 1252 2816 ore,
1277 2775 1330 2809 sed
1344 2774 1474 2818 insuper
1485 2775 1585 2813 corde
1594 2786 1631 2811 ac
1640 2775 1707 2810 fide
1729 2777 1921 2815 sumendum
1942 2779 2053 2813 sacra-

1173 2836 1320 2860 mentum
1335 2849 1346 2865 ,
1371 2825 1412 2859 de
1426 2836 1494 2869 quo
1505 2826 1709 2861 Lanfrancus
1721 2827 1846 2872 pergit:
1873 2829 1992 2872 Neceffi·
2012 2828 2053 2868 eff

1174 2879 1292 2908 Domini
1312 2873 1496 2918 sententiam
1516 2875 1556 2918 fic
1577 2878 1731 2921 intelligi,
1769 2886 1915 2920 quatenus
1948 2878 2050 2921 fidelis

1175 2925 1294 2970 quisque
1319 2928 1430 2958 Divini
1455 2924 1577 2964 mysterii
1597 2935 1654 2972 per
1675 2923 1903 2972 intelligentiam
1924 2937 2046 2970 capax,

1173 2988 1290 3010 carnem
1310 2974 1419 3015 Christi
1440 2977 1475 3010 ό·
1490 2974 1668 3020 sanguinem
1690 2988 1748 3010 non
1767 2976 1859 3021 [iilum
1880 2989 1927 3011 ore
1952 2983 2049 3019 corpo-

1175 3034 1219 3061 ris
1233 3051 1243 3067 ,
1267 3024 1323 3068 sed
1341 3031 1432 3058 etiam
1456 3024 1559 3060 amore
1578 3029 1612 3062 ὀ*
1628 3025 1788 3071 suavitate
1808 3030 1906 3061 cordis
1916 3029 2048 3061 comedat

1176 3080 1209 3112 (ς
1230 3076 1334 3113 bibat,
1359 3076 1494 3110 videlicet
1510 3079 1640 3111 amando
1653 3102 1663 3117 ,
1690 3079 1725 3112 Θ·
1747 3083 1781 3110 in
1790 3076 2048 3120 conscieneiapura

1178 3129 1260 3160 dulce
1284 3125 1421 3158 babendo
1434 3150 1445 3166 ,
1469 3128 1548 3169 quod
1562 3136 1619 3169 pro
1625 3126 1727 3171 salute
1737 3127 1832 3167 nostra
1845 3126 1978 3166 Christus
1988 3138 2050 3160 car-

1179 3189 1245 3211 nem
1265 3175 1408 3219 affumpfit
1424 3200 1434 3216 ‚
1458 3180 1602 3219 pependit
1617 3173 1634 3218 ,'
1666 3175 1849 3223 resurrexit,
1875 3175 2051 3220 adscendit,

1178 3230 1211 3262 (ς
1223 3227 1368 3258 imitando
1378 3226 1501 3270 vestigia
1526 3230 1591 3269 ejus
1604 3251 1615 3268 ‚
1642 3229 1676 3261 Θ
1695 3228 1932 3263 communicanda
1950 3228 2053 3269 paffio-

1180 3277 1265 3314 nibus
1279 3275 1365 3318 ipfius
1381 3299 1392 3316 ,
1415 3282 1448 3311 in
1469 3286 1614 3322 quantum
1635 3277 1767 3312 humana
1787 3276 1948 3319 infirmitas
1967 3283 2054 3320 pati·

1179 3336 1248 3366 tur,
1274 3327 1308 3359 (Ὗ
1320 3329 1436 3359 Divina
1448 3332 1473 3359 ei
1494 3332 1600 3370 gratia
1619 3329 1725 3371 largiri
1745 3328 1903 3375 dignatur.
1931 3333 1992 3365 Hoc
2010 3326 2051 3369 est

1181 3383 1257 3412 enim
1276 3378 1347 3410 vere*
1373 3378 1406 3410 (ν
1423 3375 1582 3419 salubriter
1608 3388 1724 3411 carnem
1752 3376 1860 3417 Christi
1885 3379 2051 3417 comedere,

1181 3430 1215 3463 &⁸
1246 3426 1419 3472 sanguinem
1445 3429 1508 3469 eius
1536 3427 1634 3462 bibere
1655 3452 1663 3460 .
1700 3427 1747 3462 Ea
1772 3429 1886 3464 omnia
1912 3428 2057 3469 comple·

1911 3478 2005 3514 <titur
