2372 3756
408 122 503 161 220

332 192 697 236 tiafuert'timmin'dtum,
726 195 771 228 Et
791 194 830 228 ad
853 195 1031 230 Leontium
1058 192 1205 230 Urbina-

332 253 396 278 tem
422 244 620 288 Episcopum
641 269 652 285 ,
680 243 895 280 Ariminenfis
922 245 1069 279 Ecclefiae
1089 243 1204 277 Vifita-

156 308 189 341 χ..
220 316 248 341 4,
279 308 310 335 Ε.
332 305 437 328 torem
458 306 465 325 :
494 294 580 331 Clero
600 294 788 336 Ariminensi}
813 294 969 339 Ecclefiae‚
996 297 1078 335 cujus
1103 292 1202 335 Vtfita·

154 345 217 391 pist.
240 357 285 379 Η·
331 353 376 380 ror
386 355 438 384 es,
463 354 655 388 conquerente
672 349 884 386 comperimus,
909 345 990 385 quod
1007 349 1124 378 remotis
1144 353 1201 374 om-

330 393 419 429 nibus
433 394 576 436 Cleuas,
606 399 801 432 fraternitas
814 403 868 427 tua
879 393 1044 430 bominibus
1052 393 1119 436 suis
1143 395 1203 425 Pa-

329 449 461 478 trimonil
472 446 538 488 ejus
553 445 811 490 gubernationem,
843 441 1023 487 caeterasque
1047 443 1199 475 uttlttates

326 493 500 538 tommlserit
519 496 708 539 peragendas
723 519 730 526 .
757 491 941 536 ‚Quodsiita
966 492 1003 531 est
1015 516 1026 533 ,
1053 493 1202 533 querelam

327 548 462 591 ineptam
483 556 539 579 non
563 546 613 588 effi
629 545 793 577 credimur.
823 542 1021 576 patrimonii
1043 541 1135 574 istius
1155 542 1202 575 di-

325 594 484 639 ligentem
510 592 720 632 commendat
743 603 857 629 curam
880 602 977 637 atque
998 591 1201 636 custodiam,

323 643 431 688 ipsum
446 656 553 678 tamen
566 654 621 687 per
635 643 769 687 propriae
791 641 940 681 Ecclesiae
961 641 1109 676 Clericos
1133 640 1201 675 vult

321 695 411 740 regi:
439 693 608 728 Vifitatori
631 692 795 736 Episcopo
820 690 908 726 aliud
930 704 998 726 non
1023 690 1201 733 permittit,

322 746 420 790 quam
434 753 471 778 ut
485 744 595 784 hisce,
622 744 702 777 dum
724 755 764 777 ex
786 742 885 775 causis
908 743 1037 785 suspecti
1058 741 1200 783 fuerint,

141 811 203 844 em
232 818 277 849 ²5·
318 794 448 838 aliquos
467 793 508 829 de
531 794 595 831 suis
615 792 711 836 poffit
732 792 906 836 adjungere
926 817 933 824 .
970 792 1135 833 Loquitur
1160 803 1200 825 ex

206 834 213 847 ’
322 843 586 881 Chalcedonenfi
609 843 749 886 Synodo
772 856 783 881 ‚-
819 841 954 883 Ecclefiae
976 843 1116 874 viduata
1136 843 1199 874 red-

315 895 401 930 ditus
417 903 512 937 penes
535 891 668 934 Ecclefiae
692 892 860 926 OEconomos
873 896 979 940 integri
1000 890 1197 935 reserventur,

316 944 424 982 Unde
459 945 538 979 dum
575 944 777 978 Dioscorum
816 941 1024 979 Alexandriae
1060 941 1196 976 Patriar·

315 993 413 1031 cham
438 994 552 1029 eadem
579 993 753 1035 Synodus,
778 992 812 1026 δε
834 992 1024 1026 Nestorium
1038 992 1197 1026 Constan-

312 1044 573 1088 tinopolitanum
602 1044 799 1088 Episcopum
826 1042 1017 1086 degradavit
1043 1042 1197 1085 synodus

311 1094 493 1139 Ephefina,
518 1094 649 1128 istarum
672 1093 886 1128 Ecclefiarum
910 1092 1100 1127 OEconomis
1120 1103 1195 1126 ean-

310 1144 387 1180 dem
418 1156 531 1185 curam
561 1155 660 1192 atque
685 1143 871 1180 custodiam
897 1142 1190 1177 commendarunt.

307 1194 366 1231 Est
394 1194 618 1243 antiquiffima
642 1217 653 1234 ,
693 1192 797 1228 immo
823 1192 1017 1240 Apostolica
1039 1193 1192 1227 omnium

307 1243 457 1281 fidelium
483 1246 637 1292 gentium
663 1244 870 1279 consuetudo
895 1268 902 1275 .

307 1305 361 1331 tor
387 1296 567 1340 Episcopus
589 1296 623 1329 in
636 1295 724 1330 solos
735 1293 940 1331 Pontificalis
952 1293 1078 1327 ordinis
1091 1292 1191 1327 Actus

304 1344 447 1382 habebat
472 1346 640 1383 Vicatiam
661 1344 910 1383 auetoritatem,
936 1343 1060 1377 nullam
1088 1343 1123 1376 in
1147 1344 1193 1376 fa·

304 1396 442 1432 cultates
478 1396 628 1430 Ecclefiae
647 1418 658 1434 ,
696 1405 752 1440 aut
776 1393 857 1427 alias
883 1392 950 1436 ejus
978 1393 1182 1427 functiones.

303 1446 501 1489 Spestabant
527 1445 593 1479 haec
619 1445 660 1479 ad
694 1444 896 1478 OEconomos
935 1452 991 1476 aut
1016 1443 1098 1477 alios
1124 1442 1187 1477 Ca-

301 1546 391 1580 nenss
421 1544 563 1579 Ecclesia
590 1544 770 1578 Honorato
800 1541 995 1585 Presbytero
1020 1543 1184 1587 delegavit

300 1596 448 1641 Magnus
474 1595 670 1641 Gregorius.
700 1593 809 1630 Nullo
833 1594 935 1629 modo
948 1593 1054 1638 ipsum
1065 1594 1185 1629 creavit

276 1646 513 1693 ‹VVYifitatorem
526 1671 534 1682 .

351 1696 501 1731 Secunda
528 1696 662 1740 quaestio
682 1697 728 1731 est
743 1721 754 1738 ,
782 1695 838 1731 An
863 1696 1019 1732 Vifitator
1041 1696 1075 1730 in
1095 1706 1185 1730 com-

335 1747 452 1781 endata
465 1746 523 1781 fibi
544 1746 688 1785 Ecclesia
711 1758 858 1782 exercere
881 1746 1026 1792 potuerit
1050 1747 1184 1790 quosvis

295 1786 621 1835 Pontificalesatstus
644 1798 658 1833 ?
684 1794 889 1842 Respondeo‘
908 1797 1080 1842 negative.
1109 1796 1182 1829 Nec

298 1848 389 1881 enim
411 1847 520 1891 potuit
533 1847 682 1881 Clericos
693 1848 865 1885 ordinare.
895 1848 990 1882 Hinc
1005 1848 1095 1881 enim
1109 1846 1184 1881 Coe·

296 1896 417 1937 lestino
430 1896 650 1932 Histonienfis
662 1921 674 1938 ‚
699 1898 732 1931 &
746 1896 868 1932 Sabino
881 1897 1107 1933 Grumentinae
1121 1897 1184 1934 Ec—

297 1948 400 1983 clesiae
427 1947 658 1984 visitatoribus
686 1972 696 1988 ,
731 1948 811 1981 dum
834 1948 954 1991 Juliani
976 1945 1119 1981 Diaconi
1146 1947 1180 1981 in

296 1997 554 2042 Presbyterum,
579 1999 614 2032 &
641 1997 757 2043 Qarti
785 1999 977 2032 Defensoris
1000 1999 1034 2030 in
1058 1999 1180 2031 Diaco-

296 2059 380 2088 num
391 2049 607 2085 consecrandi
622 2049 702 2083 fecit
713 2049 926 2088 facultatem,
956 2047 1083 2082 addidit
1106 2049 1182 2082 San-

298 2098 367 2136 &us
379 2098 468 2144 Papa
481 2098 630 2133 Gelafius
644 2111 651 2130 :
680 2102 813 2131 Noverit
826 2098 951 2131 Dilefflo
962 2109 1016 2133 tua
1028 2096 1079 2130 boc
1088 2095 1121 2141 s'e
1134 2098 1182 2130 de-

297 2149 466 2193 legantibus
478 2149 559 2181 nobis
573 2154 678 2190 exequi
689 2147 950 2190 Vtfitatorisstfficio
961 2173 972 2190 ‚
991 2158 1051 2183 non
1059 2146 1182 2189 potesta-

298 2205 454 2242 teproprit
467 2200 626 2231 sacerdotii
640 2223 647 2230 .
677 2198 756 2234 Hoc
770 2198 815 2232 est
829 2222 840 2240 ‚
866 2209 907 2232 ex
921 2197 1075 2243 singulari
1094 2209 1182 2231 man·

297 2250 396 2284 dato.
430 2248 567 2283 Exstant
584 2248 734 2292 Epistolae
745 2249 830 2292 apud
845 2249 1034 2283 Dominum
1055 2249 1181 2286 Lucam

299 2299 512 2334 Holstenium
528 2325 535 2334 .
563 2299 604 2334 Et
617 2299 697 2342 Joan
705 2311 778 2332 nem
791 2297 967 2333 secundum
980 2298 1180 2333 Pontificem

299 2350 484 2384 audivimus
497 2350 589 2392 supra
603 2348 785 2382 edit-entem
797 2348 837 2382 de
866 2349 1012 2382 Reiensis
1038 2347 1182 2382 Ecclesiae

298 2399 499 2437 Vifitatore:
530 2404 552 2433 A
573 2397 605 2442 se
624 2405 738 2432 noverit
758 2406 805 2431 ita
822 2406 920 2432 omnia
931 2397 1098 2432 exbibenda
1111 2423 1121 2438 ,
1148 2406 1182 2430 ut

298 2449 379 2485 nibil
400 2451 436 2481 de
458 2449 623 2482 Ordtm'bus
650 2451 827 2485 clericorum
847 2448 1014 2492 praesumat
1034 2471 1042 2479 a
1074 2449 1120 2482 Et
1147 2449 1180 2481 in

300 2500 469 2540 litterisad
491 2501 581 2533 dietae
607 2499 754 2533 Ecclefiae
777 2499 936 2538 Clerum;
963 2501 1065 2535 Clerus
1092 2504 1127 2534 tn
1152 2509 1183 2530 eo

302 2562 358 2599 quo
382 2561 459 2583 nunc
478 2549 516 2594 est
527 2551 629 2583 ordine
641 2550 832 2590 constitutus,
862 2547 1107 2596 nulltsgradtbus
1116 2556 1181 2589 pro-

303 2597 476 2642 moaaeeatur,
503 2601 593 2634 donec
609 2607 766 2641 proprium
787 2601 970 2635 sacerdotem
993 2599 1072 2641 pofflt
1099 2596 1182 2635 babe-

303 2663 352 2686 re,
387 2651 427 2683 Et
453 2650 492 2684 ad
522 2651 701 2684 Leontium
729 2649 932 2685 Urbinatem
961 2649 1184 2691 Episcopum,

307 2700 521 2738 Ariminenfis
551 2700 693 2737 Ecclefiae
721 2699 956 2740 Vifitatorem,
983 2697 1090 2735 scribit
1113 2698 1187 2731 Ma-

128 2777 152 2810 ι
191 2784 206 2805 2
248 2772 283 2802 in*
307 2761 394 2795 gnus
421 2751 625 2794 Gregorius:
654 2753 770 2784 Praerer
789 2751 989 2786 ordinationes
1007 2751 1186 2787 clericorum

130 2795 268 2844 ‘fist'ffl
307 2810 420 2836 caetera
444 2807 545 2834 omnia
572 2810 728 2842 tamquam
753 2802 950 2835 Cardinalem
977 2803 1011 2835 (9·
1033 2804 1187 2841 proprium

128 2857 186 2893 Ep.
209 2863 254 2888 24·
307 2857 338 2886 te
365 2849 502 2887 volumus
530 2861 616 2897 agere
643 2851 826 2885 sacerdotem
847 2875 854 2886 .
893 2851 936 2884 Et
961 2850 1002 2884 ad
1028 2848 1185 2892 Chrysan-

301 1496 399 1543 pituli
427 1494 580 1529 Vicarios
600 1519 608 1528 .
636 1494 681 1528 Et
706 1491 774 1527 haec
802 1493 899 1533 sunt,
925 1503 996 1536 quae
1022 1492 1058 1526 in
1087 1492 1187 1528 Viva·

121 2120 174 2158 Ep.
195 2129 243 2161 32.

123 2170 175 2204 33·

309 2909 381 2934 tum
403 2899 613 2942 Spoletanurn
643 2900 841 2945 Episcopum
861 2924 870 2939 ‚
911 2901 1102 2937 Vivanenfis
1129 2899 1184 2932 Ec-

310 2948 411 2984 clefiae
439 2949 667 2991 Vifitatorem3
698 2953 900 2983 Fraternnan
924 2959 985 2984 tuae
1011 2947 1184 2990 ,Vivanenfis

132 3004 165 3035 L.
193 3014 222 3039 7.
250 3005 289 3034 in·
312 2998 446 3043 Ecclefiae
471 2998 637 3041 Visitatoris
662 3000 872 3040 deputavimus
898 3002 1018 3042 officium
1039 3026 1049 3042 ,
1075 3006 1108 3037 in
1133 3011 1188 3041 qno

133 3042 204 3090 ῥίἑὶ.
227 3055 252 3075 ².
310 3051 349 3084 de
383 3060 461 3084 more
484 3050 589 3085 scrinii
608 3050 696 3088 nostri
718 3048 796 3085 nibil
816 3062 871 3083 vos
894 3052 929 3087 de
947 3049 1186 3095 proveHr'onibus

132 3084 183 3126 bP‘
205 3093 250 3118 77·
305 3100 410 3143 facere
429 3099 564 3134 volumus
592 3096 788 3133 clericorum.
815 3098 939 3134 Verum
965 3102 1054 3145 quod
1081 3100 1186 3135 &Caq

314 3148 513 3183 thedralium
527 3173 538 3191 ‚
561 3149 598 3187 ὅ(
618 3148 816 3195 Pagenfium
842 3150 1104 3195 Presbyterorum
1119 3151 1188 3183 ino-

313 3200 401 3243 piam
421 3211 462 3233 ex
483 3200 585 3244 longa
611 3202 782 3238 vacatione
807 3200 1016 3245 postmodum
1043 3200 1190 3239 incurris-

314 3249 360 3283 set
379 3249 491 3283 eadem
521 3250 682 3292 Ecclesia,
708 3250 862 3295 Episcopi
892 3251 1092 3287 Elestionem
1104 3260 1192 3285 acce!

315 3297 407 3333 letari
426 3298 511 3341 juffit
523 3299 678 3336 Pontifex
694 3324 705 3341 ,
729 3301 764 3336 ἀ
775 3300 896 3346 dignos
911 3302 1042 3338 interim
1055 3299 1189 3343 Presby-

315 3357 402 3384 teros
416 3346 433 3379 ὲ
446 3345 631 3390 chrysanto
643 3351 838 3385 consecrari.
870 3352 972 3399 Qod
1000 3353 1105 3397 ipsum
1125 3349 1191 3385 fere

313 3396 425 3438 scribit
446 3397 489 3434 ad
514 3397 720 3437 Gaudiosum
737 3400 956 3450 Eugubinum
965 3403 1166 3450 Episcopum
1178 3423 1191 3444 ‚

939 1243 1052 1290 Qare
1078 1241 1192 1276 Visita-
1220 1251 1222 1253 '

719 113 765 158 S.·
799 109 1119 159 GRc-Gonu
1155 126 1382 161 εεΡτιΜΙ
1417 114 1772 166 P0N111=101s

1271 193 1481 228 Vifitatorem
1495 195 1642 230 Ecclefiae
1654 197 1831 233 Tadinatis
1846 218 1854 231 a
1880 200 1924 235 Et
1934 200 1975 236 de
1986 201 2142 247 Neapoli-

1266 255 1364 282 tana,
1390 244 1478 287 quod
1505 243 1562 278 diu
1589 248 1723 280 vacasset
1742 273 1752 288 ,
1794 249 1936 284 Ecclesia
1961 254 2078 297 scripfit
2100 253 2141 289 ad

1267 293 1407 327 Paulum
1421 293 1652 330 Vifitatorem:
1681 297 1806 331 clericos
1817 311 1855 332 ex
1866 303 1967 333 Laicis
1980 306 2142 344 ordinari,
2159 326 2180 354 E
2232 328 2248 356 3

1266 353 1374 376 necnon
1387 344 1659 385 &manumlfflones
1686 349 1771 389 apud
1788 358 1818 382 re
1835 354 1868 385 ln
1891 351 1996 384 eadem
2017 352 2142 396 Ecclefia
2159 331 2211 401 95:
2252 335 2279 362 9·

1260 391 1431 436 solemniter
1457 395 1595 429 celebrari
1620 401 1801 433 concedlmus
1822 424 1829 432 .
1868 399 2141 439 Manumiffiones

1264 444 1352 477 enim
1365 446 1554 488 spestantad
1568 449 1780 491 temporalem
1801 449 2138 494 administrationem,
2160 483 2180 511 L
2242 471 2244 473 ·
2277 480 2300 510 E

1266 492 1406 538 ideoque
1419 495 1487 528 fieri
1499 506 1650 539 poterant
1662 508 1717 542 per
1728 498 1833 533 solum
1845 501 2054 540 Cardinalem
2068 503 2141 546 Epi-
2159 492 2269 559 pist-”7-
2302 498 2314 505 ⁴

1234 563 1237 569 ‹
1264 543 1418 587 scopum.
1445 544 1603 582 Notanda
1614 548 1687 582 sunt
1712 549 1830 590 verba,
1857 553 1983 585 clericos
2002 565 2042 586 ea·
2068 556 2141 586 Lat·

1229 2582 1235 2620 l

1231 2626 1238 2658 l

1262 599 1302 626 cis
1313 596 1467 628 ordenariz
1495 595 1661 632 Videntur
1678 599 1781 633 striae
1791 601 2024 646 intelligenda,
2050 603 2141 637 ideo-

1262 655 1325 687 que
1351 657 1422 679 non
1442 645 1518 680 dare
1544 647 1718 684 faculatem
1745 649 1905 686 evehendi
1929 651 2076 688 Clericos
2103 654 2138 688 in

1262 695 1411 729 altiorem
1431 696 1587 740 gradum.
1617 698 1707 733 Nam
1732 700 1766 734 ὅ(
1792 700 1876 736 istud
1906 701 2053 737 Reienfis
2076 703 2139 738 Ec-

1261 743 1362 779 clefiae
1387 745 1559 781 Vifitatori
1586 747 1703 783 diserte
1729 750 1901 786 interdixit
1923 753 2065 798 Joannes
2091 755 2136 788 se·

1261 794 1387 829 cundus
1408 821 1415 828 .
1445 797 1488 831 Et
1509 797 1550 831 de
1576 800 1768 834 vacantibus
1793 801 1929 837 Sedibus
1954 804 2138 847 generatim

1261 844 1371 879 statuit
1395 845 1509 890 quinta
1533 849 1686 891 Synodus
1712 852 1951 886 Aurelianensis
1973 867 1984 886 .·
2022 854 2137 887 Nullus

1261 894 1425 938 Episcopus
1448 920 1460 937 ,
1501 899 1614 942 utique
1636 898 1796 936 Visitator
1818 926 1829 941 ‚
1854 911 1906 935 aut
1927 910 1960 936 tn
1977 908 2136 943 civitate,

1259 953 1312 978 aut
1330 947 1386 987 p'er
1408 946 1566 980 Parochtas
1589 950 1727 984 ordinare
1751 953 1880 986 clericos
1899 978 1910 994 ‚
1937 961 1991 986 aut
2016 955 2136 987 Altaria

1260 996 1372 1028 audeat
1389 994 1552 1038 consecrare
1576 1023 1584 1030 .
1609 1000 1720 1048 Qem
1751 1002 1922 1037 canonem
1962 1004 2136 1039 innovavit
2154 998 2223 1044 Can.
2245 1015 2274 1045 ς.

1258 1046 1291 1079 ὅ(
1307 1045 1443 1080 secunda
1455 1047 1608 1088 synodus
1618 1050 1843 1086 Arvernenfis.
1872 1052 1927 1087 An
1943 1053 1997 1088 illa
2023 1054 2137 1089 Cano-

1257 1093 1307 1128 nis
1327 1107 1399 1139 pars
1410 1119 1421 1135 ‚
1448 1107 1517 1137 quae
1529 1097 1563 1131 &
1575 1097 1736 1143 Altarium
1748 1103 2025 1139 consecrationem
2036 1105 2136 1138 inter-

1256 1146 1336 1180 dicit
1350 1145 1516 1180 Vifitatori
1527 1171 1537 1187 ,
1548 1146 1670 1191 ubique
1681 1151 1832 1194 gentium
1846 1153 1982 1198 viguerit
1996 1178 2008 1194 ,
2029 1154 2135 1189 fateor

1255 1205 1307 1229 me
1333 1196 1482 1240 ignorare
1501 1221 1508 1228 .
1544 1198 1641 1232 Certe
1661 1200 1744 1244 apud
1772 1202 1873 1236 varias
1893 1213 2008 1247 gentes
2032 1203 2134 1240 etiam

1255 1245 1440 1279 Cardinalis
1464 1246 1642 1291 Episcopus
1663 1249 1768 1291 ipsum
1790 1262 1857 1285 non
1870 1263 1995 1296 poterat
2006 1254 2072 1288 sine
2083 1266 2151 1289 ver

1256 1295 1310 1328 nia
1337 1294 1590 1338 Metropolitani
1612 1323 1619 1330 .
1645 1299 1816 1346 quuid
1840 1303 1894 1342 fit,
1925 1303 2016 1337 istam
2038 1304 2136 1339 disci-

1255 1345 1378 1387 plinam
1394 1344 1427 1378 in
1438 1345 1531 1379 Italia
1553 1345 1660 1381 adhuc
1684 1350 1820 1394 viguiffe
1840 1351 1898 1386 sub
1922 1354 2026 1387 saeculi
2050 1356 2133 1390 noni

1253 1394 1351 1429 finem
1375 1395 1470 1429 docet
1487 1396 1566 1439 Joan
1574 1397 1622 1431 nis
1633 1400 1737 1432 octavi
1753 1400 1898 1442 Epistola
1912 1402 1950 1435 ad
1969 1403 2132 1445 Joannem

1251 1445 1476 1480 Ficoclensem
1503 1445 1724 1492 Episcopum,
1753 1449 1962 1486 Vifitatorem
1984 1451 2134 1489 Ecclefiae

1250 1495 1455 1530 Faventinae.
2169 1503 2170 1506 ’

1299 1546 1449 1594 Qaessio
1458 1545 1549 1581 tertia
1572 1547 1640 1588 est,
1666 1549 1769 1594 Cujus
1789 1552 1963 1587 austeritas
1986 1552 2028 1587 nd
2046 1553 2134 1588 ordi-

1250 1597 1378 1632 nandos
1414 1597 1563 1631 Clericos
1600 1598 1698 1633 fuerit
1736 1600 1903 1636 Vifitatori
1933 1604 2133 1639 neceffaria?

1249 1646 1445 1689 Responde-0
1462 1647 1667 1691 Episcopal-es
1678 1649 1957 1697 Cathedrasjuxta
1975 1655 2133 1698 antiquos

1248 1695 1402 1731 Canones
1423 1707 1535 1731 vacare
1552 1709 1620 1734 non
1633 1700 1771 1742 potuiffe
1784 1701 1841 1735 nifi
1853 1703 1893 1737 ad
1907 1711 1971 1737 tres
1981 1706 2106 1738 menses
2117 1727 2130 1744 ,

1246 1746 1280 1780 ἀ
1293 1746 1334 1780 de
1351 1746 1411 1781 isso
1425 1747 1595 1790 praesertim
1607 1759 1752 1794 tempore
1765 1752 1853 1794 loqui
1866 1753 1980 1786 omnia
1993 1753 2058 1795 jam
2079 1753 2135 1788 ad-

1245 1794 1341 1830 ducta
1355 1793 1512 1831 Decreta.
1540 1797 1676 1833 Ethinc
1703 1800 1905 1836 Sacrosaneca
1929 1803 2134 1837 Tridentina

1246 1845 1423 1889 Synodus,
1451 1846 1530 1881 dum
1543 1859 1598 1891 per
1623 1849 1779 1893 Capitula
1802 1852 1885 1887 intra
1908 1855 2052 1896 primum
2079 1865 2133 1889 va·

1245 1897 1351 1930 cantis
1362 1897 1452 1931 Sedis
1468 1909 1591 1933 annum
1602 1900 1713 1934 noluit
1725 1901 1795 1935 dari
1810 1903 2057 1937 Dimiffionales
2081 1903 2132 1938 lit-

1245 1956 1327 1981 teras
1342 1971 1353 1987 ,
1381 1958 1499 1981 novam
1513 1959 1580 1983 non
1596 1949 1728 1990 induxit
1745 1951 1911 1996 Regulam
1930 1975 1941 1991 ‚
1970 1953 2025 1987 sed
2046 1954 2129 1987 anti-

1245 2007 1341 2040 quam
1363 1998 1554 2033 innovavit.
1582 1999 1768 2047 Qislapso
1800 2002 2131 2038 trimestridareolim

1246 2048 1391 2090 potuerit
1417 2046 1509 2082 istam
1530 2050 1757 2084 auctoritatem
1771 2074 1782 2090 ,
1811 2063 1879 2085 non
1905 2053 1950 2086 ita
1972 2053 2101 2087 constat
2115 2077 2124 2086 .

1246 2095 1394 2131 Ecclefiae
1402 2097 1523 2132 Italicae
1534 2122 1545 2138 ,
1571 2110 1644 2142 quae
1656 2096 1697 2133 ab
1708 2100 1899 2143 Apostolica
1910 2102 1993 2137 Sede
2007 2102 2129 2137 Vifita·

1244 2157 1348 2180 torem
1363 2146 1523 2181 debebant
1535 2149 1679 2195 accipere
1691 2174 1701 2190 ,
1727 2150 1870 2194 ejusdem
1881 2152 2128 2188 Sedis-austori-

1245 2207 1310 2231 tate
1321 2196 1512 2242 indigebant
1526 2198 1566 2232 ad
1580 2200 1726 2234 Clericos
1739 2203 1791 2235 seu
1803 2202 1969 2236 faciendos
1981 2203 2034 2237 seu
2058 2213 2130 2247 pro-

1245 2248 1424 2281 movendos
1440 2272 1447 2280 .
1470 2248 1517 2282 Ita
1530 2249 1616 2283 lucet
1627 2261 1669 2284 ex
1680 2249 1828 2285 addustis
1838 2252 1945 2286 Sancti
1958 2251 2078 2286 Gelafii
2088 2263 2127 2286 ac

1246 2298 1348 2331 SanEii
1363 2297 1512 2341 Gregorii
1526 2298 1739 2333 testimoniis.
1769 2299 1856 2334 Aliis
1869 2301 1902 2333 in
1917 2301 2125 2345 Regionibus

1247 2347 1373 2380 videtur
1385 2348 1685 2383 suffeciffelicentia
1706 2350 1739 2384 ὃ(
1764 2351 1941 2384 austorstas
1957 2351 2129 2395 Metropo-

1248 2397 1310 2430 litae
1335 2422 1342 2428 .
1384 2397 1479 2431 Hinc
1502 2398 1591 2431 enim
1609 2399 1778 2444 postquam
1801 2401 1949 2435 Reienfis
1977 2402 2127 2436 Ecclefiae

1247 2446 1415 2482 Vifitatori
1440 2449 1513 2481 suos
1535 2450 1716 2491 praefixisset
1731 2451 1852 2484 limites
1866 2452 2009 2494 Joannes
2021 2452 2129 2486 secun-

1247 2496 1306 2529 dus
1325 2520 1335 2536 ,
1357 2496 1508 2540 adjunxit
1538 2510 1545 2529 :
1573 2503 1694 2532 Omnem
1719 2498 1795 2533 banc
1817 2499 2033 2542 solicitudinem
2058 2506 2128 2536 ca·-

1243 2545 1326 2590 sarr’o
1338 2546 1438 2588 fratri
1460 2549 1494 2581 <25
1515 2548 1686 2592 Coepiscopo
1707 2550 1799 2590 nostro
1820 2554 2008 2595 iniungimus
2029 2576 2041 2592 ,
2083 2552 2129 2585 ad
2144 2554 2228 2595 Epist.
2247 2564 2278 2594 3·

1248 2599 1333 2637 cujus
1361 2608 1482 2638 curam,
1509 2599 1615 2632 cunila
1635 2612 1703 2642 quae
1729 2601 1832 2643 neceffe
1851 2599 1926 2644 sune
1940 2626 1954 2646 ξ
1976 2607 2126 2643 pertinere

1249 2645 1425 2689 censuimus.
1453 2646 1747 2685 Adfirmatlimites
1772 2650 1850 2684 istos
1875 2662 1931 2693 per
1955 2651 2128 2686 Arelaten-

1251 2699 1314 2730 sem
1329 2698 1582 2739 Metropolitam
1593 2702 1681 2742 poffe
1691 2702 1724 2735 ὃ(
1733 2699 1882 2734 contrahi
1895 2701 1929 2734 ἀ
1942 2701 2126 2746 prorogari.

1252 2747 1292 2782 Et
1316 2747 1495 2791 Sigeboldo
1519 2749 1725 2783 Narbonenfi
1747 2750 2031 2794 Archiepiscop0‚
2058 2750 2128 2784 Ru-

1251 2795 1412 2840 dolphum
1435 2797 1611 2833 primatem
1636 2800 1868 2834 Bituricensem
1893 2824 1904 2840 ,
1940 2802 2037 2844 quoda
2057 2800 2130 2835 Pri·

1253 2858 1358 2880 matus
1381 2846 1429 2881 sui
1448 2848 1518 2891 jure
1539 2850 1569 2883 se
1589 2851 1734 2883 misceret
1746 2850 1861 2884 alienis
1874 2849 2048 2891 Ecclefi'is,
2076 2861 2129 2885 ac·

1251 2899 1373 2930 cusanti
1389 2899 1551 2941 respondit
1566 2899 1726 2934 Nicolaus
1738 2900 1859 2943 primus
1882 2898 2038 2934 Pontifex
2057 2899 2129 2935 fieti

1253 2947 1336 2981 istud
1354 2959 1422 2983 non
1437 2950 1523 2992 posse
1535 2973 1546 2990 ,
1571 2949 1630 2982 nisi
1643 2961 1682 2983 ex
1695 2950 1786 2983 causa
1799 2950 2024 2992 appellationis
2034 2975 2045 2991 ‚
2071 2959 2130 2989 aut

1252 2996 1342 3031 Sedis
1354 2999 1497 3033 vacantis
1514 3023 1521 3031 .
1545 2999 1587 3032 Et
1600 2998 1639 3032 de
1651 3011 1726 3033 vaca
1733 3009 1791 3033 nte
1798 2999 1879 3034 Sede
1909 3001 2131 3047 Gratianopo-

1257 3048 1355 3081 litana
1369 3049 1487 3093 scripfit
1498 3048 1539 3082 ad
1563 3048 1720 3083 Adonem
1743 3049 1971 3084 Viennensem
1992 3049 2132 3088 Art-hie·
2147 3047 2195 3085 ΕΡ·
2215 3054 2264 3084 39·

1255 3098 1422 3140 pist-opum
1459 3099 1659 3132 Francorum
1699 3100 1772 3133 Rex
1812 3100 1953 3135 Carolus
1991 3100 2126 3134 Calvus:

1253 3149 1416 3191 ,Quidquid
1424 3149 1582 3193 negledlum
1590 3148 1691 3189 fuerit
1702 3174 1711 3189 ‚
1737 3149 1822 3182 vobis
1836 3150 2052 3192 imputabitur,
2071 3155 2128 3192 qui

1254 3197 1403 3240 disponere
1425 3209 1459 3232 ac
1482 3201 1621 3232 ordinare
1642 3198 1741 3243 ipsum
1763 3199 1997 3247 ‚Epi-scopatum,
2022 3210 2058 3233 ac
2068 3211 2130 3231 om-

1254 3254 1305 3280 nia
1330 3247 1416 3292 ipfius
1437 3248 1577 3290 Ecclefiae
1603 3249 1742 3289 debuistis
1768 3274 1775 3282 .
1811 3251 1959 3284 Omnem
1985 3250 2129 3283 vacantis

1255 3296 1402 3334 Ecclefiae
1428 3299 1668 3343 providentiam
1695 3300 1846 3334 adfirmat
1872 3300 1911 3333 ad
1933 3300 2130 3342 Metropoli-

1254 3356 1319 3382 tam
1347 3350 1524 3392 pertinere.
1552 3349 1667 3384 Exstat
1694 3349 1838 3393 Epistola
1862 3348 1946 3392 apud
1966 3348 2127 3391 Jacobum

1255 3398 1464 3435 Sirmondurn
1485 3400 1520 3438 iu
1548 3399 1692 3445 Regesto
1717 3398 1857 3438 Adriani
1881 3398 2011 3453 secundi
2037 3424 2045 3431 .
2061 3399 2137 3483 dEt‘

2041 3458 2058 3483 a
