2372 3756
596 128 890 174 ¹QurNTuM
925 112 1238 156 ROMANuM
1276 112 1663 159 CONCIL1UM.

219 201 285 237 haec
305 200 431 234 firmare
441 194 550 233 noluit
574 194 732 231 Carolus.
759 195 900 230 Plenum
913 194 954 229 de
972 192 1103 235 quibus-

188 274 193 281 ι
218 250 300 286 libet
321 250 466 284 Romam
478 246 675 292 poenitentiae
696 247 791 281 causa
806 242 1035 280 accedentibus
1058 242 1102 285 ju-

218 302 346 336 dicium
368 299 476 334 voluit
486 296 680 341 Apostolico
699 296 863 341 permitti.
890 295 956 328 Eos
969 303 1080 328 tamen
1094 316 1104 333 ‚

220 351 278 396 qui
294 361 371 384 cum
382 347 565 393 obreptitiis
590 346 643 381 vel
667 348 751 381 fallis
762 346 904 381 redirent
927 343 1105 377 absolutio-

220 401 274 436 nis
294 399 432 439 litteris,
458 397 587 432 addidit
604 396 645 432 ab
658 397 825 441 Episcopo
837 395 926 438 posse
946 404 1015 427 non
1037 393 1106 436 qui-

222 450 300 486 dem
326 449 433 494 puniri
453 472 465 489 ,
491 447 546 482 sed
572 455 684 482 tamen
709 445 846 482 detineri
872 443 907 477 in
934 443 1106 482 custodia,

221 501 393 546 quousque
414 496 524 533 debita
549 498 706 533 relatione
740 494 914 530 instructus
948 492 1105 528 Pontifex

222 551 291 587 illis
314 560 446 595 poeuam
459 549 612 583 definiret
623 572 631 580 .
657 547 701 580 Et
712 544 754 580 ab
771 543 837 580 hoc
859 545 978 579 Edicto
991 544 1080 578 venit
1093 567 1103 583 ‚

224 600 314 646 quod
324 600 526 634 Francorum
546 594 711 632 criminofi
736 594 903 630 &Clerici
930 595 964 629 δε
988 594 1106 634 Laici,

223 653 347 687 &cum
374 650 408 684 ὅ(
433 651 499 683 fine
510 646 745 691 Episcoporum
766 646 898 680 suorum
911 644 1049 684 litteris,
1074 643 1107 677 &

223 701 420 746 poenitentia
455 696 713 733 &absolutione
749 695 897 731 donandi
922 719 933 736 ‚
963 694 1106 728 Romam

226 751 378 796 quotidie
393 748 589 784 ⁴accederent
604 771 615 787 ,
641 758 678 782 ut
689 747 756 790 jam
777 745 962 781 audivimus
974 743 992 777 ὲ
1006 744 1107 778 Nico-

226 803 283 836 lao
302 802 432 845 primo.
460 797 529 832 Sub
555 797 670 832 Caroli
697 796 820 841 Magni
847 797 968 840 Regno
994 793 1105 827 floruit

225 853 324 886 etiam
359 851 471 884 Hatto
498 847 683 882 Bafileenfis
719 847 899 889 Episcopus
919 869 931 886 ‚
964 855 1025 878 nec
1049 844 1107 878 du-

224 902 327 936 bitem
348 902 427 942 quin
450 896 587 931 laudatae
606 895 744 939 Synodo
765 896 948 930 interfuerit
968 908 979 927 .·
1015 894 1107 927 Hinc

224 951 259 984 δε
280 950 349 994 ejus
371 948 564 993 Capitulum
590 948 654 980 fuit
674 945 693 979 a
714 946 848 981 laudato
873 944 991 979 Edicto
1012 945 1106 979 casra-

225 1011 297 1035 tum
315 1025 322 1032 .

275 1051 321 1085 Et
352 1046 408 1083 his
429 1046 584 1083 omnibus
615 1046 779 1081 consentit
799 1045 929 1080 laudata
955 1043 1108 1079 Lemovi-

226 1097 507 1143 mfissynodus.
536 1096 716 1132 Etenimin
742 1097 802 1130 suo
813 1096 986 1139 Rescripta
1009 1094 1109 1129 Bene-

226 1151 330 1186 dictus
342 1159 450 1184 nonus
464 1158 669 1191 nequaquam
679 1146 725 1181 ob
736 1146 904 1190 potestatis
924 1146 1085 1179 defectum
1100 1167 1110 1183 ,

226 1200 282 1236 sed
294 1199 340 1235 ob
351 1199 554 1235 commissam
571 1197 634 1231 {ibi
646 1196 663 1230 a
675 1208 730 1231 reo
742 1195 971 1240 obreptionem
990 1196 1109 1228 fatetur

226 1251 317 1285 suam
350 1249 591 1284 absolutionem
626 1247 690 1282 effe
716 1258 854 1282 vacuam
891 1247 925 1280 &
964 1244 1107 1279 nullam.

227 1299 333 1348 Qod
343 1300 449 1343 ipsum
462 1298 607 1342 pluribus
617 1296 789 1331 confirmat
802 1295 870 1330 haec
892 1295 996 1330 totius
1005 1294 1109 1338 Syno-

226 1350 265 1385 di
284 1348 326 1384 ad
351 1347 522 1384 laudatum
543 1347 751 1390 Rescriptum
775 1345 1007 1381 interlocutio:
1033 1347 1112 1377 Fru-

221 1400 288 1442 stra
306 1399 370 1433 baee
390 1399 510 1441 querela
520 1398 671 1431 adversus
683 1405 774 1440 caput
789 1395 915 1436 nostrum
935 1401 1042 1429 mutire
1061 1405 1111 1427 au-

227 1450 299 1484 det.
326 1448 500 1491 Apostoliaas
517 1452 598 1482 enim
612 1445 723 1488 absque
748 1447 835 1487 eulpa
845 1446 884 1486 est
896 1469 908 1486 ,
931 1446 967 1479 ὁ*
988 1457 1042 1478 nos
1057 1452 1110 1485 po-

225 1501 290 1533 tius
309 1497 470 1540 culpabiles,
473 1494 599 1539 sums,
631 1493 686 1536 nist
703 1497 816 1529 litteris
829 1494 934 1536 nostris
957 1500 985 1528 ei
1008 1504 1110 1527 notum

221 1548 372 1591 faciamus
386 1569 398 1586 ,
422 1546 572 1589 dequibus
583 1546 719 1579 volumus
738 1554 772 1578 ut
788 1544 985 1589 absolvantur
998 1569 1006 1577 .
1032 1546 1110 1578 Cum

225 1600 294 1643 orgi
313 1598 394 1632 tales
420 1597 591 1639 deceperint
614 1595 798 1638 Apostolicum
810 1619 822 1636 ‚
848 1603 882 1629 ut
895 1595 1110 1638 fraudulenter

226 1646 424 1692 absolvantur
448 1646 488 1680 ab
505 1658 556 1687 eo,
582 1650 673 1679 irrita
691 1645 731 1687 est
749 1644 886 1689 absolutio
898 1671 905 1678 .
932 1645 1032 1680 Dicta
1053 1647 1110 1679 sua

227 1698 416 1734 recentibus
425 1697 584 1741 exemplis
603 1696 778 1731 confirmat
797 1695 951 1739 Synodus
963 1720 973 1736 ,
998 1708 1036 1730 ac
1047 1705 1112 1739 per-

229 1749 303 1794 git.-
329 1751 388 1782 Hoc
406 1746 445 1780 ab
463 1747 531 1790 ipfis
552 1746 715 1789 apostolicis
735 1750 882 1779 Romanis
902 1771 913 1786 ,
939 1748 974 1780 6·
993 1749 1111 1780 caeterls

230 1798 376 1832 Patribus
386 1804 504 1831 cautum
514 1806 666 1831 teneamus
679 1822 686 1829 .
714 1801 753 1830 Ut
773 1795 956 1830 Parocbiano
970 1794 1025 1840 suo
1036 1799 1113 1838 Epi-

228 1847 334 1893 stopus
347 1847 598 1890 fipoenitentiam
620 1853 766 1890 imponit,
790 1859 912 1890 eumque
922 1849 1018 1889 Papae
1041 1848 1114 1880 diri·

227 1903 278 1943 git
296 1922 309 1939 ,
327 1907 361 1930 ut
365 1898 483 1938 judicet
495 1896 636 1938 utrumfit
650 1921 661 1938 ,
686 1910 728 1931 an
739 1909 796 1931 non
803 1903 984 1940 poenitentia
1005 1898 1114 1942 dignm

228 1956 288 1991 pro
308 1948 365 1983 tali
386 1957 487 1982 ream.
515 1948 611 1989 Potest
628 1960 695 1982 eam
703 1948 876 1991 confirmare
885 1948 1044 1981 audemus
1057 1950 1115 1980 Pa·

229 2007 283 2041 pae
300 2023 312 2040 ‚
339 2006 394 2031 aut
417 1999 571 2043 levigare,
598 2007 651 2032 eut
672 1997 895 2042 superadjicere
915 2023 923 2030 .
952 2000 1116 2044 Judict'um

233 2053 315 2082 enim
338 2053 428 2081 totius
450 2047 583 2090 Ecclefiae
601 2050 733 2082 maxime*
752 2054 783 2081 in
803 2049 959 2090 apostolica
979 2053 1116 2082 Romana

235 2099 308 2131 Sede
329 2096 456 2136 constat.
481 2102 558 2131 Item
575 2097 604 2138 fi
619 2096 782 2140 Episcopus
795 2098 1013 2131 parochianum
1028 2097 1117 2140 suum

236 2158 301 2181 tum
317 2146 452 2188 testibus,
483 2148 652 2181 vellitrens
666 2147 830 2190 Apostolicis
851 2149 896 2181 ad
909 2153 1119 2190 poenitentiam

235 2196 438 2238 accipiendam
459 2197 621 2238 direxerit,
647 2207 682 2230 ut
703 2200 850 2231 nncltoties
867 2206 925 2239 pro
940 2198 1116 2242 gravissimis

233 2246 301 2289 fieri
320 2244 395 2289 solet
416 2246 548 2279 reatibus
560 2270 570 2286 ,
596 2252 630 2279 in
651 2246 758 2288 quibus
773 2246 914 2289 Episcopi
936 2249 982 2280 ad
992 2249 1117 2291 dignam

237 2294 591 2338 baefitantpoenttentiam
613 2298 842 2338 imponendam:
870 2300 924 2329 Hic
942 2298 1013 2330 talis
1032 2298 1120 2330 licen-

236 2353 282 2380 ter
296 2343 316 2378 ἃ
330 2349 419 2388 Papa
435 2348 595 2380 remedium
601 2344 718 2390 sumere
736 2346 845 2389 petest.
874 2351 961 2380 Nam
981 2346 1120 2390 inconsul-

239 2405 269 2430 to
287 2393 429 2438 Episcopo
446 2395 498 2439 suo
509 2421 520 2437 ,
546 2396 585 2430 ab
598 2396 750 2439 apostolico
760 2402 968 2440 poenitentiam
993 2398 1027 2430 (θ’
1043 2396 1120 2441 abso-

239 2448 378 2479 lutionem
404 2452 514 2480 nemini
538 2453 667 2489 accipere
691 2449 758 2481 licet
783 2474 790 2481 .
827 2447 959 2492 Utique
992 2458 1121 2492 propter

239 2495 460 2540 subreptionis
480 2497 658 2540 periculum
675 2523 683 2531 .
709 2498 822 2532 Nemo
848 2508 929 2532 tunc
958 2499 1122 2542 poenitens

239 2545 387 2580 Romam
397 2542 549 2581 accedere
560 2556 683 2591 poterat
692 2547 759 2582 fine
779 2548 968 2583 dimissoriis
989 2549 1122 2592 Episco-

240 2596 275 2639 pi
288 2596 426 2630 litteris:
453 2597 534 2630 Non
546 2596 663 2638 quibus
675 2597 833 2632 Romano
854 2597 1014 2632 Pontifici
1036 2609 1122 2642 pote-

240 2645 303 2679 stas
316 2646 405 2680 fieret
415 2671 426 2687 ,
454 2646 508 2680 sed
521 2647 615 2690 plena
627 2646 668 2681 de
679 2647 855 2681 criminum
866 2648 971 2691 specie
995 2660 1035 2682 ac
1046 2660 1124 2691 qua-

239 2695 334 2730 litate
349 2695 538 2736 instructio,
564 2706 660 2740 atque
681 2698 727 2731 ita
737 2697 794 2732 ille
821 2708 891 2733 non
912 2698 1125 2733 circumveni-

240 2755 330 2780 retur
352 2771 359 2778 .
402 2746 489 2780 Istud
510 2745 575 2781 fere
597 2747 702 2791 ipsum
729 2772 741 2788 ,
781 2747 872 2791 quod
899 2747 1125 2783 Cabilonenfis

242 2796 326 2831 olim
348 2796 501 2839 Synodus
519 2796 674 2832 aCarolo
686 2798 817 2843 Magno
839 2798 961 2832 firmari
985 2799 1124 2843 postula-

243 2855 332 2880 verat
357 2869 368 2886 ,
394 2847 429 2882 ὅ(
455 2846 593 2882 Carolus
614 2847 740 2882 firmare
762 2858 831 2882 non
852 2849 1090 2892 praesumpserat
1114 2874 1125 2891 ,

243 2895 452 2938 postmodum
464 2898 573 2932 nescio
584 2909 653 2939 quae
662 2898 725 2932 alia
738 2897 891 2941 Synodus
903 2923 913 2939 ,
939 2909 995 2933 aut
1015 2900 1125 2943 potius

244 2944 311 2990 ipsa
334 2945 527 2993 Apostolica
546 2947 645 2985 Sedes
665 2948 847 2984 firmaverat
871 2961 878 2980 z
905 2949 1062 2986 Firmarat
1088 2962 1125 2986 ut

543 3098 832 3199 {sititis

1895 130 1984 173 115

1168 190 1274 226 nullus
1285 191 1438 235 deinceps
1459 191 1631 227 Poenitens
1654 195 1719 229 sine
1731 196 1824 238 plena
1837 198 1989 241 Episcopi
2011 197 2052 232 de

1167 242 1235 286 ejus
1254 240 1446 276 criminibus
1462 242 1623 276 relatione
1645 243 1791 281 Romam
1812 248 1900 282 abire
1924 249 2053 292 permit-

1167 302 1286 326 teretur
1297 316 1308 332 ,
1333 293 1367 327 ὅ(
1379 294 1515 326 ουῃξὶος
1526 292 1619 326 aliter
1629 291 1781 328 abeuntes
1805 299 1870 339 ipsa
1887 298 1994 332 statim
2006 310 2067 336 re·,

1169 342 1248 376 latio
1263 344 1446 386 sequeretur
1459 368 1466 374 .
1493 343 1582 385 Ipsos
1595 353 1662 375 non
1681 343 1722 376 ad
1736 342 1878 380 abeundi
1899 348 2027 382 veniam
2040 371 2052 387 ‚

1169 392 1221 428 sed
1241 391 1282 427 ad
1310 393 1401 426 illam
1425 393 1619 427 relationem
1645 392 1819 436 petendam
1843 395 1903 430 ista
1929 398 2053 432 sanstio

1170 443 1333 488 obligarat
1347 468 1354 475 .
1383 443 1426 477 Et
1436 443 1537 487 ipsam
1549 444 1657 477 firmat
1676 454 1714 477 ac
1726 441 1841 487 probat
1853 445 1981 480 laudata
1993 449 2054 491 Sy-

1173 493 1279 529 nodus
1289 493 1531 528 Lemovicenfis
1542 519 1549 526 .
1577 494 1621 527 Et
1632 495 1714 528 resta
1725 493 1896 538 disciplina
1907 493 1972 529 hoc
1983 507 2054 529 om-

1173 543 1255 578 nino
1276 544 1400 588 exigit.
1429 543 1535 578 Unde
1555 544 1738 578 etiamnum
1762 543 1863 579 hodie
1883 545 2053 580 neminem

1172 606 1262 628 reum
1283 606 1341 638 pro
1352 595 1427 629 foro
1438 594 1609 637 praesertim
1631 605 1770 630 externo
1791 594 1930 630 absolvit
1940 594 2056 630 Ponti-

1172 644 1226 678 fex
1238 667 1248 684 ,
1274 644 1332 678 nifi
1357 644 1397 679 ad
1410 644 1565 688 Episcopi
1579 644 1849 680 informationem
1863 670 1870 678 .
1899 644 1971 681 Aut
1990 657 2055 680 cer-

1172 694 1205 728 te
1226 693 1316 729 addit
1339 692 1424 729 hanc
1435 695 1635 728 clausulam:
1663 697 1697 730 Si
1721 707 1828 739 preces
1850 697 1986 731 veritate
2007 696 2056 730 ni·

1172 755 1303 779 tantur.
1333 745 1375 780 Et
1395 754 1474 780 tunc
1494 745 1560 789 ipse
1582 745 1694 789 paffim
1718 756 1784 779 non
1812 745 1974 786 absolvit,
2001 746 2054 781 sed

1173 794 1361 830 absolvendi
1383 796 1574 840 potestatem
1598 796 1695 829 alicui
1707 794 1853 840 delegat.

1223 845 1278 879 De
1289 846 1392 881 nimia
1404 846 1566 881 Romanae
1579 847 1725 880 Ecclefiae
1736 847 1770 880 in
1793 846 1987 881 criminosos
2007 847 2056 880 in-

1171 893 1342 939 dulgentia
1355 896 1483 938 questus
1494 896 1539 929 est
1561 897 1647 939 apud
1659 897 1861 941 Gregorium
1881 898 2055 941 septimum

1171 945 1270 978 etiam
1283 945 1389 988 Hugo
1400 946 1529 979 Dienfis
1540 945 1722 989 Episcopus
1737 971 1747 987 ‚
1777 958 1816 982 ac
1837 947 1906 990 ejus
1928 946 1962 980 in
1978 947 2057 981 Gal·

1174 995 1216 1027 lia
1238 994 1402 1038 Legatus:
1431 997 1600 1029 Provideat
1622 996 1773 1030 SanHitas
1797 997 1917 1037 vestra,
1943 1008 1980 1030 ne
1992 998 2056 1030 diu-

1173 1044 1234 1077 tius
1255 1053 1319 1077 tam
1334 1043 1477 1085 probrose*
1500 1044 1581 1078 nobis
1606 1051 1840 1088 improperetur,
1866 1049 1948 1089 quod
1964 1049 2056 1080 simo-

1175 1098 1253 1127 niaci
1273 1118 1284 1133 ‚
1303 1096 1355 1126 vel
1363 1098 1536 1136 quicumque
1545 1095 1708 1136 criminosi,
1737 1100 1757 1129 a=
1770 1098 1853 1130 nobis
1861 1095 1998 1140 suspenfi
2005 1098 2058 1131 vel

1174 1141 1313 1186 depositi,
1339 1153 1393 1176 aut
1415 1148 1504 1177 etiam
1526 1145 1689 1185 damnati,
1714 1146 1838 1180 libenter
1856 1157 1977 1180 currunt
1999 1151 2057 1180 Ro·

1175 1206 1275 1234 mam,
1303 1194 1338 1227 Θ
1356 1193 1407 1226 ubi
1427 1194 1568 1227 deberent
1581 1193 1693 1236 sentire
1716 1198 1889 1238 ampliorem
1909 1203 2056 1241 rigorem,

1177 1245 1248 1278 inde
1258 1252 1412 1285 reportant
1424 1243 1509 1286 quafi
1516 1243 1747 1288 misericordiam
1755 1254 1810 1288 pro
1821 1248 1986 1281 voluntate.
2009 1251 2057 1280 Et

1175 1300 1226 1337 qui
1237 1302 1326 1328 antea
1337 1305 1387 1328 nee
1396 1299 1429 1327 in
1439 1294 1558 1328 levibus
1565 1293 1822 1339 praesumpserant
1834 1305 1970 1338 peccare,
1981 1296 2059 1340 pos}-

1177 1345 1293 1377 modum
1317 1354 1453 1378 exercent
1465 1345 1675 1387 apertifflmam
1686 1353 1912 1391 negotiationem
1933 1358 1999 1381 cum
2020 1355 2061 1384 ty-

1176 1395 1305 1428 rannide
1325 1399 1359 1426 in
1371 1396 1516 1435 commffs
1531 1394 1589 1437 fibi
1601 1395 1739 1438 Ecclefiis
1751 1423 1759 1430 .
1786 1397 1914 1442 Scripta
1925 1397 1970 1431 est
1984 1397 2062 1440 Epi-

1177 1444 1259 1480 stola
1269 1445 1287 1479 ἐ
1297 1443 1486 1479 pictaviensi
1496 1444 1634 1488 Synodo
1644 1471 1656 1487 ,
1666 1446 1834 1491 exstatque
1845 1447 1932 1491 apud
1943 1448 2062 1491 Hugo-

1178 1505 1254 1529 nem
1293 1495 1320 1527 F
1323 1495 1572 1530 laviniacensem
1593 1520 1600 1528 .
1638 1496 1837 1541 Frequentes
1871 1496 2062 1540 hujusmodi
2078 1485 2214 1524 E⁰l·²03‘

1178 1544 1401 1589 querimonias
1425 1545 1553 1589 &apud
1566 1545 1748 1581 Urbanum
1773 1547 1808 1582 ὅ(
1829 1548 1916 1591 apud
1928 1546 2065 1581 Pascha-

1178 1596 1244 1630 lem
1256 1593 1434 1630 secundum
1455 1595 1605 1640 deposuit
1620 1596 1702 1630 item
1713 1597 1849 1632 Sanstus
1860 1599 1920 1632 Ivo
1933 1597 2066 1642 Episco-

1178 1657 1239 1690 pus
1258 1644 1486 1680 Carnutensis.
1514 1646 1627 1680 Etiam
1646 1645 1734 1690 apud
1762 1647 1998 1683 Innocentium
2020 1648 2068 1681 se-
2083 1683 2101 1697 Γ

1177 1695 1324 1730 cundum
1348 1696 1483 1729 Sanstus
1494 1695 1694 1731 Bernardus.
1721 1696 1776 1731 De
1787 1697 1922 1740 peffimo
1943 1698 2000 1731 suo
2012 1708 2068 1740 per
2085 1682 2201 1721 ⁵p·¹⁸⁷‘

1177 1745 1376 1781 Pontificem
1387 1745 1538 1781 absoluto
1564 1757 1602 1781 ac
1613 1755 1760 1790 reparato
1771 1746 1950 1782 Canonico
1961 1747 2068 1791 queri·

1180 1807 1232 1831 tur
1243 1795 1330 1840 apud
1344 1794 1554 1831 Cardinalem
1570 1797 1768 1832 Gratianum
1790 1797 1870 1832 item
1880 1796 2066 1842 Stephanus

1180 1846 1402 1881 Tornacenfis
1415 1847 1621 1891 Episcopus,
1644 1856 1742 1892 atque
1765 1848 1938 1894 adjungit:
1965 1851 2066 1881 Mani-

1172 1897 1321 1941 festamus
1343 1899 1467 1930 Domino
1489 1900 1584 1940 Papae
1593 1905 1650 1940 per
1670 1899 1789 1932 litteras
1815 1900 1954 1942 Capituli
1976 1897 2067 1939 nostrl

1180 1949 1358 1991 qualitatem
1377 1947 1508 1981 hominis
1519 1971 1531 1987 ,
1554 1960 1646 1992 quam
1666 1954 1785 1993 ignorat
1795 1973 1806 1990 ,
1831 1959 1865 1983 ut
1884 1954 2001 1995 cognita
2013 1960 2068 1984 ve·
2082 1952 2130 1983 Et*-
2143 1958 2190 1994 43-t

1180 2004 1272 2032 ritate
1295 2000 1330 2033 ό·
1350 1994 1413 2041 ipse
1433 2000 1568 2033 emendet
1590 2000 1670 2042 quod
1691 2001 1839 2040 voluerit,
1865 2001 1901 2035 δ’
1922 2011 1976 2034 nos
1985 2000 2069 2043 quod

1181 2050 1377 2083 mandaverit
1391 2049 1558 2091 faciamus.
1588 2051 1740 2084 malumus
1761 2055 1840 2084 enim
1862 2075 1873 2093 ,
1891 2050 1922 2093 fi
1940 2054 2068 2085 Domino

1184 2102 1278 2141 Papae
1285 2100 1430 2140 placuerit
1441 2122 1452 2138 ‚
1473 2099 1585 2140 pellem
1593 2101 1678 2132 illam
1690 2111 1754 2133 cum
1764 2101 1898 2142 periculo
1919 2101 2011 2141 nostro
2017 2099 2068 2143 su·

1178 2147 1289 2192 fisipere
1300 2173 1311 2189 ‚
1338 2149 1430 2189 quam
1451 2148 1653 2182 inobedientes
1665 2157 1832 2191 apparere.
1860 2150 1957 2183 Olim
1976 2149 2067 2194 apud

1185 2198 1316 2243 Anglos
1336 2196 1545 2232 Sacerdotum
1572 2199 1756 2234 &aliorum
1779 2199 1986 2234 Clericorum
2009 2198 2068 2233 ho-

1183 2247 1312 2282 micidae
1322 2258 1391 2282 non
1403 2247 1662 2292 percutiebantur
1683 2248 1819 2294 gladio,
1846 2250 1901 2283 seu
1921 2250 2068 2284 Romam

1184 2296 1397 2333 mittebantur
1407 2298 1586 2342 puniendi:
1614 2299 1718 2346 Qod
1730 2300 1918 2344 frequenter
1931 2300 2071 2344 nequio-

1184 2360 1230 2382 res
1244 2348 1384 2383 redirent
1397 2373 1408 2388 ‚
1432 2349 1467 2383 in
1481 2348 1672 2394 graviffimis
1682 2349 1769 2393 apud
1781 2350 1917 2384 Petrum
1942 2350 2071 2385 Blesen-

1184 2400 1247 2433 sem
1259 2398 1460 2434 exstantibus
1470 2399 1587 2434 litteris
1598 2399 1749 2444 deplorat
1759 2424 1770 2440 ,
1797 2401 1831 2434 δε
1848 2400 2004 2444 exemplis
2016 2400 2072 2435 de-

1185 2449 1340 2484 monstrat
1364 2448 1545 2484 Richardus
1566 2448 1843 2494 Archiepiscopus
1855 2449 2075 2485 Cantuarien·

1185 2500 1222 2534 fis
1232 2524 1240 2532 .
1267 2499 1311 2534 Et
1322 2497 1402 2534 hinc
1412 2499 1497 2535 inter
1508 2501 1600 2544 plura
1614 2524 1624 2540 ‚
1651 2511 1722 2544 quae
1733 2511 1789 2544 per
1800 2512 1927 2536 novum
1948 2501 2073 2546 eligen-

1184 2550 1264 2583 dum
1284 2550 1485 2585 Pontificem
1509 2552 1676 2585 reformari
1691 2551 1798 2585 sanxit
1811 2551 2071 2586 Constantienfis

1187 2599 1339 2643 Synodus
1352 2624 1362 2639 ,
1372 2600 1435 2634 fuit
1446 2601 1545 2634 etiam
1556 2601 1690 2642 Officium
1703 2604 1941 2635 Poenitentiariae
1952 2626 1959 2634 .
1990 2601 2073 2635 Eos-

1188 2650 1263 2684 dem
1286 2649 1428 2684 descetus
1447 2650 1553 2684 voluit
1575 2652 1736 2686 correstos
1761 2651 2072 2696 Salegunstadienfis

1186 2697 1341 2743 Synodus
1354 2713 1364 2733 :
1392 2699 1444 2733 Ac
1455 2711 1511 2743 per
1523 2701 1707 2742 praesentem
1719 2701 1893 2736 Canonem
1908 2701 2016 2735 noster
2027 2711 2079 2735 et-

1188 2750 1254 2784 iam
1274 2749 1473 2795 Gregorius.
1500 2749 1644 2784 Nullum
1666 2751 1888 2786 Poenitentem
1907 2751 1982 2786 fine
1991 2762 2077 2795 prae·

1188 2799 1297 2835 habita
1320 2799 1474 2843 Episcopi
1495 2800 1653 2835 relatione
1677 2802 1696 2835 s
1735 2802 1783 2836 xit
1811 2800 2049 2837 absolvendum
2064 2826 2072 2831 -

1187 2850 1267 2885 Vox
1279 2849 1455 2893 suscipiatur
1465 2875 1476 2891 ‚
1501 2850 1643 2885 omnino
1654 2813 1808 2894 igortat
1820 2850 2073 2887 absolutionem.

1189 2900 1337 2936 Reduxit
1357 2900 1563 2944 disciplinam
1575 2901 1741 2937 laudatam
1761 2902 1779 2937 ὲ
1792 2901 1930 2947 Synodo
1955 2902 2078 2937 Lemo»-

1488 3099 1777 3201 Ξὲἒξέἒξὲ

1849 3405 2025 3444 CANON
