2352 3756
100 1856 154 1895 Ep·
165 1866 209 1894 ¹4·

105 3032 202 3069 Ep.5a.

598 106 670 139 Ac
705 104 1219 137 εΑτιεεΛετιοΝυΜ
1254 90 1719 141 Inoni-eamus.

246 183 300 216 sua
323 182 462 216 Decreta
485 176 552 223 ipse
577 178 693 213 Clerus
703 178 799 221 plena
820 174 1016 211 authoritate
1039 175 1127 209 misit

244 231 285 267 ad
310 242 424 265 omnes
454 230 511 264 sub
535 231 619 264 coelo
644 228 801 270 Ecclesias
821 251 832 268 ,
869 237 907 260 ac
936 226 969 259 in
992 237 1125 260 omnem

244 281 528 317 Christianitatem
552 279 696 314 exercuit
718 278 850 322 plenum
877 276 1102 319 principatum
1116 300 1123 308 .

243 332 302 366 Ex
325 332 442 375 quibus
462 331 560 366 etiarn
574 330 659 364 lucet
681 329 746 363 labi
766 329 799 362 in
812 327 970 370 opusculo
982 326 1023 360 de
1034 326 1125 360 Con-

242 381 531 425 stantinopolitani
562 378 802 414 Patriarchatus
822 377 1029 411 institutione
1054 376 1125 411 Do-

243 433 373 466 minum
401 431 534 465 Petrum
560 431 601 464 de
627 429 740 463 Marca
760 452 771 468 ,
795 426 853 461 ubi
878 426 1011 460 scribit:
1038 428 1124 469 ,Quia

238 484 292 523 jus
307 482 418 515 nullum
431 482 536 519 synodi
558 478 778 513 PatrIarcbalis
798 477 935 520 cogendae
960 476 1124 515 Constanti-

244 533 420 572 nopolitanis
441 530 622 571 competebat
644 526 801 570 Episcopis
829 549 840 565 ‚
875 535 908 558 ut
932 526 1010 559 illius
1029 526 1125 568 aliquo

242 583 327 614 modo
348 586 429 614 vices
443 581 618 622 implerent,
643 575 785 621 ingenioso
803 584 963 609 commento
986 580 1122 607 minutio-

242 642 311 663 nem
324 630 407 671 istam
415 629 615 673 sarciverunt.
645 628 848 661 Commento
859 624 985 668 Synodi
995 635 1034 658 ex
1047 625 1123 666 Epi·

240 680 346 724 scopis
369 680 525 715 advenis.
554 678 729 712 Existimat
754 675 908 720 Episcopi
931 673 1121 708 Constanti-

239 730 430 774 nopolitani
452 729 612 764 ambitum
627 728 689 761 esse
700 726 838 770 primam
862 725 1027 768 originem
1040 723 1121 756 simi-

239 780 324 814 lium
344 779 554 821 Synodorum
577 802 588 817 ‚
613 776 752 819 ideoque
778 774 836 808 has
861 774 955 807 nullo
979 771 1119 807 Canone

238 828 319 869 niti,
351 827 405 862 sed
417 827 481 860 sola
493 825 727 860 consuetudine
740 849 747 856 .
774 823 826 856 Ex
837 822 932 856 dictis
952 822 1036 857 lucet
1057 822 1119 859 effe

237 876 379 911 omnino
400 874 652 919 antiquiffimas·
675 873 750 907 Nec
771 872 900 908 tantum
922 871 940 905 a
962 872 1118 908 Romano

237 926 405 961 Pontifice
428 937 485 961 aut
503 924 575 960 aliis
597 922 793 958 Patriarchis
806 947 816 964 ,
843 922 896 957 sed
920 922 1020 958 etiam
1040 922 1119 957 avi-

236 979 340 1011 duato
362 978 520 1011 Romanae
547 974 697 1009 Ecclefiae
723 972 823 1008 Clero
844 973 935 1006 fuisse
961 973 1114 1007 usitatas.

236 1028 339 1061 Suum
350 1026 515 1069 Synodale
528 1025 706 1059 Decretum
730 1023 845 1057 Clerus
866 1021 1006 1057 elucidat
1019 1023 1050 1056 in
1064 1022 1115 1057 da-

234 1078 277 1110 tis
297 1075 336 1110 ad
348 1075 633 1120 Carthaginensis‚
662 1072 751 1115 cujus
772 1073 953 1116 Episcopus
982 1073 1113 1116 Cypria·

233 1138 297 1160 nus
322 1137 404 1162 tunc
428 1123 581 1161 exulabat
600 1147 611 1163 ‚
648 1123 796 1157 Ecclesiae
823 1121 956 1156 Clerum
978 1121 1112 1156 litteris:

233 1178 349 1210 Videtis
362 1181 489 1210 Fratres
502 1198 513 1214 ‚
536 1180 674 1216 quoniam
699 1174 798 1207 &vos
808 1170 967 1212 bocsacere
989 1172 1112 1212 debetis,

232 1236 268 1259 ut
288 1228 353 1267 illi,
379 1232 430 1268 qui
456 1226 619 1259 ceciderunt
645 1247 655 1263 ‚
681 1221 798 1255 hortatu
823 1220 916 1261 vestro
937 1227 1110 1265 corrigentes

232 1282 349 1309 animos
371 1286 468 1310 eorum
482 1299 493 1315 ,
512 1273 541 1316 fi
559 1271 729 1316 apprehensi
740 1271 860 1313 fuerint
874 1274 978 1304 iterato
990 1296 1001 1312 ‚
1026 1272 1110 1313 confi·

232 1334 354 1359 reantur
370 1350 381 1366 ‚
407 1334 440 1359 ut
455 1325 558 1367 poffint
576 1330 704 1365 priorem
725 1333 852 1355 errorem
873 1327 1012 1364 corrigere
1034 1346 1040 1353 .
1068 1324 1112 1353 Et

231 1375 293 1408 alia
314 1400 324 1416 ,
352 1387 420 1417 quae
443 1373 614 1407 incumbunt
638 1372 726 1405 vobis
748 1395 759 1411 ,
785 1378 886 1405 etlam
897 1369 1107 1413 subdidimus,

231 1435 266 1458 ut
280 1424 310 1467 fi
325 1431 373 1467 qui
397 1431 429 1457 in
454 1423 531 1456 hanc
550 1427 739 1455 tentationem
749 1423 942 1461 inciderunt,
967 1425 1110 1462 coeperint

230 1474 415 1517 apprehendi
428 1473 603 1514 infirmitate
617 1495 627 1511 ‚
654 1473 688 1505 (9·
699 1480 792 1514 agant
800 1475 1009 1512 poenitentiam
1026 1469 1109 1512 fac‘li

228 1522 299 1567 sui,
324 1525 358 1557 Θ
377 1521 535 1563 desiderent
557 1526 783 1555 communionem
801 1544 812 1561 ,
837 1524 938 1563 utique
955 1518 1110 1562 subveniri

229 1579 272 1606 eis
284 1573 388 1606 debet.
420 1573 575 1606 Decrevit
599 1571 686 1605 duo.
714 1570 847 1610 Primo,
875 1578 911 1604 ut
921 1569 996 1614 lapsi
1014 1595 1026 1611 ,
1052 1570 1108 1613 qui

229 1622 274 1656 ob
300 1622 469 1666 professam
492 1621 720 1665 poenitentiam
745 1619 780 1653 ἀ
801 1621 993 1663 resumptam
1016 1618 1107 1654 Chri-

227 1671 428 1706 stianitatem
451 1670 563 1706 denuo
587 1668 901 1714 apprehenderentur
925 1669 944 1702 a
970 1668 1108 1702 durante

227 1722 451 1764 persecutione
460 1745 471 1760 ‚
497 1722 592 1764 plena
605 1719 787 1754 constantia
799 1719 1033 1752 confiterentur
1045 1727 1108 1759 ,at-

227 1782 293 1814 que
305 1772 348 1806 ita
361 1771 446 1814 apud
460 1772 571 1805 Deum
597 1770 630 1803 δε
644 1767 794 1803 homines
805 1770 895 1802 suum
907 1768 1031 1802 crimen
1053 1778 1109 1801 ex·

226 1831 420 1865 purgarent.
448 1821 492 1855 Et
516 1818 600 1853 hanc
615 1819 748 1853 Decreti
775 1827 896 1862 partem
922 1818 1049 1860 respicit
1071 1818 1104 1850 in

225 1870 343 1904 litteris
364 1869 405 1904 ad
426 1871 520 1903 suum
541 1870 678 1903 clerum
701 1869 777 1902 exul
792 1867 995 1911 Cyprianus:
1024 1871 1106 1900 Acie:

225 1919 324 1952 adbuc
339 1925 477 1963 geritur,
501 1919 619 1963 &agon
641 1919 771 1961 quotidie
782 1917 964 1950 celebratur.
991 1919 1106 1950 Sivere'

223 1970 353 2010 commiffi
379 1969 540 2011 &fortiter
547 1973 673 2011 poem'tet
682 1993 693 2008 ,
718 1970 752 2002 <9⁶
762 1967 830 2009 fidei
845 1968 920 2000 calor
927 1966 1080 2008 praevalee
1095 1990 1107 2007 ,

224 2027 279 2062 qui
292 2019 409 2060 differri
422 2030 479 2051 non
487 2018 576 2060 potest
590 2043 601 2058 ,
623 2017 711 2060 potest
723 2023 854 2050 coronari
867 2041 873 2047 .
900 2017 1012 2061 Qam
1035 2017 1106 2049 sen·

223 2070 363 2102 tentiam
376 2068 485 2102 laudat
510 2080 548 2102 ac
559 2067 665 2101 firmat
679 2067 778 2100 etiam
790 2065 824 2099 in
834 2065 968 2108 epistola
980 2065 1019 2098 ad
1035 2064 1104 2098 An-

224 2118 423 2152 thonianum
439 2118 654 2161 Episcopum.
682 2115 827 2162 Quosvis
843 2125 977 2158 corpore
988 2114 1080 2147 sanos
1093 2139 1103 2155 ‚

223 2178 520 2211 quantamcumque
540 2177 639 2212 agant
652 2164 901 2209 poenitentIam,
927 2163 961 2197 &
983 2163 1104 2207 quales-

223 2228 364 2261 cumque
393 2217 411 2249 ὲ
430 2217 636 2259 Martyribus
662 2214 803 2248 habeant
829 2214 968 2253 litteras,
995 2213 1101 2257 lapsos

222 2267 293 2301 vult
315 2278 384 2300 non
407 2278 462 2309 per
482 2265 631 2300 Ecclesiae
653 2265 794 2304 Claves,
822 2263 875 2297 sed
900 2274 954 2307 per
975 2274 1098 2296 novum

221 2313 379 2359 Martyri‘i
407 2316 570 2360 Baptisma
607 2315 669 2350 effe
704 2315 781 2348 Deo
815 2312 1092 2347 reconciliandos.

226 2365 340 2400 Altera
351 2366 485 2400 Decreti
509 2375 579 2410 pars
587 2375 628 2398 ex
647 2364 762 2408 quavis
771 2362 914 2407 corporis
933 2363 1097 2397 infirmita-

226 2426 260 2449 te
286 2415 501 2450 moribundos
527 2416 631 2459 lapsos
652 2413 857 2458 permittebat
878 2413 912 2446 in
926 2412 995 2456 ipso
1006 2415 1096 2446 exitu

227 2477 282 2508 per
306 2465 452 2499 Ecclesiae
473 2465 578 2500 claves
601 2464 802 2499 reconciliari
823 2489 830 2495 .
855 2463 937 2497 Non
964 2463 1096 2505 quosvis

226 2515 373 2549 infirmos
385 2540 396 2555 ,
423 2515 476 2549 sed
497 2515 582 2549 solos
601 2515 695 2554 illos,
722 2525 845 2556 quorum
865 2519 940 2546 vitae
946 2512 1039 2554 finem
1050 2523 1098 2546 ur-

221 2576 298 2609 gens
321 2570 416 2597 exitus
438 2565 609 2598 dilationem
621 2575 677 2597 non
685 2571 803 2604 poterat
812 2562 915 2604 ferre.
941 2562 985 2595 Et
1008 2561 1097 2596 addi·

223 2614 275 2648 dit
287 2615 459 2658 Synodus:
488 2619 548 2647 Deo
569 2611 630 2656 ipso
647 2611 755 2655 sciente
773 2613 848 2654 quid
867 2613 904 2644 de
926 2611 1037 2644 talibus
1042 2612 1097 2653 fa·-

223 2670 284 2697 ciat
306 2687 316 2703 ‚
340 2666 374 2698 (9⁶
397 2666 524 2707 qualiter
544 2665 651 2705 judicii
680 2662 730 2705 sui
764 2666 914 2695 examinet
933 2662 1068 2702 pondera
1088 2685 1096 2694 .

223 2715 429 2749 Statuitcum
441 2715 568 2748 summo
579 2723 734 2747 tremore:
762 2709 864 2759 Qod
888 2721 954 2744 rem
978 2721 1095 2746 novam

222 2764 374 2798 statueret
393 2775 508 2799 contra
524 2773 662 2797 veterem
684 2761 906 2803 disciplinam.
934 2760 1025 2794 Hinc
1037 2762 1094 2796 sta·

222 2823 312 2848 tuere
321 2816 420 2848 etiam
434 2825 499 2847 non
513 2813 703 2856 praesumpfit
717 2811 800 2844 solus
814 2810 928 2844 Clerus
951 2811 1018 2844 sine
1038 2823 1096 2846 nu-

223 2865 346 2898 merosa
370 2864 603 2908 Episcoporum
624 2861 762 2904 Synodo
790 2886 797 2892 .
842 2860 925 2893 Item
952 2859 1092 2896 addidit:

224 2913 299 2945 aaa
305 2920 482 2955 pce-nitentia
491 2939 502 2955 ,
527 2916 561 2947 (τ
568 2911 694 2955 professa
698 2910 870 2953 frequenter
875 2908 995 2952 ficorum
1016 2912 1094 2945 dete-

218 2961 343 3002 statione
355 2962 523 3005 sudorum.
554 2960 705 2996 Elucidat
728 2962 760 2993 in
775 2960 889 2993 litteris
910 2959 951 2993 ad
966 2959 1095 2995 Antho-

225 3012 362 3046 nianum
384 3012 582 3056 Episcopum
606 3013 738 3047 Sanetus
757 3010 962 3053 Cyprianus:
988 3013 1033 3042 Et
1051 3013 1094 3044 id-

222 3063 298 3096 circo
306 3067 514 3103 poenitentiam
533 3073 591 3095 non
600 3070 718 3105 agentes
732 3085 743 3100 ,
770 3071 819 3093 nec
838 3059 962 3092 dolorem
981 3061 1094 3094 delic‘lo-

221 3123 288 3144 rum
293 3110 410 3155 suorum
421 3119 479 3145 toto
487 3113 570 3145 corde
581 3113 615 3145 <5
626 3110 782 3152 manifesta
804 3111 1025 3143 lamentationis
1035 3108 1093 3150 suae

216 3160 384 3203 profeffione
397 3161 535 3202 testantes
546 3183 556 3200 ,
579 3159 777 3202 prohibendor
793 3162 908 3192 omnino
929 3158 1092 3202 censuimus

220 3212 241 3242 ὰ
248 3210 301 3254 spe
311 3216 577 3245 communicationis
602 3210 635 3243 6*
641 3216 725 3251 pacis
738 3234 747 3248 ,
768 3208 797 3250 fi
811 3215 843 3241 in
853 3209 1024 3251 infirmitate
1048 3220 1094 3243 at-

220 3271 275 3302 que
282 3265 408 3303 periculo
419 3267 560 3303 coeperint
570 3261 739 3301 deprecari.
766 3261 850 3302 ,Quia
871 3259 934 3291 illos
948 3270 1004 3290 non
1025 3260 1093 3294 deli-

219 3311 260 3343 a)
276 3318 475 3353 poenitentia,
497 3308 555 3353 sed
576 3315 677 3342 mortir
701 3315 829 3351 urgentis
851 3309 1010 3340 admonitio
1021 3320 1092 3342 com·

212 3362 305 3402 pellit.
318 3367 381 3397 Nec
391 3363 500 3407 dignus
513 3359 551 3401 est
564 3366 597 3393 in
608 3368 699 3393 morte
709 3364 837 3400 accipere
843 3356 993 3401 solatium,
1002 3358 1093 3403 quise

1112 1934 1122 2239 Ἃ-

1188 185 1245 207 non
1274 179 1416 220 cogitavit
1441 176 1493 217 effe
1518 182 1690 211 moriturum
1725 205 1732 212 .
1767 178 1890 216 Eadem
1921 181 2060 227 epistola

1188 224 1301 266 addit,
1326 224 1415 267 quod
1436 223 1645 259 Novatianus
1663 251 1673 267 ,
1703 229 1858 264 Romanae
1894 242 1974 273 tunc
2000 231 2061 266 Ec-

1189 275 1286 310 clefiae
1312 273 1503 318 Presbyter,
1529 272 1666 308 adfuerit
1687 279 1865 314 condendis
1878 281 1928 315 his
1941 283 2059 317 Decre-

1189 326 1254 366 tis,
1279 325 1389 370 &ipsa
1401 326 1459 360 suo
1471 324 1621 370 suffragio
1643 327 1915 368 comprobaverit.
1945 330 2057 366 Edicit

1189 376 1266 410 item
1289 377 1418 410 causam
1441 374 1537 420 hujus
1558 386 1647 409 novae
1673 375 1877 410 clementiae:
1907 384 1957 413 Ne
1983 379 2060 423 lapfi

1182 426 1254 467 plus
1275 424 1476 469 desperatione
1501 424 1619 468 deficere
1631 449 1641 466 ,
1666 426 1700 459 Ca·
1717 427 1749 458 εὸ
1770 426 1911 467 quodfibi
1930 430 2054 471 Ecclefiae

1185 477 1368 510 clauderetur
1393 498 1403 514 ‚
1435 474 1522 518 secuti
1542 473 1681 518 saeculum
1707 477 1859 520 gentiliter
1884 482 2026 510 viverent
2041 504 2050 512 .

1185 526 1296 572 Qam
1324 527 1483 560 rationem
1510 525 1545 558 in
1566 525 1709 568 pluribus
1723 525 1911 560 suislitteris
1922 526 2055 561 adducit

1184 577 1283 611 etiam
1309 577 1480 610 Romanus
1505 574 1619 608 Clerus
1646 600 1653 607 .
1680 574 1828 620 Antiqua
1861 574 2055 618 poenitentia

1184 636 1251 660 erat
1272 626 1412 661 horroris
1436 626 1469 659 &
1488 624 1688 658 confusionis
1710 624 1824 668 plena.
1850 626 1944 660 Hinc
1964 623 2055 668 quod

1183 676 1283 719 aliqui
1303 676 1408 710 redire
1428 675 1467 709 ad
1481 675 1637 718 gentilem
1650 674 1750 708 vitam
1762 699 1772 716 ,
1798 674 1895 718 quam
1909 684 1978 709 tota
2001 675 2056 710 sua

1183 725 1249 760 vita
1272 726 1313 760 ad
1336 726 1428 760 issam
1443 749 1453 765 ‚
1478 726 1511 758 &
1538 725 1670 767 quidem
1690 725 1756 758 sine
1776 725 2055 759 reconciliationis

1184 776 1236 819 spe
1251 800 1262 816 ‚
1290 776 1368 820 cogi
1391 774 1584 816 maluerint,
1608 772 1729 817 docent
1752 773 1844 817 plura
1865 773 2054 809 authentica.

1181 824 1368 860 testimonia
1389 835 1485 868 atque
1494 824 1643 868 exempla
1657 849 1664 855 .
1693 824 1796 858 Erant
1806 823 1945 858 Decreta
1960 824 2053 858 dum-

1180 885 1270 908 taxat
1292 874 1537 909 interlocutoria
1560 886 1568 906 ε
1597 874 1627 908 Α
1652 873 1792 908 creando
1814 873 1886 917 post
1912 873 2050 917 sopitam

1181 924 1436 967 persecutionem
1447 923 1610 959 Pontifice
1622 923 1823 967 synodaliter
1833 923 2050 964 discutienda,

1181 974 1216 1008 &
1228 973 1451 1008 confirmanda
1462 985 1517 1008 aut
1539 974 1731 1008 infirmanda
1742 999 1750 1005 .

1231 1024 1274 1058 Et
1295 1024 1426 1058 tandem
1454 1025 1488 1057 in
1511 1024 1664 1067 Papalem
1685 1022 1881 1058 Cathedram
1892 1021 2048 1057 electus&

1177 1075 1380 1108 consecratus
1390 1072 1452 1108 fuit
1462 1075 1596 1108 Sanctus
1609 1073 1785 1109 Cornelius
1796 1098 1803 1105 .
1830 1074 1898 1119 Qi
1914 1073 1971 1107 ista
1982 1072 2049 1106 De-

1178 1134 1262 1158 creta
1284 1123 1492 1158 confirmavit
1513 1123 1647 1157 omnia:
1675 1122 1782 1156 Immo
1804 1124 1838 1157 ὅ(
1855 1122 2024 1166 ampliavit
2038 1146 2046 1154 .

1179 1172 1255 1215 Ejus
1277 1174 1393 1207 elestio
1423 1172 1485 1206 fuit
1517 1171 1601 1215 passa
1635 1171 1810 1206 discordias
1835 1197 1843 1205 .
1870 1172 2003 1206 Etenim
2026 1171 2046 1204 ὲ

1177 1221 1365 1263 quibusdam
1375 1221 1513 1256 factiosis
1521 1231 1634 1256 contra
1642 1221 1736 1256 illum
1748 1222 1890 1256 intrusus
1901 1221 1945 1256 est
1956 1221 2046 1255 Pres·

1178 1272 1270 1315 byter
1284 1273 1490 1307 Novatianus
1502 1296 1509 1303 .
1519 1272 1561 1305 Et
1573 1268 1638 1312 hic,
1656 1282 1722 1315 quo
1735 1272 1824 1306 suam
1837 1271 2045 1305 intrusionem

1176 1334 1211 1355 ac
1222 1321 1394 1356 factionem
1412 1323 1537 1356 foveret
1557 1346 1568 1361 ,
1594 1332 1663 1355 non
1684 1320 1918 1355 tantummodo
1939 1320 2048 1355 Sansti

1176 1371 1322 1405 Cornelii
1341 1371 1523 1415 judicium,
1549 1371 1601 1405 sed
1623 1371 1724 1406 etiam
1749 1370 1916 1415 proprium
1937 1370 1971 1404 in
1997 1370 2049 1403 su-

1175 1433 1227 1465 pra
1239 1421 1366 1456 laudata
1378 1421 1515 1464 Synodo
1524 1421 1637 1456 datum
1649 1421 1837 1465 suffragium
1855 1421 2049 1466 impugnare

1173 1472 1271 1514 coepit
1291 1495 1302 1512 ,
1328 1472 1362 1505 ὅ(
1394 1471 1501 1515 palam
1527 1470 1661 1504 delirare
1681 1481 1758 1506 cum
1780 1470 1993 1505 Tertulliano
2013 1470 2048 1503 &

1174 1520 1388 1555 Montanistis
1408 1546 1415 1553 .
1442 1520 1590 1555 Delirare
1610 1519 1700 1564 quod
1724 1519 1812 1564 prior
1836 1519 1985 1554 Ecclesiae
2011 1519 2048 1553 in

1173 1570 1276 1614 lapsos
1297 1571 1387 1616 rigor
1408 1581 1476 1604 non
1499 1569 1541 1605 ad
1562 1569 1769 1614 disciplinam
1794 1570 1968 1614 spestaret‚
1994 1568 2049 1603 sed

1171 1620 1211 1654 ad
1224 1620 1364 1664 dogma.
1387 1619 1489 1667 Quid
1514 1619 1705 1654 idololatria
1727 1620 1852 1654 crimen
1874 1630 1929 1663 per
1940 1618 2050 1653 Evan-

1172 1668 1310 1712 gelicam
1334 1669 1441 1713 legem
1465 1670 1541 1703 esset
1567 1670 1763 1705 reservatum
1790 1668 1920 1703 Divinae
1944 1669 2052 1712 Maje-

1170 1717 1266 1759 stati,
1290 1718 1382 1762 quod
1406 1717 1496 1752 Petri
1518 1717 1671 1761 Apostoli
1693 1719 1801 1753 claves
1816 1729 1883 1752 non
1894 1719 2050 1753 extende-

1170 1777 1278 1802 rentur
1300 1768 1341 1802 ad
1363 1768 1467 1811 ipsum
1488 1792 1500 1808 ,
1526 1767 1674 1811 adeoque
1699 1766 1790 1812 quod
1816 1767 1992 1803 Cornelius
2015 1768 2050 1801 δε

1170 1817 1224 1859 ipsi
1245 1815 1406 1852 adhaerens
1432 1817 1573 1853 Ecclesia
1598 1817 1639 1852 ab
1660 1817 1844 1862 Evangelio
1878 1817 2051 1861 apostatas-

1167 1867 1256 1901 sent.
1285 1865 1391 1901 Porro
1413 1867 1461 1902 uti
1484 1867 1529 1902 ob
1551 1867 1659 1902 Sancti
1682 1866 1864 1912 Zephyrini
1892 1867 2048 1902 Edictum

1165 1927 1280 1951 omnes
1291 1916 1412 1961 ubique
1422 1915 1545 1951 moechi
1557 1917 1590 1952 &
1601 1917 1817 1953 fornicatores
1827 1941 1838 1958 ,
1863 1917 1908 1952 ita
1919 1917 1964 1952 ob
1978 1918 2051 1951 Ro-

1165 1966 1255 2000 mani
1267 1966 1355 2000 Cleri
1368 1967 1401 2001 &
1415 1967 1521 2001 Sanffl
1537 1967 1686 2001 Cornelii
1698 1967 1841 2002 Decreta
1857 1969 1964 2002 cunei
1978 1967 2047 2001 ubi-

1167 2026 1230 2059 que
1252 2017 1442 2056 sacrificati,
1469 2016 1629 2057 libellati,
1654 2027 1692 2051 ac
1709 2016 1766 2052 alii
1786 2017 1862 2062 lapsi
1875 2027 2044 2062 coeperunt

1164 2064 1310 2099 obsidere
1336 2066 1522 2108 Martyrum
1543 2077 1706 2107 carceres,
1731 2067 1765 2101 ὅ(
1797 2068 1928 2103 metalla
1953 2069 2047 2103 Con-

1164 2115 1313 2148 fessorum
1336 2139 1346 2155 ,
1386 2116 1517 2157 profusis
1550 2115 1826 2157 poenitentialium
1861 2116 2046 2160 lachryma-

1164 2174 1236 2197 rum
1248 2164 1370 2208 stagnis
1382 2165 1444 2207 ipsa
1456 2165 1616 2198 inundare
1626 2186 1636 2202 ,
1662 2175 1716 2207 per
1730 2165 1927 2200 miserandos
1938 2167 2042 2212 gemi-

1165 2223 1216 2247 tus
1238 2223 1429 2257 extorquere
1447 2213 1489 2248 ab
1511 2214 1581 2257 ipsis
1607 2215 1695 2257 pacis
1721 2215 1842 2249 litteras
1862 2241 1872 2257 ,
1899 2217 1934 2250 δε
1959 2226 2040 2251 tunc

1166 2262 1281 2297 harum
1300 2263 1412 2308 vigore
1433 2264 1532 2307 ipsam
1544 2264 1787 2299 Sacramentalis
1798 2266 2039 2301 reconciliatio·

1167 2312 1214 2346 nis
1224 2323 1334 2357 pacem
1356 2323 1432 2348 ante
1443 2314 1559 2347 mortis
1577 2311 1702 2347 exitum
1715 2315 1883 2357 sperare&
1898 2317 2037 2359 postula-

1164 2374 1214 2396 re.
1243 2363 1285 2397 Et
1296 2363 1344 2396 uti
1368 2363 1444 2398 illos
1465 2363 1710 2404 Tertullianus,
1737 2365 1783 2398 ita
1797 2364 1857 2400 hos
1868 2365 2037 2407 damnavit

1164 2411 1396 2447 Novatianus:
1424 2413 1473 2446 Ex
1488 2413 1598 2447 iisdem
1610 2413 1793 2457 principiis.
1820 2414 1881 2450 111e
1891 2414 2037 2451 moecho-

1163 2473 1233 2496 rum
1245 2487 1255 2503 ‚
1282 2460 1335 2496 hic
1347 2463 1596 2497 idololatrarum
1607 2463 1833 2505 poenitentiam
1857 2466 1962 2500 voluit
1973 2468 2036 2501 esse

1163 2522 1347 2555 perpetuam
1360 2536 1371 2552 ,
1397 2514 1430 2546 &
1445 2513 1583 2547 alienam
1592 2512 1633 2547 ab
1648 2515 1740 2547 omni
1754 2516 1839 2557 pacis
1851 2516 1905 2559 spe
1916 2538 1926 2554 ,
1947 2516 2036 2550 ideo-

1163 2572 1224 2605 que
1245 2572 1299 2605 per
1320 2563 1466 2597 Ecclefiae
1486 2563 1593 2598 claves
1613 2574 1674 2598 nec
1706 2565 1827 2598 remitti
1848 2557 1941 2608 posse*
1973 2576 2035 2600 nec

1164 2620 1322 2656 mitigari:

1213 2661 1381 2695 Secundus
1404 2673 1442 2696 ac
1465 2661 1582 2697 direste
1592 2662 1851 2705 oppofituscirca
1865 2662 2035 2710 indulgen-

1163 2711 1223 2746 tias
1243 2722 1330 2745 error
1352 2712 1413 2745 fuit
1425 2711 1550 2746 Novati
1573 2712 1722 2747 Africani
1750 2711 1924 2758 Episcopi,
1949 2716 2032 2750 Feli-

1162 2761 1276 2795 cissimi
1289 2761 1528 2796 Archidiaconi
1537 2761 1803 2806 Carthaginensis
1815 2788 1826 2804 ,
1844 2765 1877 2799 &
1888 2764 2032 2809 quinque

1164 2811 1226 2844 illis
1245 2809 1474 2845 adhaerentium
1497 2812 1619 2846 ibidem
1643 2811 1928 2856 Presbyterorum.
1955 2815 2032 2850 San-

1161 2862 1247 2894 stum
1273 2861 1478 2903 Cyprianum
1505 2862 1597 2896 fuisse
1623 2873 1664 2896 ex
1691 2863 1875 2907 Neophyto
1903 2875 2031 2908 promo-

1162 2922 1231 2945 tum
1253 2909 1545 2956 Carthaginensem
1569 2912 1767 2956 Episcopum
1794 2913 1902 2948 scribit
1920 2914 1952 2948 in
1965 2914 2029 2957 ejus

1163 2962 1226 2994 vita
1253 2959 1392 2995 Pontius
1423 2962 1594 2996 Diaconus
1612 2986 1623 3002 ,
1650 2973 1745 3006 atque
1769 2963 1917 3007 adjungit
1940 2976 1947 2994 :
1974 2964 2027 2998 ille

1153 3012 1217 3054 fuit
1233 3015 1372 3052 primus,
1398 3013 1433 3045 (at
1450 3010 1610 3055 putofhlus
1626 3015 1758 3055 exemplo
1770 3037 1780 3052 ‚
1803 3015 1874 3054 plus
1879 3012 1943 3054 fide
1949 3014 2025 3057 posse

1160 3062 1248 3104 quim
1259 3069 1386 3102 tempore
1391 3068 1559 3102 promoveri
1569 3087 1576 3095 .
1603 3062 1766 3097 Existimo
1777 3063 1870 3097 illum
1882 3062 1971 3107 loqui
1985 3064 2026 3098 de

1160 3112 1226 3145 sola
1255 3108 1503 3155 Carthaginensi
1526 3112 1684 3147 Ecclesia.
1711 3113 1754 3146 Et
1778 3110 1857 3146 hinc
1882 3112 1917 3145 in
1944 3114 2030 3147 viro-

1160 3172 1230 3195 rum
1251 3159 1427 3195 Illustrium
1449 3162 1602 3207 catalogo
1625 3161 1743 3196 labitur
1764 3161 1897 3195 sanetus
1908 3162 2029 3198 Hiero-

1161 3221 1298 3254 nymus:
1324 3213 1488 3252 Cyprianus
1497 3212 1558 3253 post
1570 3222 1627 3244 non
1639 3212 1761 3243 multum
1769 3216 1906 3253 temporIs
1918 3212 2025 3248 electus

1159 3267 1191 3295 in
1219 3259 1422 3299 Presbyterum
1442 3285 1453 3300 ,
1483 3267 1573 3294 etiam
1593 3259 1756 3303 Episcopus
1782 3260 2025 3306 Carthaginenfis

1158 3310 1325 3350 constitutus
1348 3309 1402 3350 est.
1433 3310 1565 3344 Etenim
1591 3309 1608 3343 ὲ
1630 3320 1804 3353 paucorum
1829 3308 1935 3346 adhuc
1960 3314 2028 3348 die-

1158 3372 1229 3395 rum
1243 3357 1424 3405 Neophyto
1434 3360 1496 3395 fuit
1509 3358 1696 3395 immediate
1713 3360 1746 3393 in
1759 3360 1955 3405 Episcopum
1965 3364 2027 3398 ele·

1889 3413 1973 3446 ἕως.
