2352 3756
67 2426 118 2462 Ep.
140 2425 206 2454 23³.

73 2475 89 2493 ²
93 2474 110 2500 9
115 2474 148 2494 22·-

378 132 446 163 οε
482 116 744 165 ROMANA
779 112 1216 157 Ertscopoitum
1251 122 1326 151 co
1346 123 1633 159 usmitan
1652 126 1796 159 οΝε,
1856 115 1954 172 353*

200 208 261 249 'gi'
285 197 384 242 vestra
412 199 553 243 caffandi.
581 197 699 239 Noflrae
720 201 799 234 enim
814 195 1010 240 gratulationi
1031 192 1082 226 hoc
1140 196 1188 226 xit
1197 198 1396 225 executorem.
1424 194 1523 234 ,Quem
1536 195 1676 228 deludens
1688 195 1876 231 Aurelianus
1891 199 1935 230 ad
1946 202 2019 231 Lin-

209 253 303 299 solum
323 248 446 294 crescere
461 248 635 292 profitemur
646 272 659 289 ‚
677 246 707 289 fi
727 245 891 289 apostolica
909 246 992 282 Sedis
1013 243 1080 276 dili·

206 306 309 347 gentia
328 301 412 343 apud
435 311 488 333 vos
511 298 630 336 illibata
650 295 790 340 servatur
812 319 824 336 ,
850 298 884 329 (ν
903 303 959 336 per
985 296 1080 327 sacer-

1137 239 1290 286 gonensem
1296 239 1437 282 praemifit
1449 240 1549 273 urbem
1562 265 1572 279 ,
1594 246 1740 283 pollicitus
1749 245 1782 290 fi.-
1805 248 1928 288 citiffime
1948 246 2020 290 sub·

1139 291 1324 335 secuturum.
1351 293 1443 334 Quo,
1470 291 1533 323 cum
1546 292 1598 322 diu
1620 293 1856 338 exspedi‘aretur‚
1884 308 1933 330 nec
1958 295 2020 339 ipse

209 352 315 386 dotalis
342 349 506 392 distiplinae
530 349 712 382 concordiam
736 346 836 383 honori
850 343 940 384 ve'jiro
961 349 1056 386 perire
1071 366 1083 383 ,
1145 343 1293 381 advenit,
1315 351 1366 374 nec
1379 338 1539 383 moraesuae
1550 338 1667 382 causam
1685 347 1809 378 innotuit
1823 371 1833 385 ‚
1859 358 1909 380 nec
1924 349 2020 388 Papae

210 403 291 444 quod
304 401 392 445 suum
416 398 474 440 est,
500 398 641 441 improbis
666 395 904 441 usurpationibus
931 405 988 428 non
1006 392 1087 435 fina-

212 462 295 484 mus.
325 448 532 493 Apostolicas
551 448 637 485 vices
656 471 668 487 ,
694 457 774 488 quas
796 444 950 482 Patroclo
977 442 1086 481 Arela-

212 501 294 535 tensi
316 499 538 543 Metropolitae
560 509 615 543 per
627 496 849 531 Viennensem
861 518 873 535 ,
898 505 936 528 ac
950 493 1087 537 primam

214 552 250 584 δε
276 549 447 584 secundam
471 547 719 586 Narbonensem
746 545 936 581 Provincias
968 542 1089 577 detule-

208 609 265 634 rat
286 599 443 634 zozimus
465 597 646 637 Pontifex,
669 596 712 631 ab
733 594 826 637 hujus
838 595 1018 628 Successore
1029 593 1091 626 Bo·

210 649 341 683 nifacio
366 649 510 686 excussas
530 647 620 681 istius
632 646 797 681 Successor
806 644 956 683 Hilarius
971 641 1089 686 proprii

212 697 343 735 arbitrii
368 698 445 735 ausu
465 697 653 741 resumpsit,
678 707 716 731 ac
733 694 896 734 demutare
908 692 1043 729 tentavit
1057 691 1089 724 in

216 747 398 785 Primatum
411 772 423 789 ,
447 757 544 791 atque
567 748 612 784 ita
631 757 788 790 tanquam
809 744 933 778 Primas
958 742 1091 789 Episco-

215 799 306 843 pales,
331 797 463 836 istarum
495 796 744 831 provinciarum
778 794 1000 828 ordinationes
1039 802 1092 835 per

216 847 449 890 Apostolicam
468 845 584 883 Sedem
618 845 674 881 sibi
701 843 886 881 interdistas
908 841 1071 884 resumpsit
1085 865 1092 872 .

214 896 294 936 Nec
315 892 523 933 solummodo
545 893 835 937 Metropolitarum
848 890 1094 930 ordinationes,

214 947 275 982 ced
295 946 395 985 etiam
417 945 653 989 Episcoporum
671 942 927 977 ProvIncialium
943 965 951 973 .
977 940 1091 975 P-oten-

217 1005 269 1033 (ει-
291 994 463 1029 intercessit
475 994 621 1038 Magnus
634 992 705 1033 Leo
717 1016 728 1032 ,
754 993 788 1027 &
800 991 914 1026 Divali
927 991 1095 1034 impetrata

219 1043 452 1090 legecohibuit
465 1042 651 1078 Hilarium,
676 1041 768 1080 Hinc
783 1041 861 1081 ille,
885 1052 951 1085 quo
965 1040 1094 1074 istarum

216 1094 468 1132 Provinciarum
492 1093 674 1135 Episcopos
685 1092 870 1132 incenderet
884 1099 997 1125 contra
1011 1091 1096 1125 Pon·

221 1143 365 1183 uticem,
392 1142 500 1187 sparsit
523 1141 591 1176 haec
611 1142 724 1178 omnia
746 1141 801 1187 agi
812 1140 1012 1180 arte&dolo
1026 1165 1036 1179 ,
1061 1151 1098 1174 ut

220 1195 344 1228 cunstae
372 1193 436 1227 istae
461 1193 721 1230 consecrationes
749 1190 946 1229 invadantur
971 1190 990 1224 ὲ
1016 1189 1098 1224 Sede

222 1242 433 1287 Apostolica.
463 1243 505 1278 Et
525 1243 626 1280 atroci
651 1242 816 1280 calumnia
837 1250 1002 1285 permotus
1023 1240 1099 1273 San-

224 1294 293 1327 &us
313 1292 384 1327 Leo
406 1293 559 1335 rescripsit
584 1292 715 1330 mentiri
737 1291 909 1329 Hilarium
930 1315 941 1331 ‚
967 1288 1055 1324 aliud
1080 1289 1099 1323 ὲ

223 1344 258 1376 se
278 1354 348 1376 non
373 1341 499 1379 intendi
522 1366 533 1382 ,
571 1342 669 1385 quam
692 1351 728 1375 ut
750 1341 815 1375 istae
840 1340 1099 1376 consecrationes

222 1392 291 1427 suis
319 1391 544 1435 Metropolitis
573 1391 782 1431 restituantur
804 1392 839 1425 δι
873 1400 1099 1435 permaneant.

223 1442 348 1479 Earum
366 1441 415 1484 jus
434 1442 602 1485 profitetur
621 1442 683 1480 esse
711 1441 854 1484 ipsorum
877 1441 1037 1476 honorem
1063 1451 1100 1476 ac

223 1491 448 1539 privilegium.
477 1490 622 1530 Proinde
646 1502 713 1525 non
732 1491 818 1528 solus
840 1490 991 1525 Hilarius
1005 1512 1015 1528 ‚
1045 1489 1098 1526 sed

223 1542 294 1584 ipse
318 1542 417 1579 etiarn
443 1550 554 1581 tantus
581 1540 739 1574 Pontifex
767 1542 893 1575 censuit
922 1539 1102 1581 alienarum

222 1590 476 1630 provinciarum
495 1591 753 1626 consecrationes
776 1590 887 1629 invadi
907 1601 976 1627 non
988 1587 1103 1633 possea,

220 1638 383 1676 Romana
409 1640 573 1674 Ecclesia.
601 1639 673 1672 Leo
700 1640 773 1673 usus
794 1640 840 1673 est
863 1639 925 1674 hac
952 1650 1007 1683 per
1032 1638 1106 1674 Ma·

224 1700 333 1734 gnum
348 1688 547 1733 Gregorium
570 1687 682 1723 ufitata
705 1687 837 1733 regula:
865 1689 942 1722 Mihi
966 1688 1103 1729 ipfiinju-

225 1743 307 1773 riam
320 1738 403 1780 facio
422 1762 432 1777 ,
459 1739 530 1770 dum
545 1736 685 1779 fratrum
710 1749 837 1770 meorum
855 1740 932 1779 jaira
946 1736 1082 1779 perturbo
1094 1763 1101 1770 .

222 1788 276 1821 Et
294 1785 362 1824 haec
382 1786 514 1829 quidem
533 1797 591 1829 pro
604 1787 839 1830 Episcoporum
850 1787 1102 1821 consecrationi-

223 1837 292 1874 bus
312 1836 375 1871 fuit
399 1836 501 1883 prima
522 1836 560 1870 lis
578 1835 757 1875 Gallicanae
785 1835 935 1875 Ecclesia
956 1835 1105 1873 adversus

224 1886 439 1924 Romanam.

279 1936 459 1973 Duriorem
470 1935 562 1971 litem
573 1933 731 1971 habemus
746 1935 782 1970 iu
807 1936 952 1982 Regesto
973 1934 1107 1979 Ioannis

224 1985 336 2020 nstavi
364 1984 537 2020 Pontificis
557 2009 564 2018 .
591 1986 760 2020 Ottramus
782 1985 1016 2022 Viennensium
1035 1984 1107 2021 Me-

224 2035 386 2079 tropolita
407 2034 596 2078 sequebatur
612 2044 714 2077 partes
737 2035 876 2068 Bosonis
908 2035 1010 2079 Regis
1030 2035 1109 2067 Bur-

225 2084 384 2132 gundiae‚
410 2084 549 2127 ideoque
571 2084 770 2121 Genevenfis
791 2083 936 2118 Ecclesiae
959 2084 1106 2118 Eiectum

224 2133 426 2179 Optandum
445 2134 624 2168 consecrari
650 2144 705 2178 per
734 2134 841 2178 ipsum
867 2133 976 2169 noluit
1006 2133 1108 2176 Impe-

225 2194 319 2219 rator
338 2183 478 2220 Carolus
494 2183 642 2224 Crassus,
670 2184 754 2219 misit
777 2182 921 2219 Romam
942 2182 982 2219 ad
1009 2182 1105 2225 Ioan-

227 2245 308 2269 nem
319 2233 539 2274 Pontificem,
565 2232 659 2268 illum
672 2232 729 2270 hic
741 2233 941 2268 consecravit
955 2257 966 2273 ,
990 2233 1109 2267 remisit

229 2284 427 2324 Genevatn,
451 2282 537 2326 juffit
549 2281 762 2318 inthronizari
778 2307 790 2324 ,
812 2283 922 2319 &suis
933 2283 1047 2317 litteris
1058 2282 1111 2317 ad-

227 2333 360 2378 junxit:
388 2332 480 2368 salvo
499 2333 639 2375 deinceps
655 2334 814 2377 privilegio
840 2338 962 2375 antiquo
980 2338 1109 2375 propriae

229 2384 405 2425 Metropolis
418 2406 425 2414 .
452 2381 580 2416 verum
592 2382 645 2417 his
656 2394 724 2417 non
747 2391 921 2419 contentus
941 2386 1110 2419 ottramus

230 2432 328 2474 ejecit
351 2431 566 2475 optandum,
591 2432 625 2467 &
640 2432 820 2469 Genevenfi
840 2433 987 2467 Ecclesiae
999 2433 1111 2467 conse-

231 2481 337 2518 cravit
369 2481 471 2517 alium
503 2481 699 2525 Episcopum
724 2507 731 2515 .
760 2483 856 2518 Circa
869 2482 955 2517 idem
982 2492 1110 2526 tempus

232 2531 504 2577 Lugdunensium
530 2531 746 2574 Metropolita
780 2530 977 2566 Aurelianus
1001 2534 1110 2566 nescio

230 2593 332 2627 quem
353 2580 565 2616 Monachum
593 2582 798 2626 Lingonensi
825 2582 975 2615 Ecclefiae
1001 2583 1112 2615 conse-

231 2632 335 2666 cravit
354 2632 387 2665 &
407 2631 534 2665 intrusit
556 2631 757 2675 Episcopum
781 2655 792 2671 ,
833 2631 974 2674 ejusdem
1001 2642 1108 2666 autem

234 2680 377 2716 civitatis
398 2680 514 2714 Clerus
536 2680 568 2714 &
594 2680 732 2724 populus
752 2681 858 2724 ipsum
881 2680 1021 2723 abjecit,
1049 2681 1111 2716 Ca·

232 2730 357 2767 monice
367 2730 466 2774 elegit
479 2729 732 2765 Theutboldum
744 2731 939 2767 Diaconum
952 2755 962 2771 ,
988 2731 1022 2765 δε
1034 2742 1111 2765 con·

233 2780 425 2817 sectandum
446 2780 529 2814 misit
554 2779 697 2814 Romam
717 2780 757 2815 ad
771 2780 973 2823 Stephanum
985 2782 1109 2818 sextum

236 2829 438 2867 Pontificem
452 2855 459 2863 .
487 2830 530 2866 Et
553 2829 593 2864 de
615 2828 676 2865 hac
687 2830 744 2864 lite
758 2830 910 2864 scribitin
922 2829 1112 2868 Rhemenfis

236 2879 388 2916 Ecclefiae
406 2879 539 2915 historia
550 2879 720 2923 Presbyter
733 2879 955 2917 Flodoardus:
982 2881 1112 2922 sedule,

236 2928 327 2972 Papa
349 2927 531 2973 Stephanus
554 2954 564 2969 ,
589 2928 810 2973 uniuscujusque
831 2928 966 2971 Ecclefiae
987 2932 1110 2971 privile·

233 2984 319 3023 gium
329 2981 515 3022 inconcussum
524 2977 646 3022 servare
657 2982 758 3013 volens
772 3004 783 3020 ,
802 2981 838 3014 id
850 2991 935 3024 agere
945 3004 956 3019 ,
982 2979 1112 3014 Thent-

238 3027 376 3064 boldum
397 3029 605 3070 consecrare,
633 3030 744 3071 distulit
765 3054 775 3070 ,
812 3041 933 3072 eumque
957 3031 1110 3065 Aureliano

238 3079 373 3119 direxit,
394 3076 528 3120 scribens
546 3080 590 3111 ad
611 3091 696 3120 eum,
723 3088 756 3113 ut
772 3078 804 3121 fi
809 3082 887 3113 Cleri
893 3081 1048 3122 populique
1062 3092 1111 3114 vo·

238 3136 274 3161 ta
291 3132 323 3162 in
347 3137 412 3162 eum
433 3128 662 3169 concordarent,
690 3131 724 3164 Θ
744 3128 820 3172 sacri
841 3134 976 3163 Canones
999 3131 1110 3167 illinon

238 3177 417 3216 obviarent,
442 3188 545 3209 manus
567 3176 632 3211 huic
653 3184 798 3220 imponere
818 3191 1001 3223 nequaquam
1011 3177 1110 3221 differ·

239 3235 287 3261 ret
313 3252 319 3258 .
357 3227 450 3272 ,Quod
465 3226 534 3267 fieri
545 3226 574 3268 si
589 3232 666 3260 ratio
681 3228 846 3270 prohiberet
862 3254 874 3271 ,
908 3228 1037 3272 idipsum
1054 3229 1109 3272 fibi

241 3274 409 3319 rescriberet
421 3289 431 3308 :
459 3280 583 3310 Interim
604 3286 705 3310 tamen
725 3280 850 3313 alterum
870 3279 945 3312 inibi
955 3280 1108 3323 ordinare,

237 3324 459 3374 seinconfielto,
487 3326 654 3362 nullomodo
661 3326 868 3370 praesumeret.
897 3330 990 3362 simul
1012 3331 1045 3363 (5
1059 3332 1107 3362 Gi·

243 3376 373 3411 ramu'im
384 3374 623 3423 Senogalliensi‘m
634 3376 813 3421 Episcopum
825 3382 844 3413 a
848 3377 902 3424 suo
921 3380 1012 3415 latere
1031 3380 1107 3415 dire·

328 3423 434 3468 Gbrist.
446 3428 526 3470 Lupi
537 3430 636 3472 Opera
648 3430 681 3459 T.
689 3431 738 3463 Vk

1172 2283 1349 2315 relevatione
1359 2308 1366 2314 .
1398 2285 1562 2326 ,Quidquid
1571 2294 1671 2318 autem
1680 2283 1861 2318 Venerabilis
1873 2283 2048 2330 Episcopus

1146 393 1321 425 remandare
1326 392 1465 433 providit
1483 415 1490 422 .
1517 392 1779 434 ‚Quocircaiterato
1789 396 1891 428 Clerus
1911 398 1945 430 (w
1965 405 2022 439 po.

1143 443 1233 483 pulus
1245 452 1307 475 cum
1318 444 1438 475 Decreto
1450 445 1579 473 omnium
1591 451 1682 475 manu
1703 439 1835 473 roborato
1852 445 2021 485 praefatum

1147 492 1281 525 Elee‘lum
1292 495 1415 526 Romam
1427 489 1619 533 remiserunt,
1643 490 1751 523 obnixe?
1764 500 1899 534 rogantes
1909 492 2022 532 sibimet

1149 542 1230 576 illum
1240 539 1412 584 consecrari,
1430 539 1488 582 sed
1496 551 1545 573 nec
1555 549 1625 573 tunc
1634 541 1670 573 id
1682 551 1770 584 agere
1781 545 1927 583 acquievit
1941 567 1952 582 ‚
1974 554 2025 576 vo-

1148 593 1212 624 lens
1227 589 1418 635 Lugdunenfi
1425 589 1558 632 Ecclefiae
1580 591 1717 624 collatum
1735 590 1924 635 privilegium
1945 592 2025 633 conss]-

1146 640 1219 680 fiere
1236 642 1467 680 immutilatum,
1491 640 1605 682 ideoque
1619 642 1771 674 Aureliano
1794 644 1899 674 iterato
1927 640 2025 684 rescri-

1152 690 1221 723 bens
1234 691 1411 730 mandavit,
1439 698 1472 723 ut
1482 696 1550 733 quia
1562 692 1693 723 concordi
1707 699 1775 723 voto
1789 692 1894 724 Clerus
1920 692 1953 725 (5
1971 699 2026 734 po-

1149 742 1237 782 pulus
1252 742 1322 782 jam
1341 740 1452 774 dilium
1476 743 1641 773 Diaconum
1660 740 1837 781 expetebat,
1862 748 1916 774 aut
1930 743 2027 783 ipsisne

1151 788 1327 832 consecraret
1340 815 1350 830 ,
1377 799 1430 826 aut
1449 792 1525 832 quid
1532 796 1564 823 in
1574 801 1604 823 eo
1619 788 1836 832 reprebenfibile
1839 792 1995 829 judicaret
2017 816 2030 832 ,

1152 838 1302 882 rescribere
1319 850 1485 874 maturaret
1498 864 1505 872 .
1532 841 1590 873 sed
1599 846 1625 873 is
1632 846 1728 882 priori
1741 838 1946 873 inobedientia
1959 852 2024 874 con-

1153 895 1313 923 tumaciam
1335 891 1479 932 adjiciens
1491 915 1501 931 ,
1529 901 1587 923 non
1604 889 1697 933 solum
1708 890 1836 924 oblatum
1845 887 2006 932 consecrare
2018 915 2030 930 ,

1155 941 1207 977 vel
1226 941 1301 982 quid
1316 945 1348 973 in
1372 952 1401 974 eo
1414 938 1631 983 reprehensibile
1635 942 1790 981 judiearet
1800 938 1951 983 rescribere
1963 951 2035 973 con-

1155 988 1286 1032 tempsit,
1314 991 1416 1024 verum
1435 996 1529 1024 etiam
1551 1000 1652 1024 contra
1674 989 1858 1031 Interdit¹la‚
1884 991 1918 1023 (θ’
1931 989 2032 1032 sacro·

1157 1051 1221 1073 rum
1245 1042 1399 1073 Canonum
1428 1039 1564 1079 Instituta
1585 1043 1743 1083 quemdam
1761 1049 1935 1076 extraneum
1954 1065 1963 1080 ,
1991 1041 2027 1074 Θ

1157 1091 1251 1124 eidem
1274 1089 1407 1131 Ecclefiae
1427 1095 1576 1134 ignotum,
1604 1097 1636 1124 in
1657 1091 1762 1135 angulo
1783 1092 1972 1128 ordinatum,
1997 1092 2036 1123 il-

1157 1140 1195 1176 lis
1216 1145 1343 1182 ingerere
1363 1146 1420 1173 niti
1440 1139 1642 1184 praefismpfit.
1668 1144 1707 1173 At
1731 1140 1763 1173 hi
1781 1142 1880 1183 potius
1904 1140 2033 1173 laborem

1153 1187 1269 1232 subire,
1295 1191 1386 1231 quam
1402 1188 1509 1231 subjici
1523 1196 1620 1234 ignoto
1638 1191 1778 1234 eligentes
1792 1215 1802 1230 ,
1827 1192 1872 1224 ad
1893 1190 1978 1223 illum
1989 1201 2037 1224 re-

1161 1241 1302 1277 dierunt,
1325 1239 1517 1280 implorantes
1537 1251 1575 1274 ne
1592 1247 1746 1281 pateretur
1760 1240 2038 1282 Ecclsfiasticajurae

1162 1289 1271 1322 violari
1291 1311 1299 1320 .
1337 1289 1449 1335 Qare
1475 1287 1655 1333 Stephanus
1678 1290 1810 1324 tandem
1837 1290 2040 1325 consecravit

1163 1337 1418 1373 Theutboldum
1431 1363 1444 1379 ,
1468 1339 1503 1373 δε
1514 1340 1581 1383 ejus
1591 1337 1904 1375 inthronizationem
1918 1340 2039 1374 Sancto

1163 1388 1302 1423 Fulconi
1325 1387 1558 1423 Rhemenfiutn
1580 1390 1802 1434 Metropolitae
1813 1388 1974 1434 delegavit
1985 1399 2041 1432 pet

1163 1436 1258 1472 hasce
1284 1439 1406 1474 litteras
1429 1453 1440 1473 .·
1479 1443 1546 1472 Nos
1572 1446 1622 1483 qui
1640 1446 1765 1473 omnium
1787 1440 1983 1482 Ecclefiarum
2007 1444 2041 1471 in

1165 1491 1260 1524 Beato
1284 1491 1374 1522 Petro
1399 1488 1592 1531 Apostolorum
1618 1492 1757 1532 Principe
1791 1500 1891 1523 curam
1913 1487 2041 1531 sussepi-

1164 1550 1231 1573 mus
1242 1562 1253 1578 ,
1274 1536 1401 1581 scientes
1426 1547 1504 1573 inter
1517 1538 1678 1583 Episcopos
1692 1552 1749 1573 non
1760 1539 1865 1574 haberi
1875 1550 1941 1573 eum
1951 1563 1963 1580 ‚
1987 1543 2041 1580 qui

1165 1590 1257 1631 neque*
1277 1590 1298 1621 ἃ
1325 1589 1411 1622 clero
1429 1589 1539 1622 electus
1551 1614 1562 1629 ,
1590 1601 1682 1632 neque
1703 1593 1723 1622 ἃ
1738 1591 1844 1632 populo
1861 1589 1899 1629 est
1926 1592 2046 1631 expeti·

1166 1648 1213 1672 tus
1224 1660 1235 1676 ,
1259 1638 1371 1673 dicium
1384 1638 1596 1673 Tbeutboldum
1606 1665 1616 1681 ,
1644 1640 1843 1673 venerabilem
1854 1643 2017 1673 Diaconum
2029 1664 2042 1680 ,

1168 1686 1295 1729 ipfhrum
1317 1688 1565 1723 lamentabilibus
1581 1690 1721 1731 precibus
1751 1691 1905 1731 inclinati,
1934 1692 2044 1732 Lingo-

1168 1734 1249 1777 nenfi
1264 1736 1398 1777 Ecclefiae
1420 1736 1599 1779 Episcopum
1617 1738 1849 1781 consecravimus
1863 1764 1874 1780 ,
1899 1740 2045 1782 condigna

1163 1785 1311 1828 sententia
1319 1786 1605 1827 praevaricatoriBus
1615 1789 1705 1821 illata
1716 1813 1727 1829 ,
1755 1790 1823 1822 licet
1838 1791 1872 1822 (5
1881 1789 1950 1821 aliis
1961 1795 2043 1830 prae-

1169 1836 1403 1871 varicationibus
1415 1836 1535 1876 fuerint
1561 1839 1698 1879 impediti
1720 1862 1727 1870 .
1767 1841 1956 1882 ,Quapropter
1982 1846 2044 1871 tuae

1169 1887 1350 1928 injungimus
1371 1885 1598 1927 Sanc'limoniae,
1623 1896 1658 1920 ut
1680 1887 1728 1920 bis
1751 1887 1853 1927 nostris
1877 1887 2043 1930 Apostolicis

1169 1934 1278 1967 litteris
1294 1933 1437 1978 susceptis
1449 1961 1459 1977 ‚
1480 1936 1631 1979 postpofita
1642 1937 1781 1970 dilatione
1791 1962 1801 1977 ,
1826 1938 1872 1971 ad
1881 1940 2045 1982 Lingones·

1166 1982 1229 2026 sem
1246 1986 1366 2018 accedas
1387 1985 1543 2027 Ecclefiam
1561 2011 1571 2026 ,
1612 1988 1646 2021 (9
1664 1989 1788 2020 eundem
1807 1987 2020 2021 Tbeutboldum
2032 2012 2046 2028 ‚

1170 2035 1190 2065 ἆ
1206 2034 1288 2067 nobis
1303 2033 1473 2079 solemniter
1494 2035 1691 2079 conftcratum
1710 2035 1907 2080 Episcopum,
1934 2038 2047 2070 exinde

1171 2082 1305 2122 revestias
1324 2106 1335 2121 ‚
1372 2083 1556 2126 omnibusque
1586 2085 1815 2128 Archiepiscopis
1836 2088 1870 2120 (5·
1891 2085 2046 2129 Episcopi:

1171 2132 1352 2175 innotescas,
1373 2141 1429 2174 pro
1451 2141 1548 2166 tantae
1565 2141 1753 2167 contumaciae
1775 2137 1882 2169 ultione
1903 2147 1957 2170 nos
1969 2135 2042 2178 ejas:

1171 2183 1239 2216 dem
1270 2180 1404 2223 Ecclelt'ae
1433 2181 1591 2226 specialem
1617 2182 1842 2226 sollicitudinem
1869 2183 2022 2228 suftepiffe
2034 2210 2046 2226 ,

1168 2240 1223 2274 pro
1238 2237 1317 2265 tanti
1338 2232 1448 2266 laboris
1468 2239 1682 2275 maceratione,
1710 2235 1848 2268 &iliata
1858 2236 2041 2278 oppreffionie

1172 2331 1371 2367 Theutboldus
1392 2333 1476 2366 vobis
1494 2345 1533 2367 ex
1554 2333 1649 2374 nostra
1663 2342 1754 2376 parte
1773 2334 1927 2375 retulerit,
1951 2336 2044 2369 credi-

1172 2391 1201 2415 te
1222 2384 1255 2416 &
1276 2382 1390 2423 effessius·
1414 2389 1585 2426 mancipare
1605 2384 1683 2418 nullo
1703 2385 1785 2418 modo
1805 2384 1958 2428 ambigite.
1992 2389 2043 2418 Ut·

1168 2434 1237 2473 pote
1258 2440 1341 2465 tuam
1364 2436 1574 2468 Reverentiam
1594 2439 1671 2468 cirea
1693 2446 1746 2468 nos
1766 2436 1904 2468 devotam
1929 2433 2042 2478 consen-

1171 2488 1225 2515 tire
1244 2484 1388 2516 credimus
1401 2508 1408 2515 .
1436 2483 1546 2530 Pergit
1556 2484 1778 2519 Flodoardus:
1807 2486 1858 2518 Ad
1877 2484 1940 2518 baec
1960 2488 2043 2518 Prae-

1168 2531 1215 2574 sul
1225 2534 1313 2565 Fulco
1332 2532 1489 2575 rescribens
1497 2539 1615 2578 gratIas
1631 2540 1689 2579 egit
1704 2542 1759 2576 pro
1784 2533 1970 2576 consolatione
1991 2535 2046 2567 lit·

1171 2591 1298 2615 terarum
1317 2581 1422 2624 ipfius,
1446 2583 1571 2627 afferens
1589 2582 1624 2626 se
1642 2592 1787 2626 paratum
1802 2584 1895 2627 fuisse
1914 2584 1948 2618 ὦ·
1966 2585 2044 2626 esse,

1172 2642 1355 2674 quacumque
1368 2632 1425 2674 fibi
1443 2633 1481 2666 ab
1506 2631 1591 2675 ipfius
1614 2636 1710 2676 Papae
1721 2633 1896 2675 Celfitudine
1904 2634 2041 2676 inJunBa

1165 2682 1282 2723 fuerint
1302 2683 1480 2725 adimplere3
1504 2682 1672 2724 praefatam
1687 2687 1757 2719 vero
1765 2687 1992 2726 praeception'em
2003 2685 2040 2717 de

1172 2730 1349 2764 Theutboldo
1370 2731 1515 2775 Episcopo
1534 2734 1650 2774 explere
1658 2733 1722 2774 fine
1732 2745 1813 2768 mora
1823 2734 1939 2777 voluiffe
1951 2758 1962 2775 ,
1982 2732 2042 2777 sed

1172 2783 1283 2814 odonis
1301 2786 1390 2826 Regis
1411 2781 1459 2825 sui
1488 2781 1616 2825 consultu
1638 2789 1760 2818 interim
1794 2785 2039 2827 interrmffurum,

1171 2832 1240 2863 dum
1267 2835 1333 2865 Rex
1357 2832 1435 2865 idem
1455 2831 1524 2875 suos
1551 2836 1679 2877 Legatos
1705 2834 1748 2867 ad
1771 2834 1894 2867 eundem
1920 2837 2040 2876 Papam

1170 2881 1305 2923 dirigeret
1317 2906 1327 2921 ,
1353 2895 1389 2918 ac
1406 2890 1460 2924 per
1478 2893 1526 2917 eos
1532 2884 1681 2923 Juffionem
1691 2882 1777 2926 ipfius
1785 2883 1931 2923 certffme
1944 2894 2039 2927 cogno-

1165 2930 1273 2974 sceret.
1300 2933 1393 2974 Super
1410 2931 1457 2966 bis
1468 2941 1566 2966 autem
1577 2957 1589 2973 ‚
1614 2944 1682 2976 quae
1702 2934 1810 2968 littere
1831 2932 1918 2975 ipsius
1940 2935 2036 2974 Papae

1166 2976 1341 3024 profic-uta,
1367 2982 1444 3016 velle
1461 2980 1567 3025 scilicet
1584 2981 1618 3025 se
1640 2982 1769 3016 omnibus
1781 2980 1974 3025 Ecclefiissua
1984 2985 2037 3014 In-

1164 3030 1265 3071 stituta
1286 3033 1320 3066 (θ’
1334 3031 1497 3076 privilegia
1506 3031 1654 3076 inconfuso
1677 3035 1779 3067 ordine
1791 3039 1967 3066 intemerata
1972 3029 2038 3074 seri·

1170 3092 1241 3114 vare
1254 3105 1265 3121 ,
1291 3083 1382 3114 valde
1395 3080 1516 3125 gavisos
1527 3081 1679 3126 universos
1704 3081 1862 3125 Episcopo:
1877 3105 1888 3121 ,
1916 3087 1948 3113 in
1967 3091 2036 3124 quo-

1167 3142 1231 3163 rum
1250 3129 1415 3173 prasentia
1442 3131 1504 3167 haec
1530 3137 1649 3167 recitari
1666 3132 1785 3175 fecerat
1810 3156 1817 3163 .
1849 3128 2034 3174 Stephanus

1169 3182 1274 3215 sextus
1294 3182 1357 3215 fuit
1378 3181 1508 3222 dostus,
1536 3183 1679 3222 sandius,
1705 3193 1743 3215 ac
1766 3179 1963 3224 Apostoliqae
1978 3191 2036 3214 au·

1168 3229 1329 3264 thoritatis
1348 3230 1467 3265 zelosus
1479 3230 1635 3265 Pontifex
1646 3255 1658 3271 ,
1682 3230 1716 3268 ὃς
1730 3240 1838 3265 tamen
1847 3228 2037 3264 Theutbol*

1166 3280 1244 3314 dum
1263 3303 1273 3318 ,
1299 3279 1374 3318 licet
1398 3280 1619 3315 instantissime
1643 3290 1776 3325 rogatus
1794 3279 1812 3313 a
1831 3278 2035 3324 Lingonenst

1157 3330 1304 3364 -Ecclesia
1318 3354 1331 3371 ‚
1355 3330 1404 3364 bis
1417 3330 1535 3364 remisit
1547 3330 1586 3363 ad
1600 3331 1691 3364 suum
1711 3329 1960 3373 Metropolitarn
1972 3353 1983 3369 ‚
2001 3330 2034 3365 δε

1166 3380 1293 3419 nonnisi
1316 3380 1351 3416 in
1369 3380 1462 3417 tertia
1486 3378 1639 3414 instantia
1665 3379 1865 3415 consecravit
1885 3403 1893 3411 .
1929 3376 2031 3424 Qud

1544 3430 1581 3467 H
1607 3427 1630 3464 h
1680 3442 1702 3472 z
1900 3436 1985 3469 nemv
