2352 3756
133 256 184 292 ΕΡ.
205 257 252 286 4ο.

125 1604 181 1640 Ep}
203 1610 251 1637 ³9·

154 3171 196 3208 131³
230 3175 274 3204 55-

383 137 481 189 276

761 126 986 172 Drssen
1041 140 1178 184 Atro
1213 141 1278 172 De
1314 117 1713 174 vaccar-onum

311 208 563 247 lemaudaciam
583 209 858 253 praesumpserint‚
884 210 1028 245 minatur
1046 209 1187 243 Ecclefia
1249 215 1325 249 pum
1339 205 1486 248 sallum,
1505 207 1666 250 frustratos
1687 212 1721 245 Θ
1743 212 1877 255 deceptos
1893 213 1928 258 Ji·
1947 217 2000 262 effe
2022 219 2133 254 didm.-

316 260 448 303 ejicere.
477 260 608 303 Nempe
635 259 736 303 Gajus
758 269 814 294 aut
835 258 971 294 factsofis
998 257 1191 295 adhaeserat,

314 319 370 346 aut
390 308 475 344 certe
493 310 637 354 ipsorum
650 308 819 345 audaciam
832 308 981 351 imperite
992 317 1187 343 attentarat.

313 360 353 394 In
374 359 438 395 alia
462 358 502 396 ad
521 361 613 395 suum
634 361 799 404 populum·
815 358 963 402 Epistola
976 357 1107 392 scribit:
1133 360 1190 389 Re·

313 410 394 444 luris
425 414 544 444 Domini
569 410 777 444 sacerdotibus
791 431 802 447 ‚
837 417 941 441 contra
965 408 1189 451 Evangeltcam

313 460 500 506 disciplinam
521 472 601 495 nova
623 460 744 493 traditio
760 455 915 500 sacrilegae
939 456 1129 497 institutionis
1139 466 1189 488 ex-

313 517 408 560 urgit.
438 511 480 545 Et
499 512 535 545 in
560 509 705 553 Epistola
729 507 770 541 ad
793 507 949 543 sanetum
972 506 1095 550 Papam
1108 506 1191 540 Cor—

252 563 259 571 '
314 563 461 597 nelium:
491 558 641 604 Despeats
664 555 821 600 Episcopls
844 566 936 599 atque
954 558 1101 596 calcatis,
1121 563 1189 598 pax

314 615 335 651 ,ἆ
355 611 537 650 presbyteris
561 607 662 641 verbis
677 607 843 649 fallacibus
854 608 1057 648 praedicatur.
1086 604 1188 661 Qud

249 678 256 691 ·
314 665 419 707 ipsum
443 662 476 694 in
500 658 566 693 suis
586 655 626 691 ad
653 658 807 692 Sanctum
831 656 1036 700 Cyprianur'n
1075 656 1190 689 litteris

313 711 510 747 confirmant
539 709 686 742 Romani
707 707 854 746 Clerici,
878 706 1024 750 itemque
1042 704 1189 739 Romani

312 760 523 803 Martyres&
537 758 762 793 confessores.
788 757 830 791 Et
846 756 881 789 hi
904 766 1017 790 omnes
1041 755 1150 789 datam
1171 754 1190 788 a

312 809 514 855 Presbyteris
526 819 638 853 pacem
651 807 836 841 constanter
858 806 1046 841 adseverant
1066 806 1129 840 effe
1139 813 1192 843 tt—

311 870 469 897 tentatarn
481 885 492 902 ,
518 858 641 893 irritam
653 881 665 897 ,
691 857 834 897 nullam,
864 855 1074 890 sedustoriam
1084 877 1096 895 ,
1121 866 1191 899 quae

311 923 379 952 non
393 914 482 945 sanet
492 935 502 950 ,
529 908 580 943 sed
593 906 722 953 gravius
734 905 827 940 laedat
838 931 846 939 .
874 907 1007 950 Nempe
1029 904 1192 950 Apostoli-

310 974 368 996 cus
380 961 499 995 Canon
513 969 647 994 omnem
661 957 792 1002 publica
807 957 999 1000 poenitentia
1021 956 1191 990 vindican-

310 1012 428 1045 dorum
450 1018 658 1054 peccatorum
670 1006 915 1042 absolutionem
928 1007 1098 1042 reservavit
1114 1005 1190 1049 Epi-

310 1062 438 1104 scopis.
467 1061 510 1094 Et
522 1058 609 1093 hanc
631 1057 825 1102 diciplinam
846 1057 977 1101 plurimi
1000 1054 1191 1100 posteriores

310 1111 465 1146 Canones
478 1109 700 1145 stabilierunt.
725 1108 939 1151 Apostolicus
961 1107 1041 1142 item
1066 1106 1188 1142 Canon

310 1172 446 1195 omnem
473 1159 674 1204 poenitentiae
697 1158 917 1192 remiffionem
941 1158 996 1191 seu
1018 1155 1188 1201 indulgen·

309 1213 390 1247 tiam
418 1209 589 1251 reservavit
616 1208 787 1253 Episcopis
806 1233 815 1241 .
842 1207 978 1243 Etenim
998 1206 1189 1241 incaestuoso

307 1260 490 1297 Corinthio
502 1271 601 1295 nemo
614 1258 810 1303 praesumpfit
822 1258 1011 1302 indulgere,
1037 1258 1094 1290 nifi
1110 1256 1188 1290 Pau-

307 1313 359 1347 lus
371 1310 551 1356 Apostolus
561 1336 569 1344 .
595 1310 639 1343 Et
650 1308 730 1343 hinc
742 1309 908 1353 intelliges
919 1307 1100 1351 Synodales
1113 1308 1150 1341 Sa
1157 1320 1189 1340 n-

307 1363 349 1396 sti
361 1361 520 1406 Cypriani
540 1360 579 1395 ad
593 1359 713 1394 Fidum
726 1358 924 1402 Episcopum
948 1358 1069 1391 litteras
1082 1381 1092 1396 ‚
1119 1367 1189 1400 quae

306 1411 516 1456 Therapium
530 1411 718 1444 Bullensem
736 1409 933 1452 Episcopum
947 1430 958 1446 ‚
985 1405 1177 1450 quodt'mma

306 1473 372 1496 turo
382 1470 510 1503 tempore
519 1472 554 1493 ac
560 1457 951 1501 praeproperafestinamne
961 1467 1075 1501 pacem
1086 1456 1186 1490 dedis·

306 1515 352 1547 set
363 1537 374 1554 ,
385 1510 466 1546 dure
480 1511 645 1552 increpat,
661 1519 759 1553 atque
775 1507 944 1552 adjungit:
972 1506 1095 1539 Librato
1105 1509 1190 1548 apud

305 1574 358 1596 nos
372 1563 423 1595 diu
433 1558 627 1603 confiliosatis
635 1558 704 1600 fuit
723 1559 875 1601 objurgare
897 1556 1076 1598 Therapium
1098 1558 1187 1591 Colle·

301 1625 374 1658 gam
388 1611 513 1653 nostrum
524 1635 535 1651 ,
562 1610 642 1653 quad
653 1611 760 1643 temere?
774 1608 824 1641 hoc
828 1607 940 1650 fecerit
949 1626 969 1647 γ
988 1608 1022 1640 (9
1033 1605 1185 1650 instruxis-

299 1663 334 1707 ft
347 1686 357 1702 ‚
383 1674 419 1696 ne
429 1663 505 1705 quid
516 1663 577 1694 tale
587 1661 623 1693 de
634 1659 846 1700 caeterofaciat
856 1683 863 1690 .
893 1659 1000 1691 Pacem
1010 1666 1111 1689 tamen
1120 1668 1187 1699 quo·

302 1714 506 1754 modocumque
519 1713 539 1743 ἃ
549 1711 704 1743 sacerdote
715 1713 770 1742 Dei
778 1707 875 1751 semel
882 1708 988 1739 datam
1001 1711 1187 1748 nonputavt·

304 1775 371 1799 mus
398 1762 617 1804 auferendam.
643 1760 770 1793 Contra
794 1758 956 1791 Romana:
984 1755 1110 1798 synodi
1144 1756 1186 1790 ab

303 1813 464 1848 Africana
476 1809 617 1845 Ecclesia
629 1807 801 1852 probatum
812 1808 991 1840 Decretum
1012 1801 1184 1840 excelserat

302 1862 494 1905 Therapius
517 1873 525 1894 z
554 1859 650 1906 Qia
676 1869 787 1892 tamen
813 1856 992 1901 Episcopus
1014 1865 1103 1895 erat,
1130 1867 1186 1899 per

300 1914 411 1957 ipsum
425 1912 499 1946 data
516 1908 725 1953 Indulgenria
738 1908 771 1940 <Sc
794 1917 855 1950 pax
879 1907 1013 1940 fuerunt
1037 1905 1186 1946 judicata:

305 1962 592 1998 validae&firmae.
622 1958 726 2006 Qod
737 1956 944 1999 nempetunc
956 1955 1100 1994 nullius,
1127 1956 1185 1988 nisi

305 2014 440 2053 forfitan
453 2000 555 2046 solius
569 1999 690 2043 haerefis¹
700 2031 711 2048 ,
737 2007 839 2049 culpae
850 2004 1014 2039 absolutio
1025 2007 1101 2039 esset
1116 2005 1187 2040 sub·

304 2065 404 2099 tracia
417 2060 589 2106 Episcopis
598 2085 612 2106 ³„
636 2059 669 2093 ἃ
685 2056 885 2100 Apostolicae
897 2055 970 2088 Sedi
983 2066 1040 2089 aut
1052 2054 1188 2090 Provin-

305 2113 382 2149 ciali
395 2110 534 2155 Synodo
547 2110 701 2143 reservata
710 2132 718 2139 .
737 2103 881 2140 Proinde
890 2105 1054 2146 utriusque
1067 2105 1187 2140 laudati

307 2160 497 2206 Apostolici
523 2158 675 2193 Canonis
696 2155 919 2201 praevaricatio
940 2154 1005 2189 fuit
1028 2155 1187 2190 secundus

306 2214 400 2254 istius
411 2209 562 2246 fazstionis
573 2209 716 2251 excffus
729 2229 737 2238 -

357 2259 646 2296 Tertiusexceffus
668 2258 751 2296 fuit,
780 2256 869 2300 quod
883 2255 1118 2299 aMartyribus
1139 2256 1186 2290 di·

309 2315 407 2348 restas
429 2311 471 2346 ad
493 2309 673 2354 Episcopus
702 2308 826 2341 litteras
848 2306 969 2340 faffiofi
1003 2305 1185 2349 Presbyteri

309 2370 548 2404 exequerentur
569 2384 576 2391 .
605 2358 742 2392 Etenim
766 2357 799 2390 δε
826 2356 998 2399 Evangelii
1021 2356 1127 2400 legem
1153 2357 1186 2390 ἀ

310 2413 463 2449 Ecclefiae
474 2407 680 2451 disciplinam
692 2407 827 2440 scientes
837 2418 874 2440 ac
884 2406 1091 2439 observantes
1103 2406 1187 2440 Mar-

311 2473 398 2507 tyres
419 2487 431 2503 ‚
467 2453 688 2495 satisfaffionis
708 2456 968 2491 moderationem
989 2468 1026 2489 ac
1046 2456 1190 2489 reconci-

312 2511 460 2548 liationis
481 2521 593 2555 pacem
619 2505 844 2551 supplicabant
864 2505 881 2538 a
904 2505 980 2540 solis
1001 2505 1189 2549 Episcopis:

313 2564 359 2598 Et
377 2562 511 2607 quidem
532 2560 622 2603 juxta
656 2559 837 2592 Decretum
858 2555 1020 2590 Romanas
1042 2556 1189 2598 Synodi.

1255 265 1350 296 runt,
1376 257 1411 290 et
1435 268 1571 292 remeant
1591 261 1725 303 quotidie
1744 286 1756 302 ,
1790 262 1882 306 atque
1907 266 1952 298 ad
1974 267 2129 311 Ecclefiam

1251 304 1377 347 pulsant
1392 331 1400 338 .
1427 306 1583 351 Aperitur
1603 309 1658 344 hie
1680 310 1935 349 fundamentum
1957 338 1969 356 ,
1992 327 2033 352 ex
2058 331 2128 364 quo

1254 356 1376 390 factiofi
1399 355 1584 402 Presbyteri
1605 361 1859 406 praesumpserint
1881 363 2068 409 Martyrum
2077 364 2130 404 li't·

1255 415 1339 462 teras
1358 408 1502 451 exequi,
1527 410 1762 446 satisfactiones
1773 413 1933 449 remittere
1945 439 1958 456 ,
1982 412 2129 461 &ipsam

1253 465 1487 512 etiam-pacem
1515 459 1603 494 vcitra
1632 461 1793 506 Cypriani
1812 462 2046 501 authoritatem
2071 467 2130 502 im·

1255 516 1381 548 partin.
1409 507 1482 549 Nec
1501 510 1591 544 enim
1613 510 1677 551 sine
1696 511 1808 556 aliquo
1828 514 1908 550 fuco
1918 516 2131 560 praesumpsis-

1254 556 1323 590 sent
1347 557 1558 600 Apostolieos
1579 561 1736 596 Canones
1754 562 1861 606 palam
1882 565 2005 601 violare
2023 591 2031 599 .
2059 566 2129 601 Eos

1254 606 1395 649 populus
1414 606 1601 650 lapidasset.
1642 610 1757 656 Itaque
1781 612 1978 651 blaterarunt
2002 617 2065 650 sese
2081 618 2129 650 so·

1253 656 1302 689 los
1322 658 1384 691 effe
1401 656 1591 703 legitimum
1610 660 1873 707 Carthaginensis
1897 664 2044 701 Ecclefiae
2054 666 2130 701 Cle-

1252 717 1323 740 rum
1346 730 1357 747 ,
1393 718 1526 750 caeteros
1562 712 1688 746 intruso
1726 713 1897 758 Cypriane
1930 713 2129 751 adhaereutes

1252 755 1402 791 Clericos
1426 759 1554 795 sordere
1576 773 1618 795 ex
1653 762 1768 797 vitiosa
1792 765 2032 809 communione
2047 790 2060 808 ,
2094 766 2129 801 δε

1252 806 1345 840 omni
1367 809 1553 852 praefidendi
1575 810 1642 854 jure
1665 813 1820 848 excidisse
1836 839 1854 855 ⁷·
1883 812 1928 849 Et
1954 814 2129 851 Novatum

1255 855 1452 902 Episcopum
1478 860 1537 894 fibi
1564 862 1765 898 intruserunt
1778 862 2005 904 Vifitatorem,
2032 867 2130 910 spon-

1252 905 1363 941 dentes
1403 908 1491 944 brevi
1530 911 1733 955 Cyprianum
1773 913 1890 957 majori
1923 912 2129 951 authoritate

1252 955 1479 993 damnandum
1501 984 1513 1000 ,
1546 961 1582 995 &
1606 964 1722 997 cunsta
1748 965 1803 998 sua
1837 965 1921 999 Asta
1946 965 2127 1001 firmanda.

1250 1004 1398 1044 Proinde
1416 1019 1458 1041 ex
1482 1009 1623 1043 scelerati
1646 1012 1736 1048 istius
1756 1013 2127 1060 VifitatorisPraecepto

1252 1057 1400 1100 prefatos
1425 1057 1628 1102 Episcopales
1649 1062 1737 1095 actus
1756 1071 1976 1100 attentarunt.
2004 1066 2054 1100 Ita
2065 1065 2126 1100 sibi

1253 1105 1309 1139 visi
1329 1107 1406 1141 sunt
1427 1118 1495 1142 non
1522 1109 1703 1154 impingere
1723 1113 1758 1144 in
1771 1112 2003 1156 Apostolicnm
2014 1116 2128 1150 Cano·

1254 1167 1349 1190 nem.
1374 1158 1420 1192 Et
1442 1157 1602 1202 lapsorum
1615 1160 1709 1194 multi
1720 1161 1945 1207 crediderunt.
1972 1165 2130 1200 Credide-

1253 1217 1328 1241 runt
1349 1208 1383 1243 se
1409 1218 1475 1241 non
1497 1204 1532 1242 in
1559 1208 1696 1244 schisma
1722 1210 1823 1256 recipi
1845 1237 1857 1254 ,
1883 1213 1936 1247 sed
1958 1214 1994 1248 in
2017 1214 2130 1250 Eccle-

1252 1256 1348 1290 fiam.
1376 1257 1437 1291 Ast
1462 1257 1518 1294 ubi
1541 1259 1693 1295 viderunt
1712 1272 1827 1296 contra
1836 1273 1969 1298 omnem
1982 1264 2130 1310 regulam

1251 1307 1283 1339 δε
1302 1306 1481 1350 disciplinae
1502 1311 1792 1353 consequentiam,
1817 1313 1852 1346 δε
1874 1324 1930 1357 per
1940 1314 2128 1350 manifestas

1254 1357 1584 1397 praevaricationes-in
1606 1359 1770 1402 Cypriani
1791 1360 1992 1398 Cathedram
2003 1364 2129 1399 intrudi

1254 1405 1495 1447 Fortunaturn,
1521 1420 1559 1443 ae
1584 1408 1733 1443 factionis
1757 1411 1954 1447 temeritates
1973 1413 2125 1448 damnari
2178 1444 2181 1447 .

1251 1454 1291 1489 ab
1313 1458 1409 1492 omni
1435 1458 1589 1492 Africana
1603 1483 1613 1498 ,
1640 1458 1770 1503 ipsaque
1789 1461 1890 1495 etiam
1902 1461 2054 1498 Romana
2067 1462 2129 1498 Ec·

1250 1505 1362 1548 elefia,
1387 1507 1594 1544 deseruerunt
1605 1508 1739 1544 schisma
1754 1534 1765 1550 ‚
1781 1511 1816 1546 ὄε
1827 1521 1992 1554 acceptam
2001 1513 2043 1547 ab
2056 1513 2128 1557 ipso

1251 1567 1363 1599 pacem
1384 1558 1549 1593 duxerunt
1571 1570 1697 1594 novum
1714 1559 1837 1603 lapsum
1850 1585 1862 1601 ‚
1886 1562 2128 1606 &poenitentes

1248 1606 1290 1640 ad
1313 1618 1451 1642 matrem
1473 1607 1685 1644 Catholicam
1704 1610 1911 1646 rediverunt.
1937 1612 2127 1647 Proinde&

1248 1655 1281 1688 in
1314 1657 1552 1702 Evangelicum
1578 1658 1701 1703 dogma
1723 1684 1734 1701 ,
1771 1661 1806 1695 ὅ(
1831 1661 1865 1695 in
1895 1661 2126 1705 Apostolicam

1248 1705 1457 1748 disciplinam
1482 1708 1613 1742 exceffit
1634 1708 1692 1743 ista
1717 1710 1835 1745 fastio.
1863 1711 1906 1745 Et
1930 1710 2057 1745 videtur
2078 1711 2129 1745 in·

1247 1766 1295 1838 {ra
1317 1756 1420 1796 solam
1441 1755 1734 1807 Carthaginensem
1749 1760 1928 1798 Ecclesiam
1941 1760 2034 1795 fuisse
2043 1761 2129 1807 gras·

1260 1815 1312 1840 ata
1324 1829 1332 1844 ,

1419 2001 1775 2053 CAPUT
1845 1975 2011 2051 111.ss

1291 2124 1542 2191 Exponuntur
1567 2116 1636 2165 ala·
1658 2123 1801 2185 antiqui
1828 2118 1963 2188 abufias
1990 2127 2093 2172 εἰὶϊα

1546 2186 1797 2256 Indulgentias
1806 2226 1818 2239 .

1230 2319 1236 2356 ι
1256 2307 1331 2391 E
1345 2307 1546 2352 Martyribus
1565 2308 1599 2342 &
1610 2307 1998 2354 Confessoribusquidatn
2010 2311 2043 2346 in
2056 2323 2129 2355 pro·

1358 2357 1518 2393 mittenda
1531 2358 1620 2401 lapfis
1644 2370 1743 2401 pace,
1767 2359 1802 2392 δε
1823 2360 1941 2395 dandis
1965 2361 2054 2395 illius
2074 2373 2133 2406 po·

1254 2409 1471 2443 stulatricibus
1491 2408 1532 2443 ad
1557 2407 1736 2452 Episcopos
1756 2409 1872 2444 litteris
1896 2410 1996 2445 etiam
2021 2412 2129 2446 exces-

1254 2460 1359 2493 serunt
1379 2459 1461 2492 olim
1474 2458 1610 2492 modum
1623 2480 1634 2497 ‚
1659 2459 1692 2492 &
1703 2458 1817 2493 abusus
1828 2460 2045 2495 induxerunt.
2073 2462 2129 2497 De

1253 2507 1340 2544 hisce
1369 2507 1410 2542 ad
1430 2509 1522 2542 suu-n
1547 2508 1681 2544 Clerum
1707 2510 1829 2551 scripfit
1851 2511 1983 2544 Sanetus
1994 2510 2130 2555 Cypria·

1256 2569 1340 2599 nus:
1367 2557 1499 2600 Etiamfi
1517 2561 1656 2597 Martyres
1674 2567 1730 2600 per
1755 2561 1877 2594 calorem
1884 2561 1988 2604 glorlae
1997 2563 2127 2603 sermu-

314 2613 363 2649 At
385 2612 461 2647 vero
484 2608 675 2649 isti-factiosi
702 2607 742 2642 ad
766 2608 797 2640 se
821 2617 888 2639 non
908 2603 1043 2639 directas
1069 2606 1191 2640 litteras
1256 2621 1322 2642 ram
1343 2608 1442 2640 minias
1464 2610 1694 2650 contemplantes
1716 2633 1726 2648 ,
1763 2620 1865 2643 contra
1886 2611 1978 2654 legem
2005 2613 2128 2644 Domini

315 2663 483 2708 rapiebant
499 2685 509 2700 ,
536 2658 738 2696 reserabant,
764 2654 1026 2699 exequebantur,
1052 2666 1090 2691 ac
1115 2656 1193 2699 ipsa-

1253 2661 1326 2702 plus
1351 2659 1466 2700 aliquid
1482 2667 1619 2700 cuperent
1638 2683 1650 2699 ‚
1674 2660 1695 2692 ἃ
1718 2660 1899 2697 Presbyter-is
1929 2661 1964 2693 Θ
1985 2661 2126 2694 Draconis

317 2725 389 2751 rum
402 2713 522 2746 limites
535 2708 696 2744 horrende
709 2706 930 2746 excedebant,
956 2716 1055 2747 atque
1068 2706 1112 2739 ita
1124 2717 1193 2740 non
1260 2707 1486 2753 suggerentibus
1505 2708 1656 2741 admoneri
1678 2709 1819 2742 deberent
1832 2732 1842 2748 ,
1860 2706 1933 2750 ficut
1955 2707 2068 2752 semper
2094 2717 2127 2743 m

317 2764 447 2797 tantum
469 2759 645 2805 Evangelii
685 2759 791 2802 legem
813 2757 848 2791 ὃ(
886 2755 1032 2790 Ecclesiae
1056 2755 1195 2800 discipli-

319 2806 396 2846 nam
418 2837 429 2852 ,
454 2811 507 2845 sed
530 2811 611 2853 ipsas
630 2808 729 2843 etiam
753 2806 872 2840 litteras
900 2806 1030 2850 peilime
1054 2806 1195 2849 praevari-

320 2862 497 2897 cabantur.
525 2859 660 2893 Dabant
682 2869 793 2901 pacem
817 2867 892 2891 ante
913 2855 1102 2890 exstinctam
1129 2866 1195 2899 pet-

1256 2757 1571 2802 praeterstumfaHum
1591 2758 1644 2798 est.
1678 2759 1720 2793 Et
1742 2758 1776 2796 in
1792 2759 1978 2801 Encyclicis
1990 2759 2031 2794 ad
2043 2760 2127 2803 ipsos
2146 2776 2196 2812 Ep,
2218 2783 2266 2806 11-
2330 2781 2336 2788 ·

1263 2810 1424 2852 Martyres
1445 2807 1479 2840 δ(
1490 2807 1695 2842 confessores
1709 2808 1833 2842 litteris:
1862 2809 2015 2851 ‚Quoniam
2026 2812 2127 2851 audio,

1254 2859 1402 2901 fortissimi
1427 2859 1461 2890 (a
1483 2857 1633 2897 chartffiml
1671 2861 1796 2890 Fratres
1816 2880 1826 2896 ,
1862 2859 2046 2899 impudentia
2070 2871 2125 2893 vos

321 2911 524 2947 secutionem
538 2933 549 2949 ,
573 2919 650 2943 ante
671 2907 871 2950 Synodalem
892 2904 989 2948 hujus
1010 2906 1196 2949 quaestionis
1262 2909 1453 2951 quorumdam
1469 2911 1565 2949 premi
1585 2931 1595 2947 ,
1628 2908 1663 2940 (a
1682 2907 1889 2940 verecundiam
1911 2907 2037 2947 vestram
2063 2916 2129 2944 arim

322 2961 536 2999 decisionem,
565 2969 641 2992 ante
655 2957 843 2999 Martyrum
854 2956 1195 2990 consummationem.

324 3014 368 3046 Et
386 3011 463 3045 hinc
486 3007 526 3042 de
550 3008 668 3046 variis,
695 3017 778 3050 quos
799 3007 834 3039 in
859 3007 904 3040 sui
919 3007 1043 3040 montis
1053 3017 1198 3040 commu-

324 3063 460 3096 nionem
481 3058 648 3093 admiserat
671 3056 789 3094 fassio,
816 3056 905 3099 lapsis
928 3056 1039 3090 scribit
1058 3056 1099 3090 ad
1126 3056 1197 3090 San—

324 3114 412 3146 (tum
435 3108 631 3143 Cornelium
643 3106 762 3142 Beatus
773 3105 979 3149 Cyprianus:
1006 3109 1084 3140 Scire
1095 3106 1199 3146 debes,

329 3167 439 3195 Frater
457 3158 615 3198 chariffime
626 3181 637 3197 ,
663 3160 863 3190 Fortunatam
874 3181 886 3198 ‚
909 3155 1064 3199 postquam
1078 3153 1199 3198 Pftudo-

328 3210 491 3253 Epiftopus
518 3208 556 3240 ab
583 3207 732 3241 barenas
752 3205 859 3247 fadus
879 3206 916 3245 est
935 3229 946 3245 ,
974 3207 1045 3247 jam
1059 3207 1138 3247 pene
1161 3205 1199 3238 ab

330 3260 460 3292 omnibus
479 3259 536 3302 >effe
547 3256 692 3300 desertum
707 3280 714 3287 .
742 3261 884 3296 Namque
894 3261 917 3288 ii
927 3280 939 3295 ,
965 3255 1071 3297 quibus
1083 3261 1116 3288 in
1123 3263 1203 3296 pm,

329 3314 450 3343 teritum
459 3308 611 3351 praestt'gia
619 3305 885 3349 praetendebantur
896 3330 907 3346 ‚
924 3306 959 3340 ό·
973 3305 1121 3354 dabantur
1134 3316 1199 3338 ver-

287 3353 290 3361 “
329 3358 369 3393 ba
387 3356 534 3399 fallacia,
559 3359 638 3399 quod
649 3356 739 3398 simul
757 3357 801 3388 ad
825 3354 983 3396 Ecclessam
1002 3355 1150 3398 regrffcrt
1160 3356 1201 3387 di-

327 3409 461 3446 cerentur
472 3429 484 3450 2
506 3406 693 3453 posteaquam
715 3406 861 3443 viderunt
878 3405 938 3443 illic
958 3403 1202 3452 Pseudo-Eprfiv-

1260 2966 1350 3001 patr,
1377 2969 1425 2991 oro
1443 2969 1519 2997 vos,
1544 2956 1651 3000 quibus
1673 2956 1951 2999 possumprecibus,
1975 2967 2008 2990 ut
2020 2956 2131 2993 Eva'n-

1258 3010 1328 3053 gelu
1348 3019 1507 3047 memores,
1535 3009 1569 3040 Θ
1585 3004 1796 3047 considerantes
1822 3018 1890 3049 quae
1911 3009 1946 3041 Θ
1970 3009 2072 3050 qualia
2095 3015 2130 3043 m

1264 3063 1450 3101 praeterttum
1471 3056 1655 3099 antecessores
1674 3057 1760 3096 vestri
1771 3060 1915 3096 Martyres
1925 3058 2106 3100 conc-efferim
2120 3081 2132 3099 ,

1265 3110 1357 3152 quam
1377 3107 1490 3152 solltcm
1515 3111 1547 3140 in
1568 3106 1703 3139 omnibus
1718 3105 1840 3147 fuerint
1854 3131 1864 3146 ,
1889 3117 1943 3140 vos
1955 3118 2068 3151 quoque
2074 3107 2133 3151 fh!-

1265 3160 1344 3192 licite*
1356 3165 1389 3192 U
1397 3158 1483 3190 caut?
1487 3161 1652 3199 petentium
1663 3155 1801 3197 desideria
1808 3158 1981 3198 ponderetis
1994 3182 2006 3197 ,
2031 3159 2131 3200 utpote*

1266 3213 1353 3242 amici
1374 3210 1520 3246 Domino,
1546 3208 1580 3240 (9
1598 3216 1660 3238 cum
1682 3207 1730 3239 illo
1745 3206 2132 3248 postmodumjudtcasuri,

1267 3256 1432 3301 inspiciatis
1452 3257 1485 3290 (9
1507 3256 1605 3288 allum
1626 3258 1661 3290 &
1682 3264 1769 3297 opera
1794 3280 1805 3296 ,
1842 3258 1877 3289 &⁵
1894 3262 2001 3289 merita
2019 3255 2134 3300 fingulo-

1268 3319 1332 3341 rum
1358 3319 1365 3339 :
1402 3304 1534 3349 Ipsbrum
1561 3317 1672 3349 quoque
1687 3306 1855 3340 deltHorum
1870 3317 1985 3349 genera
2003 3306 2038 3339 ὁ·
2064 3318 2138 3348 qua-

1267 3360 1366 3392 litates
1386 3361 1531 3401 cogitetis.
1563 3360 1616 3388 Ne
1629 3354 1661 3398 fi
1679 3357 1754 3397 quid
1769 3355 1896 3397 abrupte
1910 3356 2076 3399 &indigne
2085 3356 2138 3390 vel

1268 3409 1289 3440 ὰ
1313 3406 1400 3440 vobis
1418 3405 1589 3449 permissum
1610 3429 1621 3447 ,
1658 3407 1708 3439 vel
1731 3407 1751 3437 ti
1772 3403 1855 3438 nobis
1872 3403 1995 3446 fat‘lum
2013 3404 2112 3446 suerit
2126 3430 2139 3447 ,

2009 3456 2092 3498 apud

2258 1227 2282 1254 l

2144 2543 2196 2581 Ep.
2217 2552 2263 2575 ω.
