2372 3756
116 436 230 466 A1117z

125 665 218 698 Tit.3‚

125 712 201 739 c.19.

117 971 234 1006 Ep.186.

110 2034 173 2066 Lib,
199 2046 226 2070 4.

111 2078 162 2112 Ep.
177 2085 202 2111 9.

109 3060 167 3091 Lib.
197 3068 223 3096 3.

111 3110 153 3130 t.t.
177 3110 222 3130 10·

107 3148 132 3169 c.
153 3149 182 3175 7.

652 150 922 192 Quintum
959 135 1264 179 ROMANUM
1302 135 1686 181 CONCILIUM.

259 233 413 268 Albertus
444 219 488 263 acv
506 224 731 260 Theoduinus
753 220 966 259 cardinales,
996 219 1140 254 Alexan·

258 286 306 318 dri
331 283 416 316 tertii
447 290 500 324 per
512 275 768 311 Nortmandiam
788 272 923 316 Legati,
950 272 984 304 in
1009 272 1062 304 sua
1076 271 1141 304 Ro-

258 332 460 376 thomagensi
487 325 622 370 synodo
647 325 819 359 ediderunt
842 322 1015 355 Canonem
1038 345 1049 360 ,
1085 321 1140 353 oui

258 384 407 428 Rogerus
438 377 647 413 Hovedenfis
686 386 723 409 ac
748 373 888 416 Joannes
920 371 1140 412 Bromptonus

257 436 335 467 dant
351 432 414 466 hoc
427 427 682 471 compendium:
711 428 766 456 His
787 427 838 464 qui
861 424 996 453 Decimas
1017 419 1140 452 haeredi-

257 491 331 516 terrio
356 485 418 519 iure
439 488 563 517 tenent,
589 479 708 510 licentia
725 472 765 514 fit
790 476 838 505 cui
864 471 1015 503 voluerint
1029 470 1141 503 clerico

256 518 358 567 idoneo
380 535 451 565 dare
463 555 473 571 ‚
499 541 530 562 eo
548 529 666 570 quidem
689 532 785 555 tenore
796 545 806 560 ,
833 530 864 552 ut
874 520 935 562 post
948 531 1016 553 eum
1026 522 1070 553 ad
1081 523 1137 553 Ec.

256 582 363 624 clessam
373 609 382 623 ‚
409 587 452 614 cui
467 581 582 619 dejure
592 581 758 614 competunt
770 596 781 612 ‚
806 580 999 604 revertantur
1011 595 1018 602 .
1045 569 1087 602 Et
1102 571 1134 604 in

257 637 313 667 suo
327 631 505 675 Capitulari
531 626 608 659 Odo
632 622 814 655 parisiensis
834 620 1033 663 Episcopus:
1061 621 1136 653 Nul-

255 686 300 716 lus
325 685 455 715 Clericus
464 675 551 720 potest
565 673 621 716 fibi
647 678 776 705 retinere
798 675 932 704 Decimus
946 669 1138 702 haereditario

249 738 320 776 jure
329 732 458 775 psffeffiss
471 752 480 766 ,
502 724 557 768 sed
566 724 740 756 attc‘lort‘tate
762 719 901 764 Episcopi
919 720 1035 762 poffunt
1047 720 1136 753 cleu.

254 783 417 826 ctlfrucqus
440 782 609 819 percipere,
637 778 680 804 ita
703 781 805 817 tamen
831 771 912 813 quod
930 771 1046 812 semper
1058 769 1137 802 labo-

254 840 319 866 rent
331 857 340 871 ‚
367 841 399 863 ut
415 829 457 860 ad
467 823 622 865 Ecclesiam
632 829 842 856 revertantur.
871 817 949 853 Huc
958 820 1059 853 etiam
1071 821 1135 863 spe-

252 884 314 915 ssat
327 880 413 924 quod
441 878 481 912 ad
496 874 705 910 Laurentium
721 872 755 904 in
768 868 946 904 Charitatis
969 867 1137 904 Coenobio

252 930 459 966 Monachum
476 926 596 969 scripsit
609 923 743 956 sanstus
758 921 816 954 lvo
830 919 1039 954 carnutensis
1055 932 1062 951 ι
1090 923 1136 953 De

255 980 447 1023 emptionibus
468 987 564 1009 rerum
585 971 842 1014 Ecclesiasticarum
864 995 875 1010 ‚
900 982 975 1012 quas
996 970 1149 1003 Monacbt

256 1036 275 1064 ἃ
290 1034 387 1064 Laic'1's
395 1028 519 1070 faciunt
531 1051 540 1065 ,
567 1024 617 1057 hoc
627 1033 688 1057 tuae
699 1026 901 1055 fraternitati
913 1018 1134 1062 respondemus,

255 1089 326 1125 qula
341 1079 372 1121 fi
387 1091 433 1112 res
446 1075 653 1117 Ecclefiasticas
675 1075 712 1106 de
725 1075 878 1104 Laicorum
896 1068 1041 1113 servitute
1063 1071 1139 1102 dato>

250 1138 348 1175 pretio
358 1129 541 1165 liberarent,
565 1129 598 1158 (5
608 1126 675 1164 juri
695 1120 887 1162 Ecclefiastico
912 1130 946 1151 ac
970 1118 1131 1162 Episcopa-

254 1183 277 1215 li
287 1179 459 1224 dispositioni
469 1176 647 1217 restttuerem
660 1196 673 1211 ,
695 1183 752 1205 non
758 1169 853 1214 solum
874 1179 933 1202 non
955 1170 1137 1211 improbare-v

254 1244 321 1265 mus
334 1256 344 1271 ,
366 1229 425 1272 sed
434 1227 621 1262 vehementer
639 1223 828 1256 laudaremus
842 1245 849 1252 .
879 1221 963 1262 ,Quia
973 1231 1029 1252 non
1048 1221 1132 1254 vide-

253 1292 334 1314 retur
354 1280 403 1323 effe
413 1284 539 1319 emptio,
560 1274 619 1319 sed
636 1276 656 1305 ᾶ
674 1273 783 1305 cunetis
803 1271 855 1312 pte
860 1268 1056 1312 sentientibus
1070 1270 1137 1302 lau-

253 1333 358 1364 danda
371 1330 548 1369 redemptio.
573 1328 617 1357 Sic
637 1329 753 1364 captivi
774 1320 908 1362 fidelium
919 1325 1034 1360 pietate
1052 1322 1132 1352 redt-

253 1390 395 1418 muntur,
418 1389 484 1410 cum
504 1377 709 1415 Redemptores
738 1369 815 1413 ipfhs
839 1370 1007 1411 redemptos
1030 1375 1132 1402 nonin

248 1430 335 1474 suam
347 1430 485 1471 redigunt
490 1425 668 1468 servitutem
681 1446 691 1461 ‚
706 1420 764 1463 fied
773 1426 805 1452 in
811 1419 966 1460 pristinam
978 1417 1131 1457 restituunt

253 1482 435 1514 libertatem.
466 1475 572 1508 Veram
594 1478 665 1513 quta
685 1481 772 1502 rarus
796 1467 833 1505 est
859 1476 913 1500 aut
936 1468 1052 1506 nullus,
1079 1474 1130 1510 qui

252 1529 314 1561 haec
323 1536 403 1561 emas
415 1549 427 1565 ,
452 1521 575 1565 ntfisuis
600 1530 653 1553 aut
663 1518 782 1562 suorum
793 1517 885 1558 ufibus
904 1541 915 1557 ,
942 1529 999 1550 non
1019 1517 1056 1558 est
1066 1517 1130 1550 haec

250 1578 431 1620 appellanda
456 1579 511 1616 pia
537 1574 700 1612 redemptio
719 1594 730 1610 ,
763 1566 821 1612 sed
838 1572 914 1600 inter
939 1576 1067 1601 ementes.
1095 1569 1129 1601 Θ

250 1630 414 1661 vendentes
429 1624 536 1666 cupida
562 1616 766 1662 &periculofix
776 1622 912 1659 coemptio
925 1642 933 1649 .
960 1618 1004 1651 Et
1017 1617 1052 1650 in
1074 1617 1125 1651 lit-

249 1678 324 1712 teris
337 1677 376 1712 ad
391 1672 612 1710 Sueffionense
623 1668 814 1712 Capitulum
831 1666 1048 1700 Innocentius
1065 1678 1127 1701 ter·

250 1730 336 1762 tius:
365 1723 529 1766 postulastis
549 1722 633 1755 vobis
660 1722 679 1752 ᾶ
705 1718 778 1752 Sede
795 1716 951 1758 apostolica
979 1717 1129 1760 indulgeri,

250 1779 399 1811 licentiam
408 1773 574 1808 redimendi
586 1775 722 1804 Decimus
739 1793 749 1808 ,
773 1778 839 1810 quae
851 1765 935 1808 infra
958 1775 1054 1799 metas
1069 1769 1125 1801 Pa.-

250 1827 414 1860 rochiarum
426 1824 589 1864 vestrarum
598 1827 631 1854 in
640 1819 766 1862 feudum
780 1820 800 1850 ei
815 1821 914 1850 Laicis
937 1818 1121 1850 detinentur.

250 1882 318 1910 Nos
329 1886 428 1909 autem
448 1876 579 1907 volentes
596 1871 684 1914 super
710 1868 760 1902 boc
772 1866 903 1908 Ecclefils
920 1891 930 1907 ,
955 1867 1061 1909 quibus
1073 1866 1123 1900 bu·

238 1926 367 1970 jusmodi
378 1924 522 1959 debentur
536 1926 661 1955 Decimae
672 1946 686 1961 ,v
706 1919 862 1962 providere
875 1941 885 1957 ‚
907 1917 1051 1959 praeferrt
1070 1929 1122 1951 eas

245 1979 381 2011 volumus
391 1981 426 2009 in
435 1975 632 2015 redemptione
643 1972 749 2004 talium
761 1972 964 2002 Decimarum.
992 1968 1084 2011 ,Quod
1098 1966 1129 2010 fi

243 2029 337 2060 nolint
348 2052 360 2067 ,
385 2034 439 2059 aut
443 2024 527 2066 forte*
539 2034 594 2056 non
602 2022 704 2064 poffint
713 2044 725 2060 ‚
749 2019 976 2054 redimendum
1000 2020 1044 2051 ad
1054 2026 1125 2061 opus,

243 2079 364 2109 illarum
390 2073 581 2116 Ecclefiarum
608 2072 695 2105 vobis
721 2070 901 2103 concedimus
919 2068 1123 2111 facultatem,

238 2125 362 2168 proviso
381 2123 571 2156 nibilominus
600 2129 633 2154 ut
658 2118 792 2161 consueta
811 2116 963 2160 servitia,
990 2120 1034 2151 ad
1056 2130 1123 2160 quae

245 2179 329 2208 Laict'
350 2175 409 2207 illis
433 2171 566 2213 Eccleſsis
586 2180 642 2213 pro
655 2173 786 2202 Decimis
807 2168 1009 2208 tenebantur,
1036 2174 1125 2201 etiam

236 2224 300 2267 post
310 2224 493 2257 contrabium
506 2223 576 2253 talis
593 2221 775 2253 venditionis
787 2219 963 2260 Impendant
976 2240 987 2254 ‚
1010 2219 1074 2250 cum
1084 2220 1128 2251 ad
1140 2219 1145 2223 ’
1170 2224 1173 2227 “

241 2285 288 2307 eos
307 2279 439 2316 pretium
457 2274 615 2313 perveniat
636 2268 824 2301 earumdem.
851 2266 899 2300 Ita
917 2265 1124 2309 poffeffiones

241 2325 333 2364 suaS,
359 2322 514 2357 Decimas
524 2319 695 2363 praesertim
721 2329 761 2352 ac
773 2316 959 2356 primitias,
986 2316 1026 2351 de
1050 2318 1121 2352 Lai-

240 2382 354 2407 corum
375 2370 524 2405 manibus
542 2368 716 2404 efestucare
741 2367 835 2400 variis
871 2367 979 2401 modis
1003 2372 1138 2427 conata}

242 2424 363 2467 semper
373 2421 436 2456 fuit
447 2419 586 2454 Ecclesia
595 2442 609 2458 ‚
633 2430 670 2452 ea
682 2428 792 2452 tamen
806 2417 877 2461 lege
889 2427 925 2450 ut
937 2417 977 2451 ad
989 2419 1137 2461 propriae!

241 2470 409 2507 Parochiae
429 2470 568 2505 redirent
580 2480 678 2512 opus.
707 2467 810 2513 and
832 2467 887 2501 ubi
903 2478 969 2501 non
990 2468 1098 2511 potuit
1111 2458 1137 2514 ,Ι

242 2523 393 2565 permissa:
417 2522 488 2554 sunt
509 2520 640 2554 transire
662 2517 704 2552 ad
729 2518 864 2560 aliquod
880 2517 1120 2552 Monasterium

241 2574 294 2605 seu
318 2570 532 2615 Capitulum:
556 2568 681 2602 Verum
706 2567 881 2610 exjudicio
906 2567 941 2601 &
962 2569 1119 2603 consensu

240 2620 417 2665 Episcopi,
446 2617 597 2653 autcerte
612 2616 756 2650 Romani
770 2616 959 2651 pontificis.
987 2618 1029 2650 Et
1043 2617 1133 2680 hinc]

240 2672 282 2705 ad
320 2669 525 2705 Bituricensis
548 2667 692 2702 Ecclefiae
719 2665 1045 2708 Archipresbyterum
1083 2669 1132 2702 &2

240 2720 476 2755 Scholasticum
488 2718 606 2762 scripsit
617 2716 717 2750 etiam
728 2714 876 2749 laudatus
896 2715 1054 2750 Pontifex
1066 2717 1119 2751 ln-

242 2771 413 2804 nocentius
434 2782 442 2802 :
481 2771 591 2802 Laicus
614 2791 625 2807 ‚
650 2771 702 2808 qui
722 2769 874 2798 Decimam
899 2767 1034 2806 detinet,
1059 2779 1132 2800 mom

240 2821 355 2854 nendus
365 2818 402 2861 est
412 2828 446 2853 ut
458 2830 523 2853 eam
533 2817 667 2856 restituat
681 2819 709 2848 E
712 2813 810 2856 cclefiae
820 2817 863 2848 ad
873 2827 964 2857 quam
978 2815 1095 2858 [μεθιεῖ
1106 2792 1132 2862 ,l

240 2869 407 2912 quififorte*
416 2870 517 2902 induci
528 2872 718 2910 nequiverit,
742 2867 775 2898 eb·
787 2876 852 2897 eam
873 2871 940 2911 qum
954 2865 1116 2909 Dioecesani
1128 2867 1130 2869 ’

239 2918 374 2963 consensu
395 2920 482 2953 alteri
508 2915 642 2958 Ecclefiae
653 2916 861 2958 afflgnaverit,
877 2914 1048 2958 praesertim
1059 2921 1116 2950 Re·

238 2968 335 3011 Itgioso
347 2973 540 3009 conventui,
561 2966 699 3007 constabit
719 2962 785 3007 ipsa
807 2964 924 2997 donatio
936 2988 945 3003 ,
968 2973 1118 3008 perpetua·

234 3018 380 3060 firmitate
395 3017 543 3060 subnixa.
572 3015 684 3050 Exstat
709 3014 856 3057 Epistola
881 3014 965 3057 apud
988 3015 1113 3061 Grego-

239 3068 323 3101 rium
346 3078 472 3103 nonum
485 3089 493 3099 .
519 3066 668 3101 Privatus
689 3074 769 3109 ergo
796 3063 940 3098 Clericus
960 3064 1113 3101 Decimas

238 3129 307 3152 non
336 3117 392 3150 nisi
416 3115 456 3150 ad
470 3117 542 3150 vitae
551 3117 613 3150 suae
633 3115 804 3150 excursum
827 3114 972 3148 detinere
982 3117 1086 3158 potest
1100 3131 1111 3151 .-

1192 221 1276 261 5dam
1298 218 1437 254 &nescio
1449 229 1515 262 quo
1541 219 1645 252 milite
1664 221 1836 256 Decimam
1848 234 1922 257 cum
1948 225 2081 265 Episco-

1192 264 1234 315 sspi
1248 271 1344 304 venia
1356 280 1565 312 acceperant,
1591 270 1626 302 ὅ(
1648 270 1729 302 inter
1752 270 1950 308 Bituricense
1969 274 2078 309 Sansti

1202 318 1357 364 Stephani
1380 320 1571 363 Capitulum
1598 330 1668 352 orta
1695 320 1738 351 est
1765 324 1967 362 postmodum
1995 335 2080 368 quae.

1203 371 1282 412 ssio,
1312 372 1367 404 An
1391 371 1484 404 venia
1507 369 1565 403 ista
1585 369 1653 403 dari
1678 368 1807 402 deberet
1829 372 1846 404 31
1861 374 1928 406 solo
1941 375 2076 417 Episco-

1200 434 1264 465 po,
1290 433 1332 455 an
1353 421 1453 455 etiam
1472 420 1489 453 a
1503 420 1659 464 Capitulo
1672 420 1689 450 ,ἶ
1716 419 1905 462 Capitulum
1925 424 2075 461 sustinuit

1198 472 1414 506 donationem
1440 471 1536 504 ista‘m
1561 471 1624 504 effe
1658 471 1867 504 alienationis
1906 472 2042 515 speciem
2060 499 2076 515 ,

1199 524 1340 565 ideoque
1362 523 1456 555 suurn
1482 522 1580 554 etiam
1608 522 1726 563 requiri
1755 522 1911 554 assensum
1939 545 1951 561 ,
1976 534 2074 564 atque

1201 575 1242 606 ita
1284 581 1497 606 memoratam
1524 571 1695 604 Decimam
1734 571 1870 604 tentavit
1896 572 2074 615 Monachis

1197 623 1334 657 auferre.
1366 619 1548 663 Respondit
1571 632 1646 653 vero
1667 619 1816 655 laudatus
1840 621 2074 659 Innocentius:

1196 674 1303 715 suffictt
1324 670 1476 715 consensus
1490 669 1648 713 Episcopi.
1676 669 1817 714 Addidit
1843 672 1942 706 etiam
1966 672 1999 706 in
2013 673 2073 707 La-

1197 722 1356 757 teranenfi-
1379 721 1558 755 Alexandri
1582 721 1666 754 tertii
1681 720 1817 761 Synodo
1840 721 1883 755 fic
1898 723 1990 757 fuisse
2006 724 2074 756 san-

1195 774 1299 807 citum
1321 798 1329 806 .
1357 772 1399 806 Et
1425 783 1503 807 cum
1526 770 1597 805 aliis
1622 770 1768 804 adductis
1795 774 1928 813 praesens
1951 774 2074 809 Canon

1195 823 1303 857 lucide
1315 823 1449 867 requirit
1459 822 1650 856 consensum
1664 821 1763 856 solius
1774 822 1927 866 Episcopi
1942 847 1949 856 .
1977 825 2020 858 Et
2030 823 2073 858 ad

1196 873 1407 915 Raynaldum
1419 885 1461 907 ex
1473 871 1700 917 Andegavenfi
1717 871 1881 916 Episcopo
1902 873 2074 917 Metropo-

1195 923 1287 956 litam
1312 923 1506 957 Rementem
1529 923 1645 965 scripsit
1655 922 1831 957 Goffiedus
1849 921 1963 957 Abbas
1989 923 2073 958 Vin·

1194 973 1375 1006 docinensis
1398 986 1405 1004 :
1435 974 1610 1014 suppliciter
1637 975 1671 1006 (a
1692 973 1852 1017 diligenter
1874 985 2012 1015 oramus,
2036 983 2070 1007 ut
2083 950 2204 1031 ἔξηὲῐ

1183 1024 1371 1067 'Benignitas
1399 1022 1497 1061 vestra
1523 1025 1659 1065 Ulgerum
1686 1021 1928 1067 andegavensem
1948 1023 2070 1067 Episco-

1187 1081 1262 1115 pum
1276 1097 1286 1112 ,
1313 1074 1348 1106 (5
1370 1074 1434 1112 ejus
1461 1071 1702 1105 Archtdiaconum
1729 1083 1783 1106 aut
1807 1085 1922 1107 monere
1947 1083 2002 1107 aut
2027 1087 2070 1107 ro-

1186 1134 1260 1167 gare
1287 1124 1422 1165 dignetur
1435 1146 1451 1162 ‚⁴
1472 1133 1514 1155 ne
1532 1124 1723 1162 conceffionem
1735 1123 1927 1166 Ecclefiarum
1940 1148 1949 1163 ‚
1975 1136 2068 1166 quam

1193 1172 1369 1210 Monallerio¹
1389 1171 1480 1211 nostro
1499 1171 1625 1215 benigne?
1641 1172 1754 1213 fecistis
1775 1199 1786 1214 ,
1821 1173 2000 1216 perturbare
2025 1186 2069 1208 co-

1194 1234 1301 1256 nentur
1317 1248 1324 1254 .
1352 1221 1398 1254 Et·
1419 1221 1572 1255 adversus
1597 1222 1769 1256 Manassen
1799 1222 2069 1259 Aurelianensem

1194 1273 1390 1318 Episcopum
1413 1297 1428 1312 ,,
1463 1272 1519 1314 qui
1546 1270 1758 1306 Vizeliacenfi
1785 1273 1990 1308 Monasterio
2015 1275 2072 1309 da-

1191 1333 1258 1357 tam
1284 1323 1302 1355 a
1328 1323 1385 1355 suo
1409 1321 1620 1356 Antecessore
1645 1321 1722 1356 Elia
1745 1323 1922 1357 Decimam
1958 1324 2071 1367 repeti-

1193 1382 1278 1406 verat
1304 1382 1408 1415 atque
1427 1371 1612 1412 invaserat,
1638 1372 1678 1406 ad
1705 1372 2071 1418 HugonemSenonen·

1191 1423 1254 1456 sem
1281 1420 1572 1465 Archiepiscopum
1599 1422 1720 1466 scripsit
1748 1424 1918 1467 Eugenius
1944 1425 2073 1458 tertius.-

1190 1475 1220 1504 F
1221 1478 1394 1505 raternitatt
1428 1480 1490 1505 tuae
1516 1472 1695 1504 mandamus
1720 1496 1732 1512 ,
1768 1474 1910 1515 quatenus
1943 1484 2071 1516 utraque

1184 1530 1275 1563 parte
1301 1531 1371 1554 ante
1396 1529 1483 1553 tuam
1503 1518 1700 1564 praesennam
1725 1532 1848 1556 evocata
1872 1548 1883 1563 ,
1908 1523 1999 1567 causa
2024 1526 2071 1557 dt-

1188 1573 1318 1615 Iigenter
1342 1571 1450 1603 audita
1474 1572 1509 1604 ό·
1535 1577 1649 1614 cognita
1674 1596 1685 1613 ,
1702 1572 1823 1613 justitia
1847 1574 1998 1607 mediante
2024 1577 2073 1608 de·

1183 1621 1295 1663 finias.
1322 1621 1366 1654 Et
1391 1620 1433 1654 ad
1460 1620 1564 1663 ipsum
1592 1620 1763 1656 Manassen
1791 1635 1798 1654 :
1826 1625 2011 1657 Mandamus
2037 1632 2080 1657 ut·

1187 1669 1346 1712 Ecclesiam
1371 1670 1482 1705 Abbati
1521 1673 1556 1705 <St
1573 1670 1730 1712 fratribus
1755 1678 1788 1704 in
1808 1680 1883 1714 pace
1913 1673 2070 1712 restituas.

1186 1721 1327 1757 Exstant
1364 1719 1515 1762 Epistolae
1552 1720 1639 1763 apud
1678 1721 1864 1766 Hugonem
1891 1722 2072 1760 Notarium

1186 1770 1426 1805 Pietaviensem
1459 1769 1493 1804 in
1531 1769 1610 1805 dicti
1647 1771 1843 1806 Monasterii
1878 1771 2071 1808 Chronico.

1185 1820 1311 1855 Lucide
1347 1820 1483 1854 edicunt
1509 1820 1679 1855 licentiam
1722 1822 1822 1856 istam.
1841 1825 1904 1858 effe
1929 1823 2072 1860 dandam

1181 1871 1200 1904 ὲ
1227 1871 1299 1905 solo
1326 1871 1493 1914 Episcopo
1512 1895 1523 1911 ,
1553 1870 1587 1904 δε
1613 1871 1710 1906 semel
1746 1871 1858 1907 datam
1885 1884 1954 1908 non
1983 1878 2073 1918 poffe

1182 1932 1237 1966 per
1263 1921 1483 1955 successorem
1509 1922 1653 1956 revocari
1672 1947 1679 1954 .
1706 1922 1787 1957 Haec
1813 1923 1904 1959 enim
1931 1923 2079 1960 donatio>

1181 1982 1385 2017 nequaquam
1421 1972 1466 2005 est
1504 1972 1714 2006 alienationis
1740 1973 1860 2017 species
1888 1987 1895 2006 ε
1936 1975 1993 2009 Est
2022 1977 2075 2011 rei¹

1181 2023 1327 2058 alienatae
1348 2046 1360 2062 ‚
1396 2021 1474 2056 licet
1512 2034 1580 2056 non
1609 2022 1649 2055 ad
1685 2022 1833 2057 debitum
1860 2025 2076 2067 membrum„

1181 2083 1289 2108 tamen
1317 2072 1358 2106 ad
1386 2071 1537 2106 Ecclefiae
1561 2083 1679 2115 corpus
1706 2075 1874 2109 revocatio
1889 2098 1900 2114 ‚
1925 2075 2076 2120 ideoque»

1180 2124 1304 2158 cunetis
1330 2120 1537 2158 alienationis
1576 2121 1838 2159 solemnitatibus
1874 2137 1942 2161 non
1969 2127 2076 2162 debet.

1180 2172 1287 2207 fulciri
1302 2197 1315 2206 ..

1229 2222 1307 2257 Alia
1332 2224 1467 2269 quaest't'o
1488 2226 1534 2259 est'
1550 2249 1561 2264 ,
1589 2222 1643 2258 An
1668 2227 1796 2261 Fratres
1813 2228 1915 2263 etiam
1939 2229 2075 2264 mendi·-

1179 2276 1420 2319 cantespoffint
1433 2275 1563 2309 Altaria·
1589 2275 1790 2310 &Decimas
1801 2278 1982 2322 possidere?
2007 2281 2065 2314 Su-

1179 2323 1233 2367 pra
1257 2325 1347 2360 enim
1370 2324 1557 2359 audivimus
1578 2325 1641 2368 ipsa
1659 2350 1673 2365 ,.
1696 2326 1749 2360 uti·
1768 2329 1861 2362 avitae
1883 2331 2066 2374 paupertati

1178 2373 1328 2414 adversa,
1353 2376 1386 2410 &
1412 2376 1568 2419 primaevae·
1586 2376 1763 2411 sanctitatis
1784 2380 1943 2420 eversiva,
1970 2381 2065 2417 fuisse

1178 2423 1220 2457 ab
1235 2423 1427 2461 Alexandro
1439 2425 1535 2460 tertio
1548 2425 1714 2460 interdieta
1727 2427 1849 2462 Ordini
1870 2429 2064 2468 cistertien-

1178 2473 1220 2506 fi.
1250 2476 1293 2509 Et
1314 2487 1422 2510 revera
1443 2486 1484 2509 ex
1507 2486 1574 2520 quo
1597 2475 1805 2513 sanstiffimus
1827 2478 1883 2515 ille
1893 2481 1987 2518 Ordo
1999 2485 2063 2519 De·

1178 2525 1354 2560 cretisistis
1364 2526 1463 2569 coepit
1479 2537 1546 2560 non
1565 2524 1697 2560 obedire
1711 2551 1723 2567 ‚
1747 2529 1847 2573 coepit
1867 2532 1967 2568 etiam
1993 2535 2062 2578 ejus

1178 2584 1293 2609 aurum
1306 2577 1387 2610 verti
1415 2576 1449 2610 in
1461 2576 1616 2610 scoriam.
1643 2576 1840 2620 Respondeo
1861 2591 1971 2618 tamen
1998 2587 2059 2619 fra-

1177 2634 1239 2657 tres
1258 2625 1334 2659 illos
1356 2627 1420 2660 esse
1442 2636 1593 2669 capaces.
1622 2626 1755 2662 Etenim
1780 2630 1846 2673 ipsa
1868 2633 1886 2666 a
1907 2632 2060 2670 Patribus

1178 2673 1450 2709 Praedicatoribus
1470 2675 1601 2709 admitti
1628 2677 1662 2710 δε
1686 2679 1837 2720 poss'1deri
1858 2681 1977 2718 diserte
1992 2697 2061 2730 per-

1178 2724 1263 2757 misit
1276 2725 1420 2768 ipsorum
1439 2725 1652 2760 confirmator
1675 2727 1849 2765 Honorius
1859 2734 1993 2775 tertius,
2019 2748 2058 2772 ea

1177 2783 1285 2808 tamen
1309 2774 1400 2819 lege,
1425 2785 1462 2808 ut
1485 2786 1552 2810 non
1576 2776 1632 2819 ipfi
1647 2802 1658 2818 ‚
1684 2778 1737 2812 sed
1759 2790 1815 2823 per
1827 2782 1913 2825 ipsos
1931 2786 2058 2828 prasen-

1177 2833 1264 2858 tatus
1278 2824 1441 2868 Episcopo
1454 2849 1470 2865 ,⁴
1490 2827 1525 2860 &
1543 2825 1585 2860 ab
1597 2827 1760 2872 Episcopo
1782 2831 1950 2868 institutus
1970 2835 2061 2871 Pres-

1178 2873 1271 2916 byter
1284 2885 1406 2919 regeret
1419 2874 1476 2910 ista
1490 2875 1615 2910 Altaria
1629 2902 1640 2918 ,
1666 2878 1814 2914 fratribus
1833 2881 1875 2916 de
1896 2892 2059 2928 tempora-

1176 2923 1257 2956 lium
1271 2948 1281 2964 ,
1310 2925 1471 2968 Episcopo
1485 2926 1526 2960 de
1537 2927 1721 2962 animarum⁴
1731 2940 1806 2964 cura
1827 2934 2031 2976 responsurus
2045 2961 2053 2969 .

1176 2973 1231 3008 Ut
1244 2985 1340 3016 quem
1352 2974 1371 3008 ὲ
1382 2975 1445 3009 suis
1455 2976 1606 3011 fratribus
1616 2980 1802 3021 praesentare
1811 2983 1929 3024 poffint
1938 3009 1949 3024 ‚
1975 2997 2053 3019 cun-

1176 3024 1232 3056 ctis
1253 3024 1516 3060 mendicantibus
1539 3027 1672 3062 indulsit
1692 3028 1776 3063 Pius·
1793 3032 1943 3074 quintus.
1972 3035 2053 3071 Hoc

1174 3074 1207 3106 in
1220 3074 1292 3107 casu
1304 3073 1473 3120 derogavit
1485 3074 1698 3111 saluberrimae
1705 3081 1932 3115 constitutioni
1955 3084 2052 3126 Joan.

1175 3122 1224 3157 nis
1251 3123 1392 3167 vigesimi
1414 3125 1564 3160 secundi:
1593 3128 1778 3170 Prffl’ssorem
1790 3131 1947 3170 cujuslibet
1968 3147 2051 3169 men.

2071 2912 2169 2945 Const.
2178 2928 2227 2953 47.

238 3168 282 3201 Et
303 3167 436 3210 quidem
459 3165 494 3199 in
507 3166 580 3200 solo
590 3166 663 3199 casu
674 3164 796 3198 laudati
809 3164 957 3198 Concilii
983 3160 1114 3201 Rotho-
1174 3175 1336 3205 dicantium
1348 3176 1472 3208 Ordinis
1483 3176 1689 3218 ad‘inferiores
1701 3177 1935 3215 cathedralibus
1947 3187 2047 3218 Eccle-

236 3217 413 3262 magensis.
442 3214 595 3259 Episcopi
606 3214 665 3248 sub
676 3214 856 3256 Capitulo,
884 3214 1040 3258 uticaput
1053 3217 1111 3250 sub
1167 3222 1396 3265 fiaspostulart‚
1421 3226 1530 3258 Editio
1552 3235 1696 3268 perpetuo
1711 3227 1923 3268 probibemus.
1946 3234 2048 3283 Qod

235 3278 371 3310 corpore
392 3291 402 3307 ‚
428 3264 774 3309 comprehenduntur,
800 3263 941 3307 ideoque
966 3265 1109 3309 gaudent

236 3315 381 3359 Capituli
405 3315 487 3359 jure.

285 3366 409 3402 Veram
422 3366 507 3400 inter
527 3360 717 3399 Monachus
729 3362 768 3398 de
778 3362 885 3398 Platea
897 3384 908 3402 ‚
932 3364 987 3407 qui
1000 3376 1109 3410 quam-

1172 3274 1274 3306 etiam.
1284 3273 1387 3317 Hugo
1401 3275 1665 3318 Lugdunensium
1682 3277 1809 3311 Prima:
1820 3302 1837 3319 ,
1857 3291 1895 3315 ac
1907 3282 2053 3327 Aposto«

1172 3322 1240 3355 Iicae
1260 3324 1350 3356 Sedis
1373 3324 1406 3357 in
1430 3324 1539 3358 Gallia
1563 3324 1717 3359 Vicarius
1734 3351 1745 3366 ‚
1771 3339 1903 3365 omnem
1929 3333 2198 3378 Mona--A-1094.

1172 3371 1272 3406 elium
1294 3373 1433 3408 sanxerit
1455 3374 1494 3409 ad
1521 3374 1720 3410 parochialis
1732 3377 1881 3415 Ecclefiae
1899 3385 2048 3428 regimen

1935 3435 1999 3468 esse
