<?xml version="1.0" encoding="UTF-8"?>
<!DOCTYPE html PUBLIC "-//W3C//DTD XHTML 1.0 Transitional//EN"
    "http://www.w3.org/TR/xhtml1/DTD/xhtml1-transitional.dtd">
<html xmlns="http://www.w3.org/1999/xhtml" xml:lang="en" lang="en">
 <head>
  <title>
</title>
<meta http-equiv="Content-Type" content="text/html;charset=utf-8" />
  <meta name='ocr-system' content='tesseract 3.04.00' />
  <meta name='ocr-capabilities' content='ocr_page ocr_carea ocr_par ocr_line ocrx_word'/>
</head>
<body>
  <div class='ocr_page' id='page_1' title='image "./operaomniastudio06lupuuoft_0056.png"; bbox 0 0 2372 3756; ppageno 0'>
   <div class='ocr_carea' id='block_1_1' title="bbox 273 212 1158 509">
    <p class='ocr_par' dir='ltr' id='par_1_1' title="bbox 273 212 1158 509">
     <span class='ocr_line' id='line_1_1' title="bbox 274 212 1158 265; baseline -0.014 -8"><span class='ocrx_word' id='word_1_1' title='bbox 274 223 366 265; x_wconf 77' lang='lat' dir='ltr'>noster</span> <span class='ocrx_word' id='word_1_2' title='bbox 378 248 388 264; x_wconf 89' lang='lat'>‚</span> <span class='ocrx_word' id='word_1_3' title='bbox 414 220 468 255; x_wconf 82' lang='lat' dir='ltr'>ribi</span> <span class='ocrx_word' id='word_1_4' title='bbox 474 225 597 262; x_wconf 80' lang='lat' dir='ltr'>peccata</span> <span class='ocrx_word' id='word_1_5' title='bbox 610 226 663 251; x_wconf 78' lang='lat' dir='ltr'>tua</span> <span class='ocrx_word' id='word_1_6' title='bbox 672 215 824 259; x_wconf 77' lang='lat' dir='ltr'>confitenti</span> <span class='ocrx_word' id='word_1_7' title='bbox 832 240 843 256; x_wconf 89' lang='lat'>,</span> <span class='ocrx_word' id='word_1_8' title='bbox 865 224 922 258; x_wconf 86' lang='lat' dir='ltr'>per</span> <span class='ocrx_word' id='word_1_9' title='bbox 933 212 1158 255; x_wconf 79' lang='lat' dir='ltr'>Ecclefiasticam</span> 
     </span>
     <span class='ocr_line' id='line_1_2' title="bbox 276 266 1157 315; baseline -0.011 -10"><span class='ocrx_word' id='word_1_10' title='bbox 276 273 442 315; x_wconf 74' lang='lat' dir='ltr'>Apostolicae</span> <span class='ocrx_word' id='word_1_11' title='bbox 466 268 649 302; x_wconf 66' lang='lat' dir='ltr'>auctoritatis</span> <span class='ocrx_word' id='word_1_12' title='bbox 666 266 838 309; x_wconf 76' lang='lat' dir='ltr'>potestatem</span> <span class='ocrx_word' id='word_1_13' title='bbox 864 288 875 305; x_wconf 91' lang='lat'>,</span> <span class='ocrx_word' id='word_1_14' title='bbox 902 276 992 306; x_wconf 78' lang='lat' dir='ltr'>quam</span> <span class='ocrx_word' id='word_1_15' title='bbox 1014 267 1157 296; x_wconf 76' lang='lat' dir='ltr'><em>Dominus</em></span> 
     </span>
     <span class='ocr_line' id='line_1_3' title="bbox 274 313 1154 365; baseline -0.013 -9"><span class='ocrx_word' id='word_1_16' title='bbox 274 323 365 364; x_wconf 81' lang='lat' dir='ltr'>noster</span> <span class='ocrx_word' id='word_1_17' title='bbox 378 319 512 365; x_wconf 85' lang='lat' dir='ltr'>JESUS</span> <span class='ocrx_word' id='word_1_18' title='bbox 524 316 654 356; x_wconf 82' lang='lat' dir='ltr'>cbristus</span> <span class='ocrx_word' id='word_1_19' title='bbox 679 317 809 349; x_wconf 85' lang='lat' dir='ltr'>tradidit</span> <span class='ocrx_word' id='word_1_20' title='bbox 821 313 979 357; x_wconf 75' lang='lat' dir='ltr'>Diftipulis</span> <span class='ocrx_word' id='word_1_21' title='bbox 991 315 1026 348; x_wconf 60' lang='grc' dir='ltr'>Θ</span> <span class='ocrx_word' id='word_1_22' title='bbox 1047 314 1154 356; x_wconf 76' lang='lat' dir='ltr'>Aposto-</span> 
     </span>
     <span class='ocr_line' id='line_1_4' title="bbox 275 363 1157 414; baseline -0.008 -9"><span class='ocrx_word' id='word_1_23' title='bbox 275 371 383 414; x_wconf 82' lang='lat' dir='ltr'>lissuis</span> <span class='ocrx_word' id='word_1_24' title='bbox 395 372 517 409; x_wconf 81' lang='lat' dir='ltr'>dicens,</span> <span class='ocrx_word' id='word_1_25' title='bbox 539 366 764 402; x_wconf 86' lang='lat' dir='ltr'>ACCIPITE</span> <span class='ocrx_word' id='word_1_26' title='bbox 783 363 1025 401; x_wconf 77' lang='lat' dir='ltr'>SPIRITUM</span> <span class='ocrx_word' id='word_1_27' title='bbox 1052 364 1157 398; x_wconf 86' lang='lat' dir='ltr'>SAN-</span> 
     </span>
     <span class='ocr_line' id='line_1_5' title="bbox 275 413 1157 466; baseline -0.011 -10"><span class='ocrx_word' id='word_1_28' title='bbox 275 421 429 456; x_wconf 84' lang='lat' dir='ltr'><strong>CTUM</strong></span> <span class='ocrx_word' id='word_1_29' title='bbox 443 442 453 459; x_wconf 89' lang='lat'><strong>,</strong></span> <span class='ocrx_word' id='word_1_30' title='bbox 473 417 703 466; x_wconf 73' lang='lat' dir='ltr'><strong>QUORUM</strong></span> <span class='ocrx_word' id='word_1_31' title='bbox 723 413 1026 449; x_wconf 79' lang='lat' dir='ltr'>REMISERITIS</span> <span class='ocrx_word' id='word_1_32' title='bbox 1052 413 1157 447; x_wconf 84' lang='lat' dir='ltr'>PEC-</span> 
     </span>
     <span class='ocr_line' id='line_1_6' title="bbox 273 461 1158 509; baseline -0.011 -4"><span class='ocrx_word' id='word_1_33' title='bbox 273 469 409 505; x_wconf 82' lang='lat' dir='ltr'><strong>CATA</strong></span> <span class='ocrx_word' id='word_1_34' title='bbox 420 493 430 509; x_wconf 94' lang='lat'>‚</span> <span class='ocrx_word' id='word_1_35' title='bbox 459 464 839 503; x_wconf 80' lang='lat' dir='ltr'>REMITTENTUR</span> <span class='ocrx_word' id='word_1_36' title='bbox 868 463 933 498; x_wconf 85' lang='lat' dir='ltr'>EIS</span> <span class='ocrx_word' id='word_1_37' title='bbox 944 487 951 495; x_wconf 94' lang='lat'>.</span> <span class='ocrx_word' id='word_1_38' title='bbox 977 465 1023 496; x_wconf 84' lang='lat' dir='ltr'>Et</span> <span class='ocrx_word' id='word_1_39' title='bbox 1035 471 1090 505; x_wconf 88' lang='lat' dir='ltr'>per</span> <span class='ocrx_word' id='word_1_40' title='bbox 1100 461 1158 506; x_wconf 69' lang='lat' dir='ltr'>eost</span> 
     </span>
    </p>
   </div>
   <div class='ocr_carea' id='block_1_2' title="bbox 273 513 1160 613">
    <p class='ocr_par' dir='ltr' id='par_1_2' title="bbox 273 513 1160 613">
     <span class='ocr_line' id='line_1_7' title="bbox 273 513 1160 563; baseline -0.011 -8"><span class='ocrx_word' id='word_1_41' title='bbox 273 522 341 555; x_wconf 80' lang='lat' dir='ltr'>dem</span> <span class='ocrx_word' id='word_1_42' title='bbox 353 519 491 563; x_wconf 81' lang='lat' dir='ltr'>Apostolos</span> <span class='ocrx_word' id='word_1_43' title='bbox 501 517 567 561; x_wconf 69' lang='lat' dir='ltr'>suot</span> <span class='ocrx_word' id='word_1_44' title='bbox 578 515 705 560; x_wconf 69' lang='lat' dir='ltr'>ipsorum</span> <span class='ocrx_word' id='word_1_45' title='bbox 735 513 933 559; x_wconf 79' lang='lat' dir='ltr'>succeffort‘bus</span> <span class='ocrx_word' id='word_1_46' title='bbox 945 538 956 554; x_wconf 93' lang='lat'>‚</span> <span class='ocrx_word' id='word_1_47' title='bbox 981 525 1102 556; x_wconf 84' lang='lat' dir='ltr'>quorum</span> <span class='ocrx_word' id='word_1_48' title='bbox 1114 519 1160 545; x_wconf 84' lang='lat' dir='ltr'>vi-</span> 
     </span>
     <span class='ocr_line' id='line_1_8' title="bbox 273 563 1159 613; baseline -0.012 -8"><span class='ocrx_word' id='word_1_49' title='bbox 273 582 319 605; x_wconf 79' lang='lat' dir='ltr'>ces</span> <span class='ocrx_word' id='word_1_50' title='bbox 338 572 405 604; x_wconf 75' lang='lat' dir='ltr'>licet</span> <span class='ocrx_word' id='word_1_51' title='bbox 415 571 529 613; x_wconf 82' lang='lat' dir='ltr'>indigni</span> <span class='ocrx_word' id='word_1_52' title='bbox 552 578 705 605; x_wconf 83' lang='lat' dir='ltr'>tenemus,</span> <span class='ocrx_word' id='word_1_53' title='bbox 734 566 860 600; x_wconf 83' lang='lat' dir='ltr'>eandem</span> <span class='ocrx_word' id='word_1_54' title='bbox 881 563 1048 606; x_wconf 81' lang='lat' dir='ltr'>potestatem</span> <span class='ocrx_word' id='word_1_55' title='bbox 1068 564 1159 595; x_wconf 82' lang='lat' dir='ltr'>dona-</span> 
     </span>
    </p>
   </div>
   <div class='ocr_carea' id='block_1_3' title="bbox 131 612 1159 1912">
    <p class='ocr_par' dir='ltr' id='par_1_3' title="bbox 131 612 1159 1912">
     <span class='ocr_line' id='line_1_9' title="bbox 272 612 1159 659; baseline -0.012 -5"><span class='ocrx_word' id='word_1_56' title='bbox 272 627 339 654; x_wconf 81' lang='lat' dir='ltr'>vit.</span> <span class='ocrx_word' id='word_1_57' title='bbox 361 625 473 653; x_wconf 83' lang='lat' dir='ltr'>Gratia</span> <span class='ocrx_word' id='word_1_58' title='bbox 483 621 656 659; x_wconf 74' lang='lat' dir='ltr'>&amp;potentia</span> <span class='ocrx_word' id='word_1_59' title='bbox 674 614 732 659; x_wconf 87' lang='lat' dir='ltr'>sua</span> <span class='ocrx_word' id='word_1_60' title='bbox 755 622 867 649; x_wconf 87' lang='lat' dir='ltr'>virtute</span> <span class='ocrx_word' id='word_1_61' title='bbox 888 617 1019 656; x_wconf 75' lang='lat' dir='ltr'>spiritus</span> <span class='ocrx_word' id='word_1_62' title='bbox 1040 612 1159 651; x_wconf 68' lang='lat' dir='ltr'>saneti,</span> 
     </span>
     <span class='ocr_line' id='line_1_10' title="bbox 273 662 1159 713; baseline -0.01 -11"><span class='ocrx_word' id='word_1_63' title='bbox 273 677 324 713; x_wconf 85' lang='lat' dir='ltr'>qui</span> <span class='ocrx_word' id='word_1_64' title='bbox 334 671 371 710; x_wconf 82' lang='lat' dir='ltr'>est</span> <span class='ocrx_word' id='word_1_65' title='bbox 383 670 498 710; x_wconf 83' lang='lat' dir='ltr'>rcmiffio</span> <span class='ocrx_word' id='word_1_66' title='bbox 509 672 636 707; x_wconf 70' lang='lat' dir='ltr'>omnium</span> <span class='ocrx_word' id='word_1_67' title='bbox 641 675 844 708; x_wconf 82' lang='lat' dir='ltr'>peccatorum,</span> <span class='ocrx_word' id='word_1_68' title='bbox 873 665 1010 697; x_wconf 81' lang='lat' dir='ltr'>dimittat</span> <span class='ocrx_word' id='word_1_69' title='bbox 1036 662 1091 695; x_wconf 80' lang='lat' dir='ltr'>tibi</span> <span class='ocrx_word' id='word_1_70' title='bbox 1104 673 1159 694; x_wconf 90' lang='lat' dir='ltr'>om-</span> 
     </span>
     <span class='ocr_line' id='line_1_11' title="bbox 273 712 1159 761; baseline -0.011 -8"><span class='ocrx_word' id='word_1_71' title='bbox 273 726 328 754; x_wconf 76' lang='lat' dir='ltr'>nia</span> <span class='ocrx_word' id='word_1_72' title='bbox 338 726 457 761; x_wconf 80' lang='lat' dir='ltr'>peccata</span> <span class='ocrx_word' id='word_1_73' title='bbox 470 729 543 756; x_wconf 84' lang='lat' dir='ltr'>tua,</span> <span class='ocrx_word' id='word_1_74' title='bbox 567 717 669 750; x_wconf 86' lang='lat' dir='ltr'>liberet</span> <span class='ocrx_word' id='word_1_75' title='bbox 679 725 708 749; x_wconf 84' lang='lat' dir='ltr'>te</span> <span class='ocrx_word' id='word_1_76' title='bbox 728 716 766 749; x_wconf 85' lang='lat' dir='ltr'>ab</span> <span class='ocrx_word' id='word_1_77' title='bbox 788 721 866 747; x_wconf 89' lang='lat' dir='ltr'>omni</span> <span class='ocrx_word' id='word_1_78' title='bbox 886 715 984 754; x_wconf 82' lang='lat' dir='ltr'>malo,</span> <span class='ocrx_word' id='word_1_79' title='bbox 1009 712 1159 755; x_wconf 85' lang='lat' dir='ltr'>conservet</span> 
     </span>
     <span class='ocr_line' id='line_1_12' title="bbox 271 763 1159 809; baseline -0.011 -6"><span class='ocrx_word' id='word_1_80' title='bbox 271 777 306 804; x_wconf 75' lang='lat' dir='ltr'>in</span> <span class='ocrx_word' id='word_1_81' title='bbox 317 775 394 802; x_wconf 84' lang='lat' dir='ltr'>omni</span> <span class='ocrx_word' id='word_1_82' title='bbox 407 769 479 802; x_wconf 83' lang='lat' dir='ltr'>bono</span> <span class='ocrx_word' id='word_1_83' title='bbox 492 793 501 807; x_wconf 91' lang='lat'>,</span> <span class='ocrx_word' id='word_1_84' title='bbox 528 769 561 801; x_wconf 70' lang='grc' dir='ltr'>ὡ·</span> <span class='ocrx_word' id='word_1_85' title='bbox 571 769 715 809; x_wconf 80' lang='lat' dir='ltr'>perducat</span> <span class='ocrx_word' id='word_1_86' title='bbox 731 775 759 798; x_wconf 81' lang='lat' dir='ltr'>te</span> <span class='ocrx_word' id='word_1_87' title='bbox 771 768 813 797; x_wconf 85' lang='lat' dir='ltr'>aol</span> <span class='ocrx_word' id='word_1_88' title='bbox 822 770 922 798; x_wconf 83' lang='lat' dir='ltr'>vitam</span> <span class='ocrx_word' id='word_1_89' title='bbox 935 772 1079 796; x_wconf 81' lang='lat' dir='ltr'>aeternam</span> <span class='ocrx_word' id='word_1_90' title='bbox 1088 784 1099 800; x_wconf 86' lang='lat'>‚</span> <span class='ocrx_word' id='word_1_91' title='bbox 1124 763 1159 797; x_wconf 63' lang='grc' dir='ltr'><em>Θ</em></span> 
     </span>
     <span class='ocr_line' id='line_1_13' title="bbox 271 811 1158 859; baseline -0.006 -7"><span class='ocrx_word' id='word_1_92' title='bbox 271 820 443 853; x_wconf 73' lang='lat' dir='ltr'>sanc‘lorum</span> <span class='ocrx_word' id='word_1_93' title='bbox 468 819 654 852; x_wconf 83' lang='lat' dir='ltr'><em>sacerdotum</em></span> <span class='ocrx_word' id='word_1_94' title='bbox 678 814 852 859; x_wconf 75' lang='lat' dir='ltr'><em>consortium</em></span> <span class='ocrx_word' id='word_1_95' title='bbox 875 840 882 846; x_wconf 91' lang='lat'>.</span> <span class='ocrx_word' id='word_1_96' title='bbox 922 812 1063 846; x_wconf 89' lang='lat' dir='ltr'>Videtur</span> <span class='ocrx_word' id='word_1_97' title='bbox 1089 811 1158 847; x_wconf 90' lang='lat' dir='ltr'>Ro-</span> 
     </span>
     <span class='ocr_line' id='line_1_14' title="bbox 272 862 1157 912; baseline -0.008 -9"><span class='ocrx_word' id='word_1_98' title='bbox 272 868 380 903; x_wconf 81' lang='lat' dir='ltr'>bertns</span> <span class='ocrx_word' id='word_1_99' title='bbox 400 870 435 903; x_wconf 76' lang='grc' dir='ltr'>δε</span> <span class='ocrx_word' id='word_1_100' title='bbox 462 868 584 912; x_wconf 75' lang='lat' dir='ltr'>petiisse</span> <span class='ocrx_word' id='word_1_101' title='bbox 610 869 643 902; x_wconf 78' lang='grc' dir='ltr'>δε</span> <span class='ocrx_word' id='word_1_102' title='bbox 670 865 823 908; x_wconf 74' lang='lat' dir='ltr'>accepisse</span> <span class='ocrx_word' id='word_1_103' title='bbox 851 862 1024 897; x_wconf 79' lang='lat' dir='ltr'>Viaticum</span> <span class='ocrx_word' id='word_1_104' title='bbox 1051 863 1157 897; x_wconf 85' lang='lat' dir='ltr'>Sacra-</span> 
     </span>
     <span class='ocr_line' id='line_1_15' title="bbox 269 912 1158 953; baseline -0.009 1"><span class='ocrx_word' id='word_1_105' title='bbox 269 919 423 953; x_wconf 87' lang='lat' dir='ltr'>mentalis</span> <span class='ocrx_word' id='word_1_106' title='bbox 443 918 661 953; x_wconf 82' lang='lat' dir='ltr'>absolutionis</span> <span class='ocrx_word' id='word_1_107' title='bbox 675 941 682 948; x_wconf 94' lang='lat'>.</span> <span class='ocrx_word' id='word_1_108' title='bbox 710 916 784 949; x_wconf 87' lang='lat' dir='ltr'>Nec</span> <span class='ocrx_word' id='word_1_109' title='bbox 803 915 899 948; x_wconf 82' lang='lat' dir='ltr'>refert</span> <span class='ocrx_word' id='word_1_110' title='bbox 921 913 1029 947; x_wconf 78' lang='lat' dir='ltr'>datam</span> <span class='ocrx_word' id='word_1_111' title='bbox 1049 912 1081 945; x_wconf 90' lang='lat' dir='ltr'>in</span> <span class='ocrx_word' id='word_1_112' title='bbox 1094 913 1158 947; x_wconf 90' lang='lat' dir='ltr'>for-</span> 
     </span>
     <span class='ocr_line' id='line_1_16' title="bbox 269 962 1159 1012; baseline -0.01 -7"><span class='ocrx_word' id='word_1_113' title='bbox 269 981 322 1005; x_wconf 84' lang='lat' dir='ltr'>ma</span> <span class='ocrx_word' id='word_1_114' title='bbox 346 969 564 1012; x_wconf 82' lang='lat' dir='ltr'>deprecativa:</span> <span class='ocrx_word' id='word_1_115' title='bbox 592 967 642 1001; x_wconf 83' lang='lat' dir='ltr'>Ita</span> <span class='ocrx_word' id='word_1_116' title='bbox 667 965 757 998; x_wconf 89' lang='lat' dir='ltr'>enim</span> <span class='ocrx_word' id='word_1_117' title='bbox 780 964 860 998; x_wconf 86' lang='lat' dir='ltr'>olim</span> <span class='ocrx_word' id='word_1_118' title='bbox 885 962 1083 997; x_wconf 73' lang='lat' dir='ltr'>consuevisse</span> <span class='ocrx_word' id='word_1_119' title='bbox 1109 963 1159 996; x_wconf 87' lang='lat' dir='ltr'>est</span> 
     </span>
     <span class='ocr_line' id='line_1_17' title="bbox 267 1012 1156 1059; baseline -0.009 -5"><span class='ocrx_word' id='word_1_120' title='bbox 267 1016 616 1059; x_wconf 79' lang='lat' dir='ltr'>certun1‚multisque</span> <span class='ocrx_word' id='word_1_121' title='bbox 638 1015 838 1050; x_wconf 86' lang='lat' dir='ltr'>demonstrat</span> <span class='ocrx_word' id='word_1_122' title='bbox 860 1013 893 1047; x_wconf 88' lang='lat' dir='ltr'>in</span> <span class='ocrx_word' id='word_1_123' title='bbox 919 1024 1017 1056; x_wconf 83' lang='lat' dir='ltr'>opere</span> <span class='ocrx_word' id='word_1_124' title='bbox 1042 1012 1083 1046; x_wconf 89' lang='lat' dir='ltr'>de</span> <span class='ocrx_word' id='word_1_125' title='bbox 1094 1023 1156 1055; x_wconf 70' lang='grc' dir='ltr'>Ρω-</span> 
     </span>
     <span class='ocr_line' id='line_1_18' title="bbox 266 1062 1156 1111; baseline -0.008 -8"><span class='ocrx_word' id='word_1_126' title='bbox 266 1069 406 1103; x_wconf 75' lang='lat' dir='ltr'>nitentia</span> <span class='ocrx_word' id='word_1_127' title='bbox 427 1069 570 1111; x_wconf 62' lang='lat' dir='ltr'>joannes</span> <span class='ocrx_word' id='word_1_128' title='bbox 590 1066 744 1099; x_wconf 87' lang='lat' dir='ltr'>Morinus</span> <span class='ocrx_word' id='word_1_129' title='bbox 765 1090 773 1098; x_wconf 94' lang='lat'>.</span> <span class='ocrx_word' id='word_1_130' title='bbox 811 1062 965 1098; x_wconf 86' lang='lat' dir='ltr'>Laudatae</span> <span class='ocrx_word' id='word_1_131' title='bbox 1001 1062 1156 1106; x_wconf 84' lang='lat' dir='ltr'>Epistolae</span> 
     </span>
     <span class='ocr_line' id='line_1_19' title="bbox 267 1113 1157 1157; baseline -0.008 -4"><span class='ocrx_word' id='word_1_132' title='bbox 267 1119 399 1153; x_wconf 84' lang='lat' dir='ltr'>exstant</span> <span class='ocrx_word' id='word_1_133' title='bbox 416 1119 449 1151; x_wconf 89' lang='lat' dir='ltr'>in</span> <span class='ocrx_word' id='word_1_134' title='bbox 479 1117 596 1150; x_wconf 83' lang='lat' dir='ltr'>Galliae</span> <span class='ocrx_word' id='word_1_135' title='bbox 620 1115 784 1150; x_wconf 86' lang='lat' dir='ltr'>Conciliis</span> <span class='ocrx_word' id='word_1_136' title='bbox 802 1114 887 1157; x_wconf 84' lang='lat' dir='ltr'>apud</span> <span class='ocrx_word' id='word_1_137' title='bbox 911 1113 1067 1157; x_wconf 85' lang='lat' dir='ltr'>Jacobum</span> <span class='ocrx_word' id='word_1_138' title='bbox 1094 1113 1157 1147; x_wconf 86' lang='lat' dir='ltr'>Sir-</span> 
     </span>
     <span class='ocr_line' id='line_1_20' title="bbox 266 1163 1157 1203; baseline -0.009 0"><span class='ocrx_word' id='word_1_139' title='bbox 266 1169 446 1203; x_wconf 84' lang='lat' dir='ltr'>mondum.</span> <span class='ocrx_word' id='word_1_140' title='bbox 475 1164 519 1200; x_wconf 86' lang='lat' dir='ltr'>Et</span> <span class='ocrx_word' id='word_1_141' title='bbox 542 1167 582 1201; x_wconf 91' lang='lat' dir='ltr'>de</span> <span class='ocrx_word' id='word_1_142' title='bbox 604 1167 790 1200; x_wconf 85' lang='lat' dir='ltr'>Hincmaro</span> <span class='ocrx_word' id='word_1_143' title='bbox 813 1163 1022 1199; x_wconf 82' lang='lat' dir='ltr'>Remenfium</span> <span class='ocrx_word' id='word_1_144' title='bbox 1034 1163 1157 1197; x_wconf 82' lang='lat' dir='ltr'>Metro-</span> 
     </span>
     <span class='ocr_line' id='line_1_21' title="bbox 266 1212 1155 1262; baseline -0.008 -10"><span class='ocrx_word' id='word_1_145' title='bbox 266 1219 367 1262; x_wconf 85' lang='lat' dir='ltr'>polita</span> <span class='ocrx_word' id='word_1_146' title='bbox 394 1216 502 1251; x_wconf 77' lang='lat' dir='ltr'>scribit</span> <span class='ocrx_word' id='word_1_147' title='bbox 522 1217 555 1250; x_wconf 89' lang='lat' dir='ltr'>in</span> <span class='ocrx_word' id='word_1_148' title='bbox 578 1215 722 1260; x_wconf 79' lang='lat' dir='ltr'>ejusdem</span> <span class='ocrx_word' id='word_1_149' title='bbox 749 1215 899 1249; x_wconf 81' lang='lat' dir='ltr'>Ecclefiae</span> <span class='ocrx_word' id='word_1_150' title='bbox 921 1212 1055 1247; x_wconf 86' lang='lat' dir='ltr'>historia</span> <span class='ocrx_word' id='word_1_151' title='bbox 1067 1213 1155 1251; x_wconf 82' lang='lat' dir='ltr'>Pres-</span> 
     </span>
     <span class='ocr_line' id='line_1_22' title="bbox 250 1262 1154 1313; baseline -0.011 -9"><span class='ocrx_word' id='word_1_152' title='bbox 250 1269 359 1313; x_wconf 85' lang='lat' dir='ltr'>-byter</span> <span class='ocrx_word' id='word_1_153' title='bbox 381 1268 584 1303; x_wconf 83' lang='lat' dir='ltr'>Flodoardus</span> <span class='ocrx_word' id='word_1_154' title='bbox 608 1279 615 1298; x_wconf 71' lang='grc' dir='ltr'>ε</span> <span class='ocrx_word' id='word_1_155' title='bbox 657 1271 838 1300; x_wconf 86' lang='lat' dir='ltr'>Hincmarus</span> <span class='ocrx_word' id='word_1_156' title='bbox 856 1262 969 1306; x_wconf 79' lang='lat' dir='ltr'>scripsit</span> <span class='ocrx_word' id='word_1_157' title='bbox 988 1263 1154 1296; x_wconf 82' lang='lat' dir='ltr'>exhortato-</span> 
     </span>
     <span class='ocr_line' id='line_1_23' title="bbox 265 1312 1154 1362; baseline -0.011 -9"><span class='ocrx_word' id='word_1_158' title='bbox 265 1326 343 1353; x_wconf 70' lang='lat' dir='ltr'>riam</span> <span class='ocrx_word' id='word_1_159' title='bbox 366 1318 526 1362; x_wconf 69' lang='lat' dir='ltr'>Epssola&#39;m</span> <span class='ocrx_word' id='word_1_160' title='bbox 551 1318 594 1351; x_wconf 78' lang='lat' dir='ltr'>ad</span> <span class='ocrx_word' id='word_1_161' title='bbox 614 1315 822 1350; x_wconf 79' lang='lat' dir='ltr'>Hildebaldum</span> <span class='ocrx_word' id='word_1_162' title='bbox 844 1312 1059 1356; x_wconf 78' lang='lat' dir='ltr'>Sueffionensem</span> <span class='ocrx_word' id='word_1_163' title='bbox 1079 1316 1154 1353; x_wconf 85' lang='lat' dir='ltr'>Epi-</span> 
     </span>
     <span class='ocr_line' id='line_1_24' title="bbox 131 1357 1154 1413; baseline -0.011 -9"><span class='ocrx_word' id='word_1_164' title='bbox 131 1369 157 1385; x_wconf 77' lang='lat'>²&#39;</span> <span class='ocrx_word' id='word_1_165' title='bbox 188 1357 247 1382; x_wconf 49' lang='grc' dir='ltr'>ἠ’</span> <span class='ocrx_word' id='word_1_166' title='bbox 259 1369 380 1413; x_wconf 75' lang='lat' dir='ltr'>scopum</span> <span class='ocrx_word' id='word_1_167' title='bbox 401 1393 412 1410; x_wconf 89' lang='lat'>,</span> <span class='ocrx_word' id='word_1_168' title='bbox 451 1376 585 1410; x_wconf 81' lang='lat' dir='ltr'>corporea</span> <span class='ocrx_word' id='word_1_169' title='bbox 614 1368 787 1409; x_wconf 83' lang='lat' dir='ltr'>infirmitate</span> <span class='ocrx_word' id='word_1_170' title='bbox 813 1365 967 1397; x_wconf 81' lang='lat' dir='ltr'>detentum</span> <span class='ocrx_word' id='word_1_171' title='bbox 988 1387 999 1402; x_wconf 86' lang='lat'>‚</span> <span class='ocrx_word' id='word_1_172' title='bbox 1037 1368 1068 1394; x_wconf 84' lang='lat' dir='ltr'>in</span> <span class='ocrx_word' id='word_1_173' title='bbox 1094 1373 1154 1404; x_wconf 81' lang='lat' dir='ltr'>qua</span> 
     </span>
     <span class='ocr_line' id='line_1_25' title="bbox 257 1410 1155 1461; baseline -0.012 -8"><span class='ocrx_word' id='word_1_174' title='bbox 257 1424 355 1461; x_wconf 71' lang='lat' dir='ltr'>juxta</span> <span class='ocrx_word' id='word_1_175' title='bbox 373 1423 546 1460; x_wconf 76' lang='lat' dir='ltr'><em>petitionem</em></span> <span class='ocrx_word' id='word_1_176' title='bbox 567 1418 734 1450; x_wconf 83' lang='lat' dir='ltr'>litterarum</span> <span class='ocrx_word' id='word_1_177' title='bbox 757 1414 932 1455; x_wconf 75' lang='lat' dir='ltr'>conftffionis</span> <span class='ocrx_word' id='word_1_178' title='bbox 957 1413 1037 1445; x_wconf 77' lang='lat' dir='ltr'>illius</span> <span class='ocrx_word' id='word_1_179' title='bbox 1059 1434 1081 1451; x_wconf 23' lang='lat'>‚¹</span> <span class='ocrx_word' id='word_1_180' title='bbox 1105 1410 1155 1444; x_wconf 84' lang='lat' dir='ltr'>ab·</span> 
     </span>
     <span class='ocr_line' id='line_1_26' title="bbox 258 1459 1155 1514; baseline -0.01 -12"><span class='ocrx_word' id='word_1_181' title='bbox 258 1469 352 1514; x_wconf 76' lang='lat' dir='ltr'>solvit</span> <span class='ocrx_word' id='word_1_182' title='bbox 373 1480 438 1502; x_wconf 88' lang='lat' dir='ltr'>eum</span> <span class='ocrx_word' id='word_1_183' title='bbox 450 1468 682 1504; x_wconf 84' lang='lat' dir='ltr'>reconciliando,</span> <span class='ocrx_word' id='word_1_184' title='bbox 709 1465 775 1498; x_wconf 83' lang='lat' dir='ltr'>licet</span> <span class='ocrx_word' id='word_1_185' title='bbox 787 1461 956 1505; x_wconf 78' lang='lat' dir='ltr'><em>absentem.</em></span> <span class='ocrx_word' id='word_1_186' title='bbox 987 1459 1155 1494; x_wconf 85' lang='lat' dir='ltr'>Hildebal-</span> 
     </span>
     <span class='ocr_line' id='line_1_27' title="bbox 262 1510 1154 1560; baseline -0.012 -7"><span class='ocrx_word' id='word_1_187' title='bbox 262 1521 323 1553; x_wconf 81' lang='lat' dir='ltr'>dus</span> <span class='ocrx_word' id='word_1_188' title='bbox 336 1544 346 1559; x_wconf 93' lang='lat'><em>‚</em></span> <span class='ocrx_word' id='word_1_189' title='bbox 372 1518 460 1560; x_wconf 78' lang='lat' dir='ltr'>quod</span> <span class='ocrx_word' id='word_1_190' title='bbox 473 1517 644 1550; x_wconf 85' lang='lat' dir='ltr'>infirmitas</span> <span class='ocrx_word' id='word_1_191' title='bbox 655 1523 806 1558; x_wconf 83' lang='lat' dir='ltr'>urgeret,</span> <span class='ocrx_word' id='word_1_192' title='bbox 832 1513 865 1545; x_wconf 75' lang='grc' dir='ltr'>δε</span> <span class='ocrx_word' id='word_1_193' title='bbox 878 1511 1013 1545; x_wconf 82' lang='lat' dir='ltr'>tardaret</span> <span class='ocrx_word' id='word_1_194' title='bbox 1028 1510 1154 1544; x_wconf 86' lang='lat' dir='ltr'>Metro-</span> 
     </span>
     <span class='ocr_line' id='line_1_28' title="bbox 263 1558 1154 1613; baseline -0.012 -10"><span class='ocrx_word' id='word_1_195' title='bbox 263 1570 365 1613; x_wconf 78' lang='lat' dir='ltr'>polira</span> <span class='ocrx_word' id='word_1_196' title='bbox 385 1567 589 1601; x_wconf 80' lang='lat' dir='ltr'>Hincmarus</span> <span class='ocrx_word' id='word_1_197' title='bbox 603 1589 614 1605; x_wconf 92' lang='lat'><strong><em>,</em></strong></span> <span class='ocrx_word' id='word_1_198' title='bbox 642 1565 758 1597; x_wconf 79' lang='lat' dir='ltr'>iterato</span> <span class='ocrx_word' id='word_1_199' title='bbox 782 1560 867 1595; x_wconf 77' lang='lat' dir='ltr'>milit</span> <span class='ocrx_word' id='word_1_200' title='bbox 887 1558 1080 1603; x_wconf 67' lang='lat' dir='ltr'>eundemfiaeae</span> <span class='ocrx_word' id='word_1_201' title='bbox 1090 1572 1154 1593; x_wconf 90' lang='lat' dir='ltr'>con-</span> 
     </span>
     <span class='ocr_line' id='line_1_29' title="bbox 256 1608 1154 1661; baseline -0.01 -10"><span class='ocrx_word' id='word_1_202' title='bbox 256 1613 386 1661; x_wconf 66' lang='lat' dir='ltr'>fiffionis</span> <span class='ocrx_word' id='word_1_203' title='bbox 399 1618 597 1652; x_wconf 81' lang='lat' dir='ltr'>breviculum,</span> <span class='ocrx_word' id='word_1_204' title='bbox 623 1613 749 1647; x_wconf 84' lang='lat' dir='ltr'>instans</span> <span class='ocrx_word' id='word_1_205' title='bbox 771 1611 828 1645; x_wconf 84' lang='lat' dir='ltr'>fibi</span> <span class='ocrx_word' id='word_1_206' title='bbox 845 1610 1020 1645; x_wconf 80' lang='lat' dir='ltr'>transmitti</span> <span class='ocrx_word' id='word_1_207' title='bbox 1043 1608 1154 1653; x_wconf 72' lang='lat' dir='ltr'>absolu-</span> 
     </span>
     <span class='ocr_line' id='line_1_30' title="bbox 263 1660 1154 1708; baseline -0.009 -7"><span class='ocrx_word' id='word_1_208' title='bbox 263 1676 356 1702; x_wconf 71' lang='lat' dir='ltr'>torias</span> <span class='ocrx_word' id='word_1_209' title='bbox 369 1669 488 1700; x_wconf 77' lang='lat' dir='ltr'>litteras</span> <span class='ocrx_word' id='word_1_210' title='bbox 501 1691 512 1706; x_wconf 92' lang='lat'><strong><em>‚</em></strong></span> <span class='ocrx_word' id='word_1_211' title='bbox 539 1674 640 1708; x_wconf 77' lang='lat' dir='ltr'>atque.</span> <span class='ocrx_word' id='word_1_212' title='bbox 655 1664 773 1698; x_wconf 19' lang='lat' dir='ltr'>itareas</span> <span class='ocrx_word' id='word_1_213' title='bbox 794 1661 930 1696; x_wconf 86' lang='lat' dir='ltr'>tandem</span> <span class='ocrx_word' id='word_1_214' title='bbox 947 1660 1074 1703; x_wconf 80' lang='lat' dir='ltr'>accepit</span> <span class='ocrx_word' id='word_1_215' title='bbox 1084 1660 1154 1695; x_wconf 81' lang='lat' dir='ltr'>istis</span> 
     </span>
     <span class='ocr_line' id='line_1_31' title="bbox 263 1711 1152 1760; baseline -0.01 -8"><span class='ocrx_word' id='word_1_216' title='bbox 263 1719 337 1760; x_wconf 61' lang='lat' dir='ltr'>ipsis</span> <span class='ocrx_word' id='word_1_217' title='bbox 359 1717 466 1751; x_wconf 87' lang='lat' dir='ltr'>verbis</span> <span class='ocrx_word' id='word_1_218' title='bbox 477 1742 487 1758; x_wconf 94' lang='lat'>,</span> <span class='ocrx_word' id='word_1_219' title='bbox 513 1715 633 1759; x_wconf 86' lang='lat' dir='ltr'>quibus</span> <span class='ocrx_word' id='word_1_220' title='bbox 647 1716 680 1748; x_wconf 73' lang='grc' dir='ltr'>ὅ(</span> <span class='ocrx_word' id='word_1_221' title='bbox 696 1713 864 1747; x_wconf 83' lang='lat' dir='ltr'>Robertus</span> <span class='ocrx_word' id='word_1_222' title='bbox 877 1711 1152 1746; x_wconf 80' lang='lat' dir='ltr'>Cenomanenfis.</span> 
     </span>
     <span class='ocr_line' id='line_1_32' title="bbox 262 1760 1151 1811; baseline -0.01 -8"><span class='ocrx_word' id='word_1_223' title='bbox 262 1767 420 1811; x_wconf 83' lang='lat' dir='ltr'>Videnda</span> <span class='ocrx_word' id='word_1_224' title='bbox 439 1767 484 1801; x_wconf 87' lang='lat' dir='ltr'>est</span> <span class='ocrx_word' id='word_1_225' title='bbox 510 1774 578 1799; x_wconf 83' lang='lat' dir='ltr'>tota</span> <span class='ocrx_word' id='word_1_226' title='bbox 601 1764 775 1798; x_wconf 83' lang='lat' dir='ltr'>Hincmari</span> <span class='ocrx_word' id='word_1_227' title='bbox 802 1761 967 1806; x_wconf 78' lang='lat' dir='ltr'>Epistola.</span> <span class='ocrx_word' id='word_1_228' title='bbox 990 1761 1100 1795; x_wconf 83' lang='lat' dir='ltr'>Etiam</span> <span class='ocrx_word' id='word_1_229' title='bbox 1113 1760 1151 1795; x_wconf 87' lang='lat' dir='ltr'>ad</span> 
     </span>
     <span class='ocr_line' id='line_1_33' title="bbox 262 1811 1152 1856; baseline -0.012 -1"><span class='ocrx_word' id='word_1_230' title='bbox 262 1818 463 1856; x_wconf 84' lang='lat' dir='ltr'>Remedium</span> <span class='ocrx_word' id='word_1_231' title='bbox 501 1813 770 1850; x_wconf 79' lang='lat' dir='ltr'>Lincolniensem</span> <span class='ocrx_word' id='word_1_232' title='bbox 810 1813 1008 1856; x_wconf 86' lang='lat' dir='ltr'>Episcopum</span> <span class='ocrx_word' id='word_1_233' title='bbox 1036 1811 1152 1854; x_wconf 80' lang='lat' dir='ltr'>scripsit</span> 
     </span>
     <span class='ocr_line' id='line_1_34' title="bbox 263 1863 1153 1912; baseline -0.012 -8"><span class='ocrx_word' id='word_1_234' title='bbox 263 1868 372 1904; x_wconf 82' lang='lat' dir='ltr'>noster</span> <span class='ocrx_word' id='word_1_235' title='bbox 396 1867 577 1912; x_wconf 81' lang='lat' dir='ltr'>Gregorius</span> <span class='ocrx_word' id='word_1_236' title='bbox 599 1878 608 1898; x_wconf 80' lang='lat' dir='ltr'>z</span> <span class='ocrx_word' id='word_1_237' title='bbox 650 1863 862 1907; x_wconf 76' lang='lat' dir='ltr'>Absolutionem</span> <span class='ocrx_word' id='word_1_238' title='bbox 884 1871 1069 1905; x_wconf 82' lang='lat' dir='ltr'>peccatorum</span> <span class='ocrx_word' id='word_1_239' title='bbox 1095 1870 1153 1894; x_wconf 88' lang='lat' dir='ltr'>tuo-</span> 
     </span>
    </p>
   </div>
   <div class='ocr_carea' id='block_1_4' title="bbox 90 1116 228 1151">
    <p class='ocr_par' dir='ltr' id='par_1_4' title="bbox 90 1116 228 1151">
     <span class='ocr_line' id='line_1_35' title="bbox 90 1116 228 1151; baseline -0.029 -5"><span class='ocrx_word' id='word_1_240' title='bbox 90 1116 179 1146; x_wconf 74' lang='lat' dir='ltr'>Tozn.</span> <span class='ocrx_word' id='word_1_241' title='bbox 202 1125 228 1151; x_wconf 80' lang='lat'>3.</span> 
     </span>
    </p>
   </div>
   <div class='ocr_carea' id='block_1_5' title="bbox 87 1690 209 1728">
    <p class='ocr_par' dir='ltr' id='par_1_5' title="bbox 87 1690 209 1728">
     <span class='ocr_line' id='line_1_36' title="bbox 87 1690 209 1728; baseline -0.008 -13"><span class='ocrx_word' id='word_1_242' title='bbox 87 1690 139 1728; x_wconf 70' lang='lat' dir='ltr'>Ep.</span> <span class='ocrx_word' id='word_1_243' title='bbox 162 1699 209 1723; x_wconf 80' lang='lat'>40.</span> 
     </span>
    </p>
   </div>
   <div class='ocr_carea' id='block_1_6' title="bbox 85 1911 1155 2007">
    <p class='ocr_par' dir='ltr' id='par_1_6' title="bbox 85 1911 1155 2007">
     <span class='ocr_line' id='line_1_37' title="bbox 85 1911 1153 1961; baseline -0.007 -11"><span class='ocrx_word' id='word_1_244' title='bbox 85 1920 152 1956; x_wconf 73' lang='lat' dir='ltr'>Lib.</span> <span class='ocrx_word' id='word_1_245' title='bbox 181 1929 207 1949; x_wconf 77' lang='lat' dir='ltr'>x.</span> <span class='ocrx_word' id='word_1_246' title='bbox 263 1931 352 1959; x_wconf 78' lang='lat' dir='ltr'>rum,</span> <span class='ocrx_word' id='word_1_247' title='bbox 371 1917 446 1960; x_wconf 86' lang='lat' dir='ltr'>ficut</span> <span class='ocrx_word' id='word_1_248' title='bbox 469 1915 573 1961; x_wconf 76' lang='lat' dir='ltr'>rogasti</span> <span class='ocrx_word' id='word_1_249' title='bbox 587 1940 598 1956; x_wconf 92' lang='lat'>‚</span> <span class='ocrx_word' id='word_1_250' title='bbox 624 1915 800 1948; x_wconf 56' lang='lat' dir='ltr'>auctoritate</span> <span class='ocrx_word' id='word_1_251' title='bbox 822 1916 994 1954; x_wconf 76' lang='lat' dir='ltr'>Principum</span> <span class='ocrx_word' id='word_1_252' title='bbox 1016 1911 1153 1953; x_wconf 69' lang='lat' dir='ltr'>Apostolo-</span> 
     </span>
     <span class='ocr_line' id='line_1_38' title="bbox 88 1962 1155 2007; baseline -0.01 -3"><span class='ocrx_word' id='word_1_253' title='bbox 88 1964 140 2000; x_wconf 68' lang='grc' dir='ltr'>ΕΡ·</span> <span class='ocrx_word' id='word_1_254' title='bbox 156 1968 203 1996; x_wconf 83' lang='lat'>34·</span> <span class='ocrx_word' id='word_1_255' title='bbox 263 1981 329 2004; x_wconf 82' lang='lat' dir='ltr'>rum</span> <span class='ocrx_word' id='word_1_256' title='bbox 351 1971 433 2002; x_wconf 82' lang='lat' dir='ltr'>Petri</span> <span class='ocrx_word' id='word_1_257' title='bbox 456 1968 492 2002; x_wconf 74' lang='lat'><em>&amp;</em></span> <span class='ocrx_word' id='word_1_258' title='bbox 520 1966 609 1999; x_wconf 83' lang='lat' dir='ltr'>Pauli</span> <span class='ocrx_word' id='word_1_259' title='bbox 622 1964 699 2007; x_wconf 86' lang='lat' dir='ltr'>fulti</span> <span class='ocrx_word' id='word_1_260' title='bbox 715 1989 725 2006; x_wconf 85' lang='lat'><strong>,</strong></span> <span class='ocrx_word' id='word_1_261' title='bbox 751 1964 806 1997; x_wconf 82' lang='lat' dir='ltr'>tibi</span> <span class='ocrx_word' id='word_1_262' title='bbox 825 1970 939 1998; x_wconf 84' lang='lat' dir='ltr'>mittere</span> <span class='ocrx_word' id='word_1_263' title='bbox 963 1963 1086 2005; x_wconf 84' lang='lat' dir='ltr'>dignum</span> <span class='ocrx_word' id='word_1_264' title='bbox 1099 1962 1155 1994; x_wconf 84' lang='lat' dir='ltr'>du-</span> 
     </span>
    </p>
   </div>
   <div class='ocr_carea' id='block_1_7' title="bbox 264 2013 1160 2603">
    <p class='ocr_par' dir='ltr' id='par_1_7' title="bbox 264 2013 1160 2603">
     <span class='ocr_line' id='line_1_39' title="bbox 264 2013 1155 2059; baseline -0.01 -7"><span class='ocrx_word' id='word_1_265' title='bbox 264 2026 387 2059; x_wconf 74' lang='lat' dir='ltr'>ximus,</span> <span class='ocrx_word' id='word_1_266' title='bbox 409 2016 433 2059; x_wconf 77' lang='grc' dir='ltr'>[ι</span> <span class='ocrx_word' id='word_1_267' title='bbox 454 2026 554 2052; x_wconf 72' lang='lat' dir='ltr'>tamen</span> <span class='ocrx_word' id='word_1_268' title='bbox 580 2015 663 2049; x_wconf 84' lang='lat' dir='ltr'>bonis</span> <span class='ocrx_word' id='word_1_269' title='bbox 673 2014 808 2057; x_wconf 63' lang='lat' dir='ltr'>operIbus</span> <span class='ocrx_word' id='word_1_270' title='bbox 822 2013 1012 2052; x_wconf 55' lang='lat' dir='ltr'>inhaerendo,</span> <span class='ocrx_word' id='word_1_271' title='bbox 1041 2013 1155 2046; x_wconf 71' lang='lat' dir='ltr'>&amp;com-</span> 
     </span>
     <span class='ocr_line' id='line_1_40' title="bbox 264 2061 1155 2113; baseline -0.011 -11"><span class='ocrx_word' id='word_1_272' title='bbox 264 2070 359 2113; x_wconf 76' lang='lat' dir='ltr'>missos</span> <span class='ocrx_word' id='word_1_273' title='bbox 380 2067 506 2111; x_wconf 77' lang='lat' dir='ltr'>excessus</span> <span class='ocrx_word' id='word_1_274' title='bbox 523 2066 695 2111; x_wconf 84' lang='lat' dir='ltr'>plangendo</span> <span class='ocrx_word' id='word_1_275' title='bbox 710 2089 720 2105; x_wconf 88' lang='lat'>,</span> <span class='ocrx_word' id='word_1_276' title='bbox 743 2069 870 2106; x_wconf 84' lang='lat' dir='ltr'>corporis</span> <span class='ocrx_word' id='word_1_277' title='bbox 893 2068 939 2096; x_wconf 86' lang='lat' dir='ltr'>tui</span> <span class='ocrx_word' id='word_1_278' title='bbox 959 2061 1155 2095; x_wconf 86' lang='lat' dir='ltr'>habitaculum</span> 
     </span>
     <span class='ocr_line' id='line_1_41' title="bbox 266 2111 1155 2157; baseline -0.012 -4"><span class='ocrx_word' id='word_1_279' title='bbox 266 2125 327 2154; x_wconf 86' lang='lat' dir='ltr'>Deo</span> <span class='ocrx_word' id='word_1_280' title='bbox 348 2119 494 2151; x_wconf 86' lang='lat' dir='ltr'>mundum</span> <span class='ocrx_word' id='word_1_281' title='bbox 514 2117 655 2157; x_wconf 84' lang='lat' dir='ltr'>templum</span> <span class='ocrx_word' id='word_1_282' title='bbox 667 2113 836 2148; x_wconf 78' lang='lat' dir='ltr'>exhibueris</span> <span class='ocrx_word' id='word_1_283' title='bbox 846 2137 853 2144; x_wconf 90' lang='lat'>.</span> <span class='ocrx_word' id='word_1_284' title='bbox 883 2113 925 2145; x_wconf 86' lang='lat' dir='ltr'>Et</span> <span class='ocrx_word' id='word_1_285' title='bbox 938 2111 977 2145; x_wconf 83' lang='lat' dir='ltr'>ad</span> <span class='ocrx_word' id='word_1_286' title='bbox 990 2111 1155 2143; x_wconf 80' lang='lat' dir='ltr'>Beccenfis</span> 
     </span>
     <span class='ocr_line' id='line_1_42' title="bbox 265 2157 1155 2207; baseline -0.012 -4"><span class='ocrx_word' id='word_1_287' title='bbox 265 2157 459 2203; x_wconf 82' lang='lat' dir='ltr'>Monasterii</span> <span class='ocrx_word' id='word_1_288' title='bbox 496 2165 639 2207; x_wconf 79' lang='lat' dir='ltr'>juniores</span> <span class='ocrx_word' id='word_1_289' title='bbox 666 2165 792 2197; x_wconf 83' lang='lat' dir='ltr'>Fratres</span> <span class='ocrx_word' id='word_1_290' title='bbox 818 2162 952 2196; x_wconf 62' lang='lat' dir='ltr'>sanetus</span> <span class='ocrx_word' id='word_1_291' title='bbox 977 2158 1155 2193; x_wconf 85' lang='lat' dir='ltr'>Anselmus</span> 
     </span>
     <span class='ocr_line' id='line_1_43' title="bbox 266 2212 1155 2260; baseline -0.015 -7"><span class='ocrx_word' id='word_1_292' title='bbox 266 2217 540 2260; x_wconf 75' lang='lat' dir='ltr'>Archiepiscopus</span> <span class='ocrx_word' id='word_1_293' title='bbox 556 2213 796 2248; x_wconf 70' lang='lat' dir='ltr'>cantuariensis</span> <span class='ocrx_word' id='word_1_294' title='bbox 809 2225 820 2245; x_wconf 91' lang='lat'>.·</span> <span class='ocrx_word' id='word_1_295' title='bbox 846 2212 927 2250; x_wconf 81' lang='lat' dir='ltr'>Illis,</span> <span class='ocrx_word' id='word_1_296' title='bbox 954 2215 1006 2252; x_wconf 87' lang='lat' dir='ltr'>qui</span> <span class='ocrx_word' id='word_1_297' title='bbox 1018 2220 1113 2242; x_wconf 87' lang='lat' dir='ltr'>meam</span> <span class='ocrx_word' id='word_1_298' title='bbox 1124 2214 1155 2241; x_wconf 86' lang='lat' dir='ltr'>in</span> 
     </span>
     <span class='ocr_line' id='line_1_44' title="bbox 267 2258 1157 2309; baseline -0.011 -6"><span class='ocrx_word' id='word_1_299' title='bbox 267 2273 379 2304; x_wconf 75' lang='lat' dir='ltr'>litteris</span> <span class='ocrx_word' id='word_1_300' title='bbox 396 2265 461 2309; x_wconf 84' lang='lat' dir='ltr'>suis</span> <span class='ocrx_word' id='word_1_301' title='bbox 482 2263 516 2307; x_wconf 84' lang='lat' dir='ltr'>se</span> <span class='ocrx_word' id='word_1_302' title='bbox 529 2262 771 2308; x_wconf 80' lang='lat' dir='ltr'>fignificaverunt</span> <span class='ocrx_word' id='word_1_303' title='bbox 782 2262 857 2294; x_wconf 84' lang='lat' dir='ltr'>velle</span> <span class='ocrx_word' id='word_1_304' title='bbox 868 2258 1096 2303; x_wconf 74' lang='lat' dir='ltr'>abfhluti&#39;onem,</span> <span class='ocrx_word' id='word_1_305' title='bbox 1123 2260 1157 2293; x_wconf 64' lang='grc' dir='ltr'>(π’</span> 
     </span>
     <span class='ocr_line' id='line_1_45' title="bbox 267 2313 1156 2359; baseline -0.013 -7"><span class='ocrx_word' id='word_1_306' title='bbox 267 2321 327 2358; x_wconf 79' lang='lat' dir='ltr'>illis</span> <span class='ocrx_word' id='word_1_307' title='bbox 339 2341 350 2359; x_wconf 89' lang='lat'>‚</span> <span class='ocrx_word' id='word_1_308' title='bbox 375 2322 430 2359; x_wconf 79' lang='lat' dir='ltr'>qui</span> <span class='ocrx_word' id='word_1_309' title='bbox 451 2321 593 2358; x_wconf 81' lang='lat' dir='ltr'>quamvis</span> <span class='ocrx_word' id='word_1_310' title='bbox 616 2324 681 2346; x_wconf 81' lang='lat' dir='ltr'>eam</span> <span class='ocrx_word' id='word_1_311' title='bbox 697 2320 754 2353; x_wconf 86' lang='lat' dir='ltr'>per</span> <span class='ocrx_word' id='word_1_312' title='bbox 775 2313 889 2344; x_wconf 74' lang='lat' dir='ltr'>litteras</span> <span class='ocrx_word' id='word_1_313' title='bbox 912 2321 969 2342; x_wconf 87' lang='lat' dir='ltr'>non</span> <span class='ocrx_word' id='word_1_314' title='bbox 989 2314 1134 2350; x_wconf 83' lang='lat' dir='ltr'>petierint</span> <span class='ocrx_word' id='word_1_315' title='bbox 1146 2332 1156 2347; x_wconf 88' lang='lat'>,</span> 
     </span>
     <span class='ocr_line' id='line_1_46' title="bbox 271 2356 1154 2404; baseline -0.014 -2"><span class='ocrx_word' id='word_1_316' title='bbox 271 2379 372 2402; x_wconf 78' lang='lat' dir='ltr'>tamen</span> <span class='ocrx_word' id='word_1_317' title='bbox 393 2378 460 2400; x_wconf 87' lang='lat' dir='ltr'>eam</span> <span class='ocrx_word' id='word_1_318' title='bbox 476 2365 601 2404; x_wconf 80' lang='lat' dir='ltr'>volunt,</span> <span class='ocrx_word' id='word_1_319' title='bbox 630 2363 740 2396; x_wconf 80' lang='lat' dir='ltr'>mando</span> <span class='ocrx_word' id='word_1_320' title='bbox 756 2371 852 2394; x_wconf 69' lang='lat' dir='ltr'>mam</span> <span class='ocrx_word' id='word_1_321' title='bbox 873 2371 969 2394; x_wconf 86' lang='lat' dir='ltr'>coram</span> <span class='ocrx_word' id='word_1_322' title='bbox 993 2361 1054 2392; x_wconf 88' lang='lat' dir='ltr'>Deo</span> <span class='ocrx_word' id='word_1_323' title='bbox 1075 2356 1154 2402; x_wconf 85' lang='lat' dir='ltr'>abso-</span> 
     </span>
     <span class='ocr_line' id='line_1_47' title="bbox 272 2413 1158 2454; baseline -0.015 -1"><span class='ocrx_word' id='word_1_324' title='bbox 272 2422 411 2454; x_wconf 71' lang='lat' dir='ltr'>!utionem</span> <span class='ocrx_word' id='word_1_325' title='bbox 433 2416 466 2448; x_wconf 69' lang='grc'>(9*</span> <span class='ocrx_word' id='word_1_326' title='bbox 487 2413 712 2448; x_wconf 59' lang='lat' dir='ltr'>benedictionem</span> <span class='ocrx_word' id='word_1_327' title='bbox 726 2437 736 2453; x_wconf 91' lang='lat'><strong>,</strong></span> <span class='ocrx_word' id='word_1_328' title='bbox 761 2413 795 2446; x_wconf 74' lang='lat' dir='ltr'>e·</span> <span class='ocrx_word' id='word_1_329' title='bbox 813 2422 860 2443; x_wconf 89' lang='lat' dir='ltr'>oro</span> <span class='ocrx_word' id='word_1_330' title='bbox 881 2420 914 2444; x_wconf 87' lang='lat' dir='ltr'>ut</span> <span class='ocrx_word' id='word_1_331' title='bbox 926 2413 1003 2443; x_wconf 78' lang='lat' dir='ltr'>Deus</span> <span class='ocrx_word' id='word_1_332' title='bbox 1018 2413 1158 2451; x_wconf 87' lang='lat' dir='ltr'>Omnipo-</span> 
     </span>
     <span class='ocr_line' id='line_1_48' title="bbox 273 2459 1155 2505; baseline -0.012 -4"><span class='ocrx_word' id='word_1_333' title='bbox 273 2479 339 2503; x_wconf 73' lang='lat' dir='ltr'>tens</span> <span class='ocrx_word' id='word_1_334' title='bbox 360 2467 423 2500; x_wconf 66' lang='lat' dir='ltr'>illos</span> <span class='ocrx_word' id='word_1_335' title='bbox 442 2465 481 2498; x_wconf 85' lang='lat' dir='ltr'>ab</span> <span class='ocrx_word' id='word_1_336' title='bbox 501 2464 636 2497; x_wconf 76' lang='lat' dir='ltr'>omnibus</span> <span class='ocrx_word' id='word_1_337' title='bbox 658 2468 789 2505; x_wconf 79' lang='lat' dir='ltr'>peccatis</span> <span class='ocrx_word' id='word_1_338' title='bbox 810 2459 967 2502; x_wconf 75' lang='lat' dir='ltr'>absolvat,</span> <span class='ocrx_word' id='word_1_339' title='bbox 993 2461 1027 2494; x_wconf 68' lang='lat' dir='ltr'>&lt;tt</span> <span class='ocrx_word' id='word_1_340' title='bbox 1053 2466 1085 2491; x_wconf 89' lang='lat' dir='ltr'>in</span> <span class='ocrx_word' id='word_1_341' title='bbox 1110 2464 1155 2491; x_wconf 83' lang='lat' dir='ltr'>vi-</span> 
     </span>
     <span class='ocr_line' id='line_1_49' title="bbox 275 2506 1158 2558; baseline -0.014 -6"><span class='ocrx_word' id='word_1_342' title='bbox 275 2530 340 2552; x_wconf 81' lang='lat' dir='ltr'>tam</span> <span class='ocrx_word' id='word_1_343' title='bbox 359 2526 500 2554; x_wconf 73' lang='lat' dir='ltr'>eternam</span> <span class='ocrx_word' id='word_1_344' title='bbox 525 2515 678 2547; x_wconf 80' lang='lat' dir='ltr'>benedicat</span> <span class='ocrx_word' id='word_1_345' title='bbox 700 2537 708 2544; x_wconf 95' lang='lat'>.</span> <span class='ocrx_word' id='word_1_346' title='bbox 734 2511 837 2558; x_wconf 84' lang='lat' dir='ltr'>Qod</span> <span class='ocrx_word' id='word_1_347' title='bbox 859 2511 963 2552; x_wconf 86' lang='lat' dir='ltr'>ipsum</span> <span class='ocrx_word' id='word_1_348' title='bbox 987 2508 1096 2543; x_wconf 85' lang='lat' dir='ltr'>scribit</span> <span class='ocrx_word' id='word_1_349' title='bbox 1119 2506 1158 2540; x_wconf 88' lang='lat' dir='ltr'>ad</span> 
     </span>
     <span class='ocr_line' id='line_1_50' title="bbox 276 2558 1160 2603; baseline -0.015 0"><span class='ocrx_word' id='word_1_350' title='bbox 276 2569 369 2603; x_wconf 76' lang='lat' dir='ltr'>idam</span> <span class='ocrx_word' id='word_1_351' title='bbox 390 2564 594 2600; x_wconf 82' lang='lat' dir='ltr'>Comitissam</span> <span class='ocrx_word' id='word_1_352' title='bbox 610 2587 621 2603; x_wconf 89' lang='lat'>‚</span> <span class='ocrx_word' id='word_1_353' title='bbox 647 2564 682 2597; x_wconf 74' lang='grc' dir='ltr'>δε</span> <span class='ocrx_word' id='word_1_354' title='bbox 705 2563 743 2595; x_wconf 89' lang='lat' dir='ltr'>ad</span> <span class='ocrx_word' id='word_1_355' title='bbox 756 2563 815 2595; x_wconf 85' lang='lat' dir='ltr'>suae</span> <span class='ocrx_word' id='word_1_356' title='bbox 829 2560 975 2593; x_wconf 87' lang='lat' dir='ltr'>Ecclefiae</span> <span class='ocrx_word' id='word_1_357' title='bbox 985 2558 1160 2592; x_wconf 83' lang='lat' dir='ltr'>Cathedra-</span> 
     </span>
    </p>
   </div>
   <div class='ocr_carea' id='block_1_8' title="bbox 94 2233 210 2315">
    <p class='ocr_par' dir='ltr' id='par_1_8' title="bbox 94 2233 210 2315">
     <span class='ocr_line' id='line_1_51' title="bbox 94 2233 208 2272; baseline -0.044 -4"><span class='ocrx_word' id='word_1_358' title='bbox 94 2233 157 2268; x_wconf 67' lang='lat' dir='ltr'>Lib.</span> <span class='ocrx_word' id='word_1_359' title='bbox 180 2244 208 2272; x_wconf 68' lang='grc' dir='ltr'>ς.</span> 
     </span>
     <span class='ocr_line' id='line_1_52' title="bbox 94 2280 210 2315; baseline -0.009 -6"><span class='ocrx_word' id='word_1_360' title='bbox 94 2280 144 2315; x_wconf 70' lang='lat' dir='ltr'>lip-</span> <span class='ocrx_word' id='word_1_361' title='bbox 169 2286 210 2309; x_wconf 72' lang='lat' dir='ltr'>is-</span> 
     </span>
    </p>
   </div>
   <div class='ocr_carea' id='block_1_9' title="bbox 102 2608 1159 2659">
    <p class='ocr_par' dir='ltr' id='par_1_9' title="bbox 102 2608 1159 2659">
     <span class='ocr_line' id='line_1_53' title="bbox 102 2608 1159 2659; baseline -0.011 -5"><span class='ocrx_word' id='word_1_362' title='bbox 102 2627 152 2659; x_wconf 68' lang='lat' dir='ltr'>Ep.</span> <span class='ocrx_word' id='word_1_363' title='bbox 176 2624 219 2657; x_wconf 81' lang='lat'>58-</span> <span class='ocrx_word' id='word_1_364' title='bbox 279 2620 325 2652; x_wconf 83' lang='lat' dir='ltr'>les</span> <span class='ocrx_word' id='word_1_365' title='bbox 345 2615 556 2654; x_wconf 61' lang='lat' dir='ltr'>Munnhos,</span> <span class='ocrx_word' id='word_1_366' title='bbox 582 2614 617 2648; x_wconf 66' lang='grc' dir='ltr'>ὅ(</span> <span class='ocrx_word' id='word_1_367' title='bbox 637 2612 779 2646; x_wconf 73' lang='lat' dir='ltr'>lucidius</span> <span class='ocrx_word' id='word_1_368' title='bbox 803 2610 844 2644; x_wconf 84' lang='lat' dir='ltr'>ad</span> <span class='ocrx_word' id='word_1_369' title='bbox 856 2608 1042 2644; x_wconf 82' lang='lat' dir='ltr'>Monachos</span> <span class='ocrx_word' id='word_1_370' title='bbox 1054 2608 1159 2643; x_wconf 72' lang='lat' dir='ltr'>Sanffi</span> 
     </span>
    </p>
   </div>
   <div class='ocr_carea' id='block_1_10' title="bbox 636 119 1799 187">
    <p class='ocr_par' dir='ltr' id='par_1_10' title="bbox 636 119 1799 187">
     <span class='ocr_line' id='line_1_54' title="bbox 636 119 1799 187; baseline 0 -7"><span class='ocrx_word' id='word_1_371' title='bbox 636 135 681 180; x_wconf 81' lang='lat' dir='ltr'>S.</span> <span class='ocrx_word' id='word_1_372' title='bbox 719 132 1040 179; x_wconf 69' lang='lat' dir='ltr'>Gueoonrt</span> <span class='ocrx_word' id='word_1_373' title='bbox 1078 147 1318 178; x_wconf 69' lang='lat' dir='ltr'>ssprrmr</span> <span class='ocrx_word' id='word_1_374' title='bbox 1346 119 1741 180; x_wconf 58' lang='lat' dir='ltr'>&#39;Pommxcxs</span> <span class='ocrx_word' id='word_1_375' title='bbox 1796 184 1799 187; x_wconf 54' lang='grc'>,</span> 
     </span>
    </p>
   </div>
   <div class='ocr_carea' id='block_1_11' title="bbox 1211 211 2110 2353">
    <p class='ocr_par' dir='ltr' id='par_1_11' title="bbox 1214 211 2107 348">
     <span class='ocr_line' id='line_1_55' title="bbox 1216 211 2107 258; baseline 0.004 -12"><span class='ocrx_word' id='word_1_376' title='bbox 1216 211 1420 247; x_wconf 85' lang='lat' dir='ltr'>Hildeboldo</span> <span class='ocrx_word' id='word_1_377' title='bbox 1455 214 1667 248; x_wconf 81' lang='lat' dir='ltr'>Sueffionenfi</span> <span class='ocrx_word' id='word_1_378' title='bbox 1693 227 1732 249; x_wconf 91' lang='lat' dir='ltr'>ac</span> <span class='ocrx_word' id='word_1_379' title='bbox 1758 214 1915 251; x_wconf 24' lang='lat' dir='ltr'>Robertov</span> <span class='ocrx_word' id='word_1_380' title='bbox 1936 219 2107 258; x_wconf 72' lang='lat' dir='ltr'>Cenoma.</span> 
     </span>
     <span class='ocr_line' id='line_1_56' title="bbox 1216 263 2102 308; baseline 0.014 -12"><span class='ocrx_word' id='word_1_381' title='bbox 1216 264 1302 297; x_wconf 85' lang='lat' dir='ltr'>nenfi</span> <span class='ocrx_word' id='word_1_382' title='bbox 1338 263 1502 308; x_wconf 84' lang='lat' dir='ltr'>Episcopo</span> <span class='ocrx_word' id='word_1_383' title='bbox 1530 264 1604 298; x_wconf 90' lang='lat' dir='ltr'>data</span> <span class='ocrx_word' id='word_1_384' title='bbox 1630 264 1796 301; x_wconf 83' lang='lat' dir='ltr'>absolutio</span> <span class='ocrx_word' id='word_1_385' title='bbox 1821 266 1947 302; x_wconf 86' lang='lat' dir='ltr'>fortiter</span> <span class='ocrx_word' id='word_1_386' title='bbox 1972 271 2006 305; x_wconf 89' lang='lat' dir='ltr'>id</span> <span class='ocrx_word' id='word_1_387' title='bbox 2032 274 2102 308; x_wconf 74' lang='lat' dir='ltr'>sua·</span> 
     </span>
     <span class='ocr_line' id='line_1_57' title="bbox 1214 313 1314 348; baseline 0.01 -1"><span class='ocrx_word' id='word_1_388' title='bbox 1214 313 1314 348; x_wconf 88' lang='lat' dir='ltr'>dent.</span> 
     </span>
    </p>

    <p class='ocr_par' dir='ltr' id='par_1_12' title="bbox 1211 363 2110 2353">
     <span class='ocr_line' id='line_1_58' title="bbox 1266 363 2104 414; baseline 0.011 -18"><span class='ocrx_word' id='word_1_389' title='bbox 1266 363 1424 399; x_wconf 84' lang='lat' dir='ltr'>Attamen</span> <span class='ocrx_word' id='word_1_390' title='bbox 1446 376 1514 399; x_wconf 90' lang='lat' dir='ltr'>non</span> <span class='ocrx_word' id='word_1_391' title='bbox 1536 364 1749 409; x_wconf 82' lang='lat' dir='ltr'>persuadent.</span> <span class='ocrx_word' id='word_1_392' title='bbox 1776 366 1912 401; x_wconf 85' lang='lat' dir='ltr'>Etenim</span> <span class='ocrx_word' id='word_1_393' title='bbox 1934 369 2104 414; x_wconf 67' lang='lat' dir='ltr'>utriusque</span> 
     </span>
     <span class='ocr_line' id='line_1_59' title="bbox 1215 414 2100 464; baseline 0.007 -16"><span class='ocrx_word' id='word_1_394' title='bbox 1215 414 1373 448; x_wconf 85' lang='lat' dir='ltr'>confeffio</span> <span class='ocrx_word' id='word_1_395' title='bbox 1396 416 1520 449; x_wconf 89' lang='lat' dir='ltr'>varium</span> <span class='ocrx_word' id='word_1_396' title='bbox 1546 416 1718 450; x_wconf 83' lang='lat' dir='ltr'>dumtaxat</span> <span class='ocrx_word' id='word_1_397' title='bbox 1741 426 1947 459; x_wconf 86' lang='lat' dir='ltr'>peccatorum</span> <span class='ocrx_word' id='word_1_398' title='bbox 1974 430 2100 464; x_wconf 87' lang='lat' dir='ltr'>genus,</span> 
     </span>
     <span class='ocr_line' id='line_1_60' title="bbox 1218 464 2102 509; baseline 0.008 -12"><span class='ocrx_word' id='word_1_399' title='bbox 1218 464 1339 498; x_wconf 84' lang='lat' dir='ltr'>nullam</span> <span class='ocrx_word' id='word_1_400' title='bbox 1353 465 1650 509; x_wconf 84' lang='lat' dir='ltr'>expreffitspeciem</span> <span class='ocrx_word' id='word_1_401' title='bbox 1671 475 1727 499; x_wconf 85' lang='lat' dir='ltr'>aut</span> <span class='ocrx_word' id='word_1_402' title='bbox 1750 466 1959 503; x_wconf 87' lang='lat' dir='ltr'>individuum</span> <span class='ocrx_word' id='word_1_403' title='bbox 1974 492 1985 509; x_wconf 89' lang='lat'>,</span> <span class='ocrx_word' id='word_1_404' title='bbox 2013 468 2102 505; x_wconf 91' lang='lat' dir='ltr'>ideo-</span> 
     </span>
     <span class='ocr_line' id='line_1_61' title="bbox 1215 513 2101 558; baseline 0.008 -11"><span class='ocrx_word' id='word_1_405' title='bbox 1215 525 1279 558; x_wconf 89' lang='lat' dir='ltr'>que</span> <span class='ocrx_word' id='word_1_406' title='bbox 1302 515 1370 558; x_wconf 85' lang='lat' dir='ltr'>post</span> <span class='ocrx_word' id='word_1_407' title='bbox 1393 513 1504 549; x_wconf 81' lang='lat' dir='ltr'>datam</span> <span class='ocrx_word' id='word_1_408' title='bbox 1527 514 1732 550; x_wconf 85' lang='lat' dir='ltr'>Hildeboldo</span> <span class='ocrx_word' id='word_1_409' title='bbox 1744 515 1982 552; x_wconf 85' lang='lat' dir='ltr'>absolutionem</span> <span class='ocrx_word' id='word_1_410' title='bbox 1995 520 2101 554; x_wconf 90' lang='lat' dir='ltr'>Hinc-</span> 
     </span>
     <span class='ocr_line' id='line_1_62' title="bbox 1216 564 2102 607; baseline 0.006 -10"><span class='ocrx_word' id='word_1_411' title='bbox 1216 575 1323 597; x_wconf 82' lang='lat' dir='ltr'>marus</span> <span class='ocrx_word' id='word_1_412' title='bbox 1344 564 1511 607; x_wconf 84' lang='lat' dir='ltr'>subjunxit</span> <span class='ocrx_word' id='word_1_413' title='bbox 1536 578 1543 597; x_wconf 90' lang='lat'>:</span> <span class='ocrx_word' id='word_1_414' title='bbox 1570 568 1689 599; x_wconf 87' lang='lat' dir='ltr'>Bonam</span> <span class='ocrx_word' id='word_1_415' title='bbox 1719 567 1902 600; x_wconf 82' lang='lat' dir='ltr'>devotionem</span> <span class='ocrx_word' id='word_1_416' title='bbox 1925 575 2008 605; x_wconf 70' lang='lat' dir='ltr'>tuam</span> <span class='ocrx_word' id='word_1_417' title='bbox 2028 582 2102 604; x_wconf 83' lang='lat' dir='ltr'>com-</span> 
     </span>
     <span class='ocr_line' id='line_1_63' title="bbox 1215 615 2101 663; baseline 0.009 -17"><span class='ocrx_word' id='word_1_418' title='bbox 1215 625 1314 647; x_wconf 81' lang='lat' dir='ltr'>moneo</span> <span class='ocrx_word' id='word_1_419' title='bbox 1326 637 1336 654; x_wconf 93' lang='lat'><strong>,</strong></span> <span class='ocrx_word' id='word_1_420' title='bbox 1362 623 1395 648; x_wconf 84' lang='lat' dir='ltr'>ut</span> <span class='ocrx_word' id='word_1_421' title='bbox 1402 623 1515 656; x_wconf 81' lang='lat' dir='ltr'>praeter</span> <span class='ocrx_word' id='word_1_422' title='bbox 1525 615 1609 656; x_wconf 83' lang='lat' dir='ltr'>istam</span> <span class='ocrx_word' id='word_1_423' title='bbox 1618 618 1787 660; x_wconf 84' lang='lat' dir='ltr'>generalem</span> <span class='ocrx_word' id='word_1_424' title='bbox 1796 618 2007 660; x_wconf 85' lang='lat' dir='ltr'>confeffionem‚</span> <span class='ocrx_word' id='word_1_425' title='bbox 2032 632 2101 663; x_wconf 77' lang='lat' dir='ltr'>quae</span> 
     </span>
     <span class='ocr_line' id='line_1_64' title="bbox 1215 664 2102 710; baseline 0.008 -14"><span class='ocrx_word' id='word_1_426' title='bbox 1215 664 1255 696; x_wconf 86' lang='lat' dir='ltr'>ab</span> <span class='ocrx_word' id='word_1_427' title='bbox 1279 671 1399 698; x_wconf 81' lang='lat' dir='ltr'>ineunte</span> <span class='ocrx_word' id='word_1_428' title='bbox 1418 673 1509 699; x_wconf 78' lang='lat' dir='ltr'>aetate</span> <span class='ocrx_word' id='word_1_429' title='bbox 1531 664 1620 709; x_wconf 82' lang='lat' dir='ltr'>usque</span> <span class='ocrx_word' id='word_1_430' title='bbox 1644 668 1687 699; x_wconf 79' lang='lat' dir='ltr'>ad</span> <span class='ocrx_word' id='word_1_431' title='bbox 1707 666 1805 707; x_wconf 88' lang='lat' dir='ltr'>hanc,</span> <span class='ocrx_word' id='word_1_432' title='bbox 1832 673 1864 700; x_wconf 89' lang='lat' dir='ltr'>in</span> <span class='ocrx_word' id='word_1_433' title='bbox 1883 680 1942 710; x_wconf 88' lang='lat' dir='ltr'>qua</span> <span class='ocrx_word' id='word_1_434' title='bbox 1965 680 2042 703; x_wconf 87' lang='lat' dir='ltr'>nunc</span> <span class='ocrx_word' id='word_1_435' title='bbox 2051 671 2102 706; x_wconf 79' lang='lat' dir='ltr'>de-</span> 
     </span>
     <span class='ocr_line' id='line_1_65' title="bbox 1211 714 2105 762; baseline 0.007 -15"><span class='ocrx_word' id='word_1_436' title='bbox 1211 719 1263 758; x_wconf 85' lang='lat' dir='ltr'>gis</span> <span class='ocrx_word' id='word_1_437' title='bbox 1281 738 1291 754; x_wconf 91' lang='lat'>,</span> <span class='ocrx_word' id='word_1_438' title='bbox 1316 724 1345 748; x_wconf 89' lang='lat' dir='ltr'>te</span> <span class='ocrx_word' id='word_1_439' title='bbox 1371 714 1529 759; x_wconf 82' lang='lat' dir='ltr'>commififfe</span> <span class='ocrx_word' id='word_1_440' title='bbox 1549 715 1708 760; x_wconf 73' lang='lat' dir='ltr'>cognoscIs,</span> <span class='ocrx_word' id='word_1_441' title='bbox 1735 715 1907 760; x_wconf 84' lang='lat' dir='ltr'>specialiter</span> <span class='ocrx_word' id='word_1_442' title='bbox 1925 730 1959 751; x_wconf 80' lang='lat' dir='ltr'>ac</span> <span class='ocrx_word' id='word_1_443' title='bbox 1972 716 2105 762; x_wconf 80' lang='lat' dir='ltr'>singula-</span> 
     </span>
     <span class='ocr_line' id='line_1_66' title="bbox 1216 764 2103 810; baseline 0.007 -13"><span class='ocrx_word' id='word_1_444' title='bbox 1216 770 1272 797; x_wconf 76' lang='lat' dir='ltr'>tim</span> <span class='ocrx_word' id='word_1_445' title='bbox 1283 768 1345 798; x_wconf 86' lang='lat' dir='ltr'>Deo</span> <span class='ocrx_word' id='word_1_446' title='bbox 1357 767 1391 799; x_wconf 71' lang='grc'>(9</span> <span class='ocrx_word' id='word_1_447' title='bbox 1401 766 1552 799; x_wconf 78' lang='lat' dir='ltr'>sacerdoti</span> <span class='ocrx_word' id='word_1_448' title='bbox 1559 764 1684 810; x_wconf 82' lang='lat' dir='ltr'>satagas</span> <span class='ocrx_word' id='word_1_449' title='bbox 1696 766 1846 809; x_wconf 84' lang='lat' dir='ltr'>confiteri,</span> <span class='ocrx_word' id='word_1_450' title='bbox 1873 769 1907 802; x_wconf 64' lang='grc' dir='ltr'>Θ</span> <span class='ocrx_word' id='word_1_451' title='bbox 1918 770 1989 801; x_wconf 84' lang='lat' dir='ltr'>dum</span> <span class='ocrx_word' id='word_1_452' title='bbox 2000 781 2103 803; x_wconf 88' lang='lat' dir='ltr'>unum-</span> 
     </span>
     <span class='ocr_line' id='line_1_67' title="bbox 1216 815 2104 861; baseline 0.007 -14"><span class='ocrx_word' id='word_1_453' title='bbox 1216 815 1350 857; x_wconf 81' lang='lat' dir='ltr'>quodque</span> <span class='ocrx_word' id='word_1_454' title='bbox 1372 820 1476 849; x_wconf 86' lang='lat' dir='ltr'>erroris</span> <span class='ocrx_word' id='word_1_455' title='bbox 1498 822 1544 850; x_wconf 83' lang='lat' dir='ltr'>tui</span> <span class='ocrx_word' id='word_1_456' title='bbox 1572 822 1829 859; x_wconf 73' lang='lat' dir='ltr'>inquinamentum</span> <span class='ocrx_word' id='word_1_457' title='bbox 1846 815 2028 861; x_wconf 79' lang='lat' dir='ltr'>fingulariter</span> <span class='ocrx_word' id='word_1_458' title='bbox 2038 830 2104 853; x_wconf 87' lang='lat' dir='ltr'>con-</span> 
     </span>
     <span class='ocr_line' id='line_1_68' title="bbox 1211 863 2104 908; baseline 0.007 -11"><span class='ocrx_word' id='word_1_459' title='bbox 1211 863 1310 908; x_wconf 85' lang='lat' dir='ltr'>fiteris</span> <span class='ocrx_word' id='word_1_460' title='bbox 1329 867 1364 900; x_wconf 73' lang='lat' dir='ltr'>o·</span> <span class='ocrx_word' id='word_1_461' title='bbox 1387 865 1475 908; x_wconf 75' lang='lat' dir='ltr'>defles</span> <span class='ocrx_word' id='word_1_462' title='bbox 1496 891 1507 907; x_wconf 94' lang='lat'>,</span> <span class='ocrx_word' id='word_1_463' title='bbox 1528 866 1613 908; x_wconf 76' lang='lat' dir='ltr'>simul</span> <span class='ocrx_word' id='word_1_464' title='bbox 1633 876 1663 901; x_wconf 81' lang='lat' dir='ltr'>te</span> <span class='ocrx_word' id='word_1_465' title='bbox 1682 868 1720 901; x_wconf 84' lang='lat' dir='ltr'>de</span> <span class='ocrx_word' id='word_1_466' title='bbox 1745 867 1880 901; x_wconf 86' lang='lat' dir='ltr'>omnibus</span> <span class='ocrx_word' id='word_1_467' title='bbox 1906 868 2036 902; x_wconf 60' lang='lat' dir='ltr'>aelorum</span> <span class='ocrx_word' id='word_1_468' title='bbox 2058 870 2104 903; x_wconf 81' lang='lat' dir='ltr'>la-</span> 
     </span>
     <span class='ocr_line' id='line_1_69' title="bbox 1215 914 2109 954; baseline 0.009 -8"><span class='ocrx_word' id='word_1_469' title='bbox 1215 914 1337 953; x_wconf 80' lang='lat' dir='ltr'>chrymis</span> <span class='ocrx_word' id='word_1_470' title='bbox 1356 917 1499 950; x_wconf 78' lang='lat' dir='ltr'>mundes.</span> <span class='ocrx_word' id='word_1_471' title='bbox 1527 917 1653 952; x_wconf 78' lang='lat' dir='ltr'>Lucide</span> <span class='ocrx_word' id='word_1_472' title='bbox 1663 917 1796 952; x_wconf 86' lang='lat' dir='ltr'>mandat</span> <span class='ocrx_word' id='word_1_473' title='bbox 1808 917 2109 954; x_wconf 81' lang='lat' dir='ltr'>fieriSacramenta·</span> 
     </span>
     <span class='ocr_line' id='line_1_70' title="bbox 1216 964 2103 1011; baseline 0.007 -13"><span class='ocrx_word' id='word_1_474' title='bbox 1216 964 1279 998; x_wconf 90' lang='lat' dir='ltr'>lem</span> <span class='ocrx_word' id='word_1_475' title='bbox 1301 967 1535 1000; x_wconf 81' lang='lat' dir='ltr'>confessionem</span> <span class='ocrx_word' id='word_1_476' title='bbox 1559 992 1570 1008; x_wconf 90' lang='lat'>,</span> <span class='ocrx_word' id='word_1_477' title='bbox 1594 977 1692 1011; x_wconf 89' lang='lat' dir='ltr'>atque</span> <span class='ocrx_word' id='word_1_478' title='bbox 1712 968 1756 1002; x_wconf 86' lang='lat' dir='ltr'>ita</span> <span class='ocrx_word' id='word_1_479' title='bbox 1776 968 1809 1001; x_wconf 91' lang='lat'>&amp;</span> <span class='ocrx_word' id='word_1_480' title='bbox 1831 968 2103 1004; x_wconf 83' lang='lat' dir='ltr'>Sacramentalem</span> 
     </span>
     <span class='ocr_line' id='line_1_71' title="bbox 1217 1014 2102 1062; baseline 0.006 -14"><span class='ocrx_word' id='word_1_481' title='bbox 1217 1014 1458 1050; x_wconf 85' lang='lat' dir='ltr'>absolutionem</span> <span class='ocrx_word' id='word_1_482' title='bbox 1479 1016 1642 1052; x_wconf 86' lang='lat' dir='ltr'>obtineri:</span> <span class='ocrx_word' id='word_1_483' title='bbox 1671 1018 1761 1062; x_wconf 87' lang='lat' dir='ltr'>Ergo</span> <span class='ocrx_word' id='word_1_484' title='bbox 1786 1018 1852 1061; x_wconf 74' lang='grc' dir='ltr'>’μω</span> <span class='ocrx_word' id='word_1_485' title='bbox 1877 1018 1935 1052; x_wconf 86' lang='lat' dir='ltr'>fibi</span> <span class='ocrx_word' id='word_1_486' title='bbox 1958 1020 2075 1053; x_wconf 69' lang='lat' dir='ltr'>fastam</span> <span class='ocrx_word' id='word_1_487' title='bbox 2089 1043 2102 1061; x_wconf 90' lang='lat'>,</span> 
     </span>
     <span class='ocr_line' id='line_1_72' title="bbox 1214 1065 2103 1110; baseline 0.007 -11"><span class='ocrx_word' id='word_1_488' title='bbox 1214 1066 1249 1099; x_wconf 89' lang='lat'>&amp;</span> <span class='ocrx_word' id='word_1_489' title='bbox 1271 1066 1290 1099; x_wconf 73' lang='grc' dir='ltr'>ὲ</span> <span class='ocrx_word' id='word_1_490' title='bbox 1314 1067 1344 1099; x_wconf 91' lang='lat' dir='ltr'>se</span> <span class='ocrx_word' id='word_1_491' title='bbox 1366 1066 1475 1100; x_wconf 87' lang='lat' dir='ltr'>datam</span> <span class='ocrx_word' id='word_1_492' title='bbox 1495 1078 1562 1101; x_wconf 89' lang='lat' dir='ltr'>non</span> <span class='ocrx_word' id='word_1_493' title='bbox 1588 1065 1700 1101; x_wconf 81' lang='lat' dir='ltr'>habuit</span> <span class='ocrx_word' id='word_1_494' title='bbox 1723 1078 1779 1110; x_wconf 91' lang='lat' dir='ltr'>pro</span> <span class='ocrx_word' id='word_1_495' title='bbox 1800 1067 1958 1109; x_wconf 69' lang='lat' dir='ltr'>eiusmodi</span> <span class='ocrx_word' id='word_1_496' title='bbox 1982 1094 1988 1101; x_wconf 97' lang='lat'>.</span> <span class='ocrx_word' id='word_1_497' title='bbox 2028 1070 2103 1104; x_wconf 86' lang='lat' dir='ltr'>Nec</span> 
     </span>
     <span class='ocr_line' id='line_1_73' title="bbox 1214 1114 2102 1162; baseline 0.007 -14"><span class='ocrx_word' id='word_1_498' title='bbox 1214 1114 1448 1150; x_wconf 74' lang='lat' dir='ltr'>tantummodo</span> <span class='ocrx_word' id='word_1_499' title='bbox 1467 1115 1618 1151; x_wconf 74' lang='lat' dir='ltr'>confeffis</span> <span class='ocrx_word' id='word_1_500' title='bbox 1639 1140 1650 1157; x_wconf 92' lang='lat'>,</span> <span class='ocrx_word' id='word_1_501' title='bbox 1686 1116 1739 1151; x_wconf 89' lang='lat' dir='ltr'>sed</span> <span class='ocrx_word' id='word_1_502' title='bbox 1764 1117 1869 1152; x_wconf 86' lang='lat' dir='ltr'>etiam</span> <span class='ocrx_word' id='word_1_503' title='bbox 1894 1119 2102 1162; x_wconf 78' lang='lat' dir='ltr'>confesiuris,</span> 
     </span>
     <span class='ocr_line' id='line_1_74' title="bbox 1213 1165 2106 1210; baseline 0.006 -12"><span class='ocrx_word' id='word_1_504' title='bbox 1213 1165 1317 1200; x_wconf 78' lang='lat' dir='ltr'>immo</span> <span class='ocrx_word' id='word_1_505' title='bbox 1340 1167 1374 1200; x_wconf 86' lang='lat'>&amp;</span> <span class='ocrx_word' id='word_1_506' title='bbox 1395 1177 1462 1200; x_wconf 90' lang='lat' dir='ltr'>non</span> <span class='ocrx_word' id='word_1_507' title='bbox 1484 1167 1668 1210; x_wconf 85' lang='lat' dir='ltr'>petentibus</span> <span class='ocrx_word' id='word_1_508' title='bbox 1689 1168 1779 1202; x_wconf 84' lang='lat' dir='ltr'>suam</span> <span class='ocrx_word' id='word_1_509' title='bbox 1790 1165 2034 1206; x_wconf 86' lang='lat' dir='ltr'>absolutionem</span> <span class='ocrx_word' id='word_1_510' title='bbox 2046 1170 2106 1204; x_wconf 88' lang='lat' dir='ltr'>mi·</span> 
     </span>
     <span class='ocr_line' id='line_1_75' title="bbox 1213 1215 2106 1261; baseline 0.006 -13"><span class='ocrx_word' id='word_1_511' title='bbox 1213 1216 1251 1248; x_wconf 80' lang='lat' dir='ltr'>sit</span> <span class='ocrx_word' id='word_1_512' title='bbox 1268 1215 1403 1250; x_wconf 73' lang='lat' dir='ltr'>Sanctus</span> <span class='ocrx_word' id='word_1_513' title='bbox 1423 1215 1620 1257; x_wconf 88' lang='lat' dir='ltr'>Anseltnus,</span> <span class='ocrx_word' id='word_1_514' title='bbox 1648 1227 1745 1261; x_wconf 75' lang='lat' dir='ltr'>atque</span> <span class='ocrx_word' id='word_1_515' title='bbox 1766 1218 1809 1251; x_wconf 85' lang='lat' dir='ltr'>ita</span> <span class='ocrx_word' id='word_1_516' title='bbox 1832 1229 1902 1253; x_wconf 88' lang='lat' dir='ltr'>non</span> <span class='ocrx_word' id='word_1_517' title='bbox 1928 1216 2026 1252; x_wconf 82' lang='lat' dir='ltr'>duxit</span> <span class='ocrx_word' id='word_1_518' title='bbox 2050 1220 2106 1253; x_wconf 83' lang='lat' dir='ltr'>Sa-</span> 
     </span>
     <span class='ocr_line' id='line_1_76' title="bbox 1214 1265 2104 1312; baseline 0.006 -14"><span class='ocrx_word' id='word_1_519' title='bbox 1214 1265 1466 1300; x_wconf 81' lang='lat' dir='ltr'>cramentalem.</span> <span class='ocrx_word' id='word_1_520' title='bbox 1493 1266 1548 1300; x_wconf 90' lang='lat' dir='ltr'>De</span> <span class='ocrx_word' id='word_1_521' title='bbox 1569 1265 1752 1302; x_wconf 85' lang='lat' dir='ltr'>istiusmodi</span> <span class='ocrx_word' id='word_1_522' title='bbox 1774 1268 1875 1312; x_wconf 86' lang='lat' dir='ltr'>igitur</span> <span class='ocrx_word' id='word_1_523' title='bbox 1895 1267 2104 1304; x_wconf 82' lang='lat' dir='ltr'>absolutione</span> 
     </span>
     <span class='ocr_line' id='line_1_77' title="bbox 1214 1314 2103 1354; baseline 0.009 -9"><span class='ocrx_word' id='word_1_524' title='bbox 1214 1314 1303 1354; x_wconf 86' lang='lat' dir='ltr'>loqui</span> <span class='ocrx_word' id='word_1_525' title='bbox 1326 1314 1454 1347; x_wconf 87' lang='lat' dir='ltr'>videtur</span> <span class='ocrx_word' id='word_1_526' title='bbox 1471 1315 1507 1348; x_wconf 86' lang='lat' dir='ltr'>in</span> <span class='ocrx_word' id='word_1_527' title='bbox 1528 1315 1644 1349; x_wconf 85' lang='lat' dir='ltr'>litteris</span> <span class='ocrx_word' id='word_1_528' title='bbox 1663 1315 1705 1350; x_wconf 78' lang='lat' dir='ltr'>ad</span> <span class='ocrx_word' id='word_1_529' title='bbox 1717 1316 1909 1352; x_wconf 79' lang='lat' dir='ltr'>Goffredum</span> <span class='ocrx_word' id='word_1_530' title='bbox 1937 1318 2103 1354; x_wconf 85' lang='lat' dir='ltr'>Abbatem</span> 
     </span>
     <span class='ocr_line' id='line_1_78' title="bbox 1215 1362 2110 1410; baseline 0.007 -14"><span class='ocrx_word' id='word_1_531' title='bbox 1215 1362 1500 1398; x_wconf 82' lang='lat' dir='ltr'>vindocinensem</span> <span class='ocrx_word' id='word_1_532' title='bbox 1524 1364 1659 1398; x_wconf 63' lang='lat' dir='ltr'>Sandius</span> <span class='ocrx_word' id='word_1_533' title='bbox 1682 1365 1743 1408; x_wconf 83' lang='lat' dir='ltr'>Jvo</span> <span class='ocrx_word' id='word_1_534' title='bbox 1754 1364 1959 1401; x_wconf 61' lang='lat' dir='ltr'>carnutensis</span> <span class='ocrx_word' id='word_1_535' title='bbox 1971 1368 2110 1410; x_wconf 54' lang='lat' dir='ltr'>Episcot</span> 
     </span>
     <span class='ocr_line' id='line_1_79' title="bbox 1215 1412 2105 1459; baseline 0.003 -13"><span class='ocrx_word' id='word_1_536' title='bbox 1215 1425 1273 1457; x_wconf 88' lang='lat' dir='ltr'>pus</span> <span class='ocrx_word' id='word_1_537' title='bbox 1287 1427 1299 1446; x_wconf 90' lang='lat'><em>:</em></span> <span class='ocrx_word' id='word_1_538' title='bbox 1326 1412 1463 1446; x_wconf 81' lang='lat' dir='ltr'>Monacbi</span> <span class='ocrx_word' id='word_1_539' title='bbox 1484 1413 1644 1446; x_wconf 54' lang='lat' dir='ltr'>benedicito</span> <span class='ocrx_word' id='word_1_540' title='bbox 1664 1426 1722 1447; x_wconf 82' lang='lat' dir='ltr'>non</span> <span class='ocrx_word' id='word_1_541' title='bbox 1745 1414 1783 1455; x_wconf 80' lang='lat' dir='ltr'>est</span> <span class='ocrx_word' id='word_1_542' title='bbox 1811 1425 1919 1448; x_wconf 82' lang='lat' dir='ltr'>manus</span> <span class='ocrx_word' id='word_1_543' title='bbox 1945 1415 2105 1459; x_wconf 48' lang='lat' dir='ltr'>impostum</span> 
     </span>
     <span class='ocr_line' id='line_1_80' title="bbox 1213 1462 2105 1504; baseline 0.004 -8"><span class='ocrx_word' id='word_1_544' title='bbox 1213 1465 1264 1497; x_wconf 83' lang='lat' dir='ltr'>vel</span> <span class='ocrx_word' id='word_1_545' title='bbox 1286 1464 1414 1503; x_wconf 77' lang='lat' dir='ltr'>alicujus</span> <span class='ocrx_word' id='word_1_546' title='bbox 1440 1465 1624 1495; x_wconf 79' lang='lat' dir='ltr'>sacramenti</span> <span class='ocrx_word' id='word_1_547' title='bbox 1645 1474 1685 1497; x_wconf 76' lang='lat' dir='ltr'>ex</span> <span class='ocrx_word' id='word_1_548' title='bbox 1713 1462 1871 1504; x_wconf 71' lang='lat' dir='ltr'>apostolica</span> <span class='ocrx_word' id='word_1_549' title='bbox 1889 1467 2053 1500; x_wconf 79' lang='lat' dir='ltr'>traditione</span> <span class='ocrx_word' id='word_1_550' title='bbox 2062 1477 2105 1500; x_wconf 82' lang='lat' dir='ltr'>ce-</span> 
     </span>
     <span class='ocr_line' id='line_1_81' title="bbox 1213 1511 2102 1556; baseline 0.001 -9"><span class='ocrx_word' id='word_1_551' title='bbox 1213 1514 1334 1547; x_wconf 85' lang='lat' dir='ltr'>lebratio</span> <span class='ocrx_word' id='word_1_552' title='bbox 1362 1537 1369 1545; x_wconf 88' lang='lat'>.</span> <span class='ocrx_word' id='word_1_553' title='bbox 1408 1516 1472 1545; x_wconf 89' lang='lat' dir='ltr'>Nec</span> <span class='ocrx_word' id='word_1_554' title='bbox 1510 1512 1606 1545; x_wconf 84' lang='lat' dir='ltr'>aliam</span> <span class='ocrx_word' id='word_1_555' title='bbox 1633 1517 1699 1546; x_wconf 79' lang='lat' dir='ltr'>vim</span> <span class='ocrx_word' id='word_1_556' title='bbox 1724 1511 1834 1547; x_wconf 83' lang='lat' dir='ltr'>habere</span> <span class='ocrx_word' id='word_1_557' title='bbox 1857 1513 1932 1546; x_wconf 85' lang='lat' dir='ltr'>mibi</span> <span class='ocrx_word' id='word_1_558' title='bbox 1957 1516 2102 1556; x_wconf 84' lang='lat' dir='ltr'>videtur,</span> 
     </span>
     <span class='ocr_line' id='line_1_82' title="bbox 1214 1560 2104 1607; baseline 0.004 -12"><span class='ocrx_word' id='word_1_559' title='bbox 1214 1564 1303 1606; x_wconf 77' lang='lat' dir='ltr'>qucim</span> <span class='ocrx_word' id='word_1_560' title='bbox 1310 1560 1401 1606; x_wconf 83' lang='lat' dir='ltr'>super</span> <span class='ocrx_word' id='word_1_561' title='bbox 1408 1567 1602 1604; x_wconf 74' lang='lat' dir='ltr'>poenitentem</span> <span class='ocrx_word' id='word_1_562' title='bbox 1613 1561 1755 1607; x_wconf 79' lang='lat' dir='ltr'>absolutio</span> <span class='ocrx_word' id='word_1_563' title='bbox 1766 1587 1777 1602; x_wconf 90' lang='lat'>‚</span> <span class='ocrx_word' id='word_1_564' title='bbox 1803 1563 1855 1596; x_wconf 84' lang='lat' dir='ltr'>vel</span> <span class='ocrx_word' id='word_1_565' title='bbox 1865 1561 1956 1606; x_wconf 72' lang='lat' dir='ltr'>super</span> <span class='ocrx_word' id='word_1_566' title='bbox 1961 1566 2104 1607; x_wconf 78' lang='lat' dir='ltr'>populum</span> 
     </span>
     <span class='ocr_line' id='line_1_83' title="bbox 1213 1610 2102 1659; baseline 0.003 -11"><span class='ocrx_word' id='word_1_567' title='bbox 1213 1610 1376 1648; x_wconf 81' lang='lat' dir='ltr'>Sacerdotis&#39;</span> <span class='ocrx_word' id='word_1_568' title='bbox 1397 1617 1502 1646; x_wconf 83' lang='lat' dir='ltr'>oratio.</span> <span class='ocrx_word' id='word_1_569' title='bbox 1529 1611 1669 1647; x_wconf 88' lang='lat' dir='ltr'>Videtur</span> <span class='ocrx_word' id='word_1_570' title='bbox 1680 1623 1749 1647; x_wconf 87' lang='lat' dir='ltr'>non</span> <span class='ocrx_word' id='word_1_571' title='bbox 1762 1612 1856 1647; x_wconf 81' lang='lat' dir='ltr'>fuiffe</span> <span class='ocrx_word' id='word_1_572' title='bbox 1866 1613 1976 1655; x_wconf 82' lang='lat' dir='ltr'>aliud,</span> <span class='ocrx_word' id='word_1_573' title='bbox 2002 1617 2102 1659; x_wconf 68' lang='lat' dir='ltr'>quim</span> 
     </span>
     <span class='ocr_line' id='line_1_84' title="bbox 1215 1661 2102 1707; baseline 0.005 -11"><span class='ocrx_word' id='word_1_574' title='bbox 1215 1664 1315 1706; x_wconf 77' lang='lat' dir='ltr'>plenae</span> <span class='ocrx_word' id='word_1_575' title='bbox 1338 1661 1556 1697; x_wconf 88' lang='lat' dir='ltr'>absolutionis</span> <span class='ocrx_word' id='word_1_576' title='bbox 1578 1661 1725 1707; x_wconf 85' lang='lat' dir='ltr'>delegata</span> <span class='ocrx_word' id='word_1_577' title='bbox 1746 1662 1906 1707; x_wconf 83' lang='lat' dir='ltr'>potestas,</span> <span class='ocrx_word' id='word_1_578' title='bbox 1932 1664 1968 1698; x_wconf 87' lang='lat' dir='ltr'>in</span> <span class='ocrx_word' id='word_1_579' title='bbox 1983 1665 2102 1701; x_wconf 80' lang='lat' dir='ltr'>mortis</span> 
     </span>
     <span class='ocr_line' id='line_1_85' title="bbox 1215 1711 2103 1757; baseline 0.005 -10"><span class='ocrx_word' id='word_1_580' title='bbox 1215 1713 1381 1757; x_wconf 77' lang='lat' dir='ltr'>praesertim</span> <span class='ocrx_word' id='word_1_581' title='bbox 1408 1712 1548 1748; x_wconf 87' lang='lat' dir='ltr'>articulo</span> <span class='ocrx_word' id='word_1_582' title='bbox 1571 1711 1742 1748; x_wconf 73' lang='lat' dir='ltr'>necessaria</span> <span class='ocrx_word' id='word_1_583' title='bbox 1762 1712 1978 1748; x_wconf 46' lang='lat' dir='ltr'>&amp;fructuosa</span> <span class='ocrx_word' id='word_1_584' title='bbox 2006 1714 2103 1750; x_wconf 86' lang='lat' dir='ltr'>Hine</span> 
     </span>
     <span class='ocr_line' id='line_1_86' title="bbox 1214 1761 2102 1805; baseline 0.001 -7"><span class='ocrx_word' id='word_1_585' title='bbox 1214 1765 1247 1798; x_wconf 89' lang='lat'>&amp;</span> <span class='ocrx_word' id='word_1_586' title='bbox 1275 1761 1507 1805; x_wconf 83' lang='lat' dir='ltr'>Presbyterum</span> <span class='ocrx_word' id='word_1_587' title='bbox 1528 1763 1620 1796; x_wconf 88' lang='lat' dir='ltr'>suum</span> <span class='ocrx_word' id='word_1_588' title='bbox 1643 1772 1720 1798; x_wconf 88' lang='lat' dir='ltr'>cum</span> <span class='ocrx_word' id='word_1_589' title='bbox 1744 1763 1864 1798; x_wconf 72' lang='lat' dir='ltr'>Sansto</span> <span class='ocrx_word' id='word_1_590' title='bbox 1890 1763 2102 1799; x_wconf 86' lang='lat' dir='ltr'>infirmorum</span> 
     </span>
     <span class='ocr_line' id='line_1_87' title="bbox 1214 1811 2105 1858; baseline 0.003 -11"><span class='ocrx_word' id='word_1_591' title='bbox 1214 1814 1291 1848; x_wconf 90' lang='lat' dir='ltr'>oleo</span> <span class='ocrx_word' id='word_1_592' title='bbox 1314 1812 1434 1858; x_wconf 71' lang='lat' dir='ltr'>legavit</span> <span class='ocrx_word' id='word_1_593' title='bbox 1457 1812 1497 1847; x_wconf 88' lang='lat' dir='ltr'>ad</span> <span class='ocrx_word' id='word_1_594' title='bbox 1520 1811 1760 1848; x_wconf 84' lang='lat' dir='ltr'>Hildeboldum</span> <span class='ocrx_word' id='word_1_595' title='bbox 1779 1812 2005 1854; x_wconf 82' lang='lat' dir='ltr'>Hiucmarus,</span> <span class='ocrx_word' id='word_1_596' title='bbox 2030 1814 2105 1850; x_wconf 80' lang='lat' dir='ltr'>vice</span> 
     </span>
     <span class='ocr_line' id='line_1_88' title="bbox 1216 1861 2103 1908; baseline 0.001 -10"><span class='ocrx_word' id='word_1_597' title='bbox 1216 1866 1271 1898; x_wconf 83' lang='lat' dir='ltr'>sua</span> <span class='ocrx_word' id='word_1_598' title='bbox 1299 1863 1456 1897; x_wconf 69' lang='lat' dir='ltr'>fastorum</span> <span class='ocrx_word' id='word_1_599' title='bbox 1480 1862 1594 1897; x_wconf 83' lang='lat' dir='ltr'>omnia</span> <span class='ocrx_word' id='word_1_600' title='bbox 1611 1887 1622 1903; x_wconf 93' lang='lat'>‚</span> <span class='ocrx_word' id='word_1_601' title='bbox 1658 1874 1727 1907; x_wconf 72' lang='lat' dir='ltr'>quse</span> <span class='ocrx_word' id='word_1_602' title='bbox 1751 1861 1819 1907; x_wconf 84' lang='lat' dir='ltr'>ipse</span> <span class='ocrx_word' id='word_1_603' title='bbox 1846 1864 1980 1906; x_wconf 84' lang='lat' dir='ltr'>praesens</span> <span class='ocrx_word' id='word_1_604' title='bbox 2004 1874 2103 1908; x_wconf 86' lang='lat' dir='ltr'>agere</span> 
     </span>
     <span class='ocr_line' id='line_1_89' title="bbox 1215 1911 2106 1959; baseline 0.001 -11"><span class='ocrx_word' id='word_1_605' title='bbox 1215 1912 1371 1948; x_wconf 75' lang='lat' dir='ltr'>debuisset</span> <span class='ocrx_word' id='word_1_606' title='bbox 1385 1937 1393 1946; x_wconf 83' lang='lat'>.</span> <span class='ocrx_word' id='word_1_607' title='bbox 1423 1912 1492 1959; x_wconf 79' lang='lat' dir='ltr'>Qi</span> <span class='ocrx_word' id='word_1_608' title='bbox 1513 1911 1699 1948; x_wconf 63' lang='lat' dir='ltr'>distinctam</span> <span class='ocrx_word' id='word_1_609' title='bbox 1719 1913 1872 1948; x_wconf 83' lang='lat' dir='ltr'>omnium</span> <span class='ocrx_word' id='word_1_610' title='bbox 1896 1923 2106 1956; x_wconf 75' lang='lat' dir='ltr'>peccatorum</span> 
     </span>
     <span class='ocr_line' id='line_1_90' title="bbox 1216 1960 2103 2009; baseline -0.001 -11"><span class='ocrx_word' id='word_1_611' title='bbox 1216 1963 1451 1998; x_wconf 82' lang='lat' dir='ltr'>confessionem</span> <span class='ocrx_word' id='word_1_612' title='bbox 1464 1960 1626 2006; x_wconf 82' lang='lat' dir='ltr'>exciperet</span> <span class='ocrx_word' id='word_1_613' title='bbox 1639 1987 1650 2004; x_wconf 91' lang='lat'><em>‚</em></span> <span class='ocrx_word' id='word_1_614' title='bbox 1675 1972 1811 2009; x_wconf 87' lang='lat' dir='ltr'>ungeret</span> <span class='ocrx_word' id='word_1_615' title='bbox 1821 1988 1840 2004; x_wconf 18' lang='lat' dir='ltr'>‚v</span> <span class='ocrx_word' id='word_1_616' title='bbox 1857 1963 2083 1999; x_wconf 83' lang='lat' dir='ltr'>reconciliaret</span> <span class='ocrx_word' id='word_1_617' title='bbox 2093 1987 2103 1997; x_wconf 98' lang='lat'>.</span> 
     </span>
     <span class='ocr_line' id='line_1_91' title="bbox 1217 2011 2103 2061; baseline 0.003 -15"><span class='ocrx_word' id='word_1_618' title='bbox 1217 2011 1391 2061; x_wconf 65' lang='lat' dir='ltr'>Qudquid</span> <span class='ocrx_word' id='word_1_619' title='bbox 1415 2013 1453 2046; x_wconf 82' lang='lat' dir='ltr'>sit</span> <span class='ocrx_word' id='word_1_620' title='bbox 1467 2036 1477 2053; x_wconf 91' lang='lat'><strong>,</strong></span> <span class='ocrx_word' id='word_1_621' title='bbox 1502 2013 1688 2048; x_wconf 84' lang='lat' dir='ltr'>absentium</span> <span class='ocrx_word' id='word_1_622' title='bbox 1709 2012 1943 2049; x_wconf 83' lang='lat' dir='ltr'>confeffionem</span> <span class='ocrx_word' id='word_1_623' title='bbox 1965 2012 2103 2049; x_wconf 83' lang='lat' dir='ltr'>&amp;abso-</span> 
     </span>
     <span class='ocr_line' id='line_1_92' title="bbox 1217 2060 2104 2107; baseline 0.002 -11"><span class='ocrx_word' id='word_1_624' title='bbox 1217 2064 1378 2097; x_wconf 84' lang='lat' dir='ltr'>lutionem</span> <span class='ocrx_word' id='word_1_625' title='bbox 1396 2060 1476 2099; x_wconf 71' lang='lat' dir='ltr'>recte</span> <span class='ocrx_word' id='word_1_626' title='bbox 1499 2063 1678 2107; x_wconf 73' lang='lat' dir='ltr'>proscripsit</span> <span class='ocrx_word' id='word_1_627' title='bbox 1695 2074 1736 2098; x_wconf 82' lang='lat' dir='ltr'>ac</span> <span class='ocrx_word' id='word_1_628' title='bbox 1755 2061 1924 2098; x_wconf 86' lang='lat' dir='ltr'>interdixit</span> <span class='ocrx_word' id='word_1_629' title='bbox 1946 2064 2104 2099; x_wconf 83' lang='lat' dir='ltr'>Clemens</span> 
     </span>
     <span class='ocr_line' id='line_1_93' title="bbox 1215 2112 2109 2154; baseline 0.001 -8"><span class='ocrx_word' id='word_1_630' title='bbox 1215 2113 1346 2147; x_wconf 60' lang='lat' dir='ltr'>ossavus</span> <span class='ocrx_word' id='word_1_631' title='bbox 1357 2113 1516 2147; x_wconf 80' lang='lat' dir='ltr'>Pontifex</span> <span class='ocrx_word' id='word_1_632' title='bbox 1527 2137 1535 2144; x_wconf 89' lang='lat'>.</span> <span class='ocrx_word' id='word_1_633' title='bbox 1556 2113 1631 2146; x_wconf 85' lang='lat' dir='ltr'>Rex</span> <span class='ocrx_word' id='word_1_634' title='bbox 1641 2113 1732 2146; x_wconf 82' lang='lat' dir='ltr'>enim</span> <span class='ocrx_word' id='word_1_635' title='bbox 1743 2112 1789 2147; x_wconf 87' lang='lat' dir='ltr'>est</span> <span class='ocrx_word' id='word_1_636' title='bbox 1801 2112 1979 2147; x_wconf 75' lang='lat' dir='ltr'>admodum</span> <span class='ocrx_word' id='word_1_637' title='bbox 1991 2113 2109 2154; x_wconf 76' lang='lat' dir='ltr'>dubia,</span> 
     </span>
     <span class='ocr_line' id='line_1_94' title="bbox 1215 2161 2104 2206; baseline 0.002 -11"><span class='ocrx_word' id='word_1_638' title='bbox 1215 2162 1249 2195; x_wconf 75' lang='grc' dir='ltr'>δε</span> <span class='ocrx_word' id='word_1_639' title='bbox 1264 2163 1297 2196; x_wconf 84' lang='lat' dir='ltr'>in</span> <span class='ocrx_word' id='word_1_640' title='bbox 1315 2161 1508 2196; x_wconf 84' lang='lat' dir='ltr'>neceffitatis</span> <span class='ocrx_word' id='word_1_641' title='bbox 1517 2162 1736 2198; x_wconf 81' lang='lat' dir='ltr'>sacramentis</span> <span class='ocrx_word' id='word_1_642' title='bbox 1745 2161 1901 2196; x_wconf 86' lang='lat' dir='ltr'>sententia</span> <span class='ocrx_word' id='word_1_643' title='bbox 1921 2161 2104 2206; x_wconf 80' lang='lat' dir='ltr'>probabilis</span> 
     </span>
     <span class='ocr_line' id='line_1_95' title="bbox 1218 2210 2107 2246; baseline 0.001 -1"><span class='ocrx_word' id='word_1_644' title='bbox 1218 2212 1347 2245; x_wconf 88' lang='lat' dir='ltr'>nullum</span> <span class='ocrx_word' id='word_1_645' title='bbox 1357 2210 1452 2245; x_wconf 84' lang='lat' dir='ltr'>habet</span> <span class='ocrx_word' id='word_1_646' title='bbox 1464 2211 1595 2244; x_wconf 85' lang='lat' dir='ltr'>locum.</span> <span class='ocrx_word' id='word_1_647' title='bbox 1625 2210 1696 2243; x_wconf 79' lang='lat' dir='ltr'>Nisi</span> <span class='ocrx_word' id='word_1_648' title='bbox 1707 2212 1811 2244; x_wconf 86' lang='lat' dir='ltr'>forsan</span> <span class='ocrx_word' id='word_1_649' title='bbox 1825 2211 1860 2243; x_wconf 85' lang='lat' dir='ltr'>in</span> <span class='ocrx_word' id='word_1_650' title='bbox 1881 2219 2029 2244; x_wconf 85' lang='lat' dir='ltr'>extremo</span> <span class='ocrx_word' id='word_1_651' title='bbox 2051 2223 2107 2246; x_wconf 87' lang='lat' dir='ltr'>ne·</span> 
     </span>
     <span class='ocr_line' id='line_1_96' title="bbox 1217 2258 2106 2295; baseline 0.001 -1"><span class='ocrx_word' id='word_1_652' title='bbox 1217 2260 1368 2294; x_wconf 84' lang='lat' dir='ltr'>ceffitatis</span> <span class='ocrx_word' id='word_1_653' title='bbox 1394 2258 1532 2293; x_wconf 81' lang='lat' dir='ltr'>articulo</span> <span class='ocrx_word' id='word_1_654' title='bbox 1557 2283 1565 2291; x_wconf 91' lang='lat'>.</span> <span class='ocrx_word' id='word_1_655' title='bbox 1599 2258 1693 2293; x_wconf 85' lang='lat' dir='ltr'>Hinc</span> <span class='ocrx_word' id='word_1_656' title='bbox 1723 2258 1891 2293; x_wconf 83' lang='lat' dir='ltr'>laudatum</span> <span class='ocrx_word' id='word_1_657' title='bbox 1920 2260 2106 2295; x_wconf 82' lang='lat' dir='ltr'>Clementis</span> 
     </span>
     <span class='ocr_line' id='line_1_97' title="bbox 1219 2308 2109 2353; baseline 0.001 -9"><span class='ocrx_word' id='word_1_658' title='bbox 1219 2311 1396 2345; x_wconf 88' lang='lat' dir='ltr'>Decretum</span> <span class='ocrx_word' id='word_1_659' title='bbox 1412 2308 1547 2353; x_wconf 82' lang='lat' dir='ltr'>quidam</span> <span class='ocrx_word' id='word_1_660' title='bbox 1567 2308 1687 2344; x_wconf 86' lang='lat' dir='ltr'>volunt</span> <span class='ocrx_word' id='word_1_661' title='bbox 1707 2308 1748 2343; x_wconf 81' lang='lat' dir='ltr'>ad</span> <span class='ocrx_word' id='word_1_662' title='bbox 1759 2308 1855 2344; x_wconf 89' lang='lat' dir='ltr'>illum</span> <span class='ocrx_word' id='word_1_663' title='bbox 1869 2319 1938 2344; x_wconf 87' lang='lat' dir='ltr'>non</span> <span class='ocrx_word' id='word_1_664' title='bbox 1949 2309 2083 2345; x_wconf 84' lang='lat' dir='ltr'>extendi</span> <span class='ocrx_word' id='word_1_665' title='bbox 2096 2335 2109 2345; x_wconf 92' lang='lat'>.</span> 
     </span>
    </p>
   </div>
   <div class='ocr_carea' id='block_1_12' title="bbox 2125 1506 2244 1544">
    <p class='ocr_par' dir='ltr' id='par_1_13' title="bbox 2125 1506 2244 1544">
     <span class='ocr_line' id='line_1_98' title="bbox 2125 1506 2244 1544; baseline 0 -11"><span class='ocrx_word' id='word_1_666' title='bbox 2125 1506 2173 1544; x_wconf 70' lang='lat' dir='ltr'>Ep.</span> <span class='ocrx_word' id='word_1_667' title='bbox 2195 1513 2244 1541; x_wconf 80' lang='lat'>41.</span> 
     </span>
    </p>
   </div>
   <div class='ocr_carea' id='block_1_13' title="bbox 1286 2487 2051 2543">
    <p class='ocr_par' dir='ltr' id='par_1_14' title="bbox 1286 2487 2051 2543">
     <span class='ocr_line' id='line_1_99' title="bbox 1286 2487 2051 2543; baseline 0.001 -5"><span class='ocrx_word' id='word_1_668' title='bbox 1286 2487 1888 2541; x_wconf 85' lang='lat' dir='ltr'>DECRETUM</span> <span class='ocrx_word' id='word_1_669' title='bbox 1988 2495 2051 2543; x_wconf 91' lang='lat' dir='ltr'>V.</span> 
     </span>
    </p>
   </div>
   <div class='ocr_carea' id='block_1_14' title="bbox 1223 2608 2112 2805">
    <p class='ocr_par' dir='ltr' id='par_1_15' title="bbox 1330 2608 2112 2654">
     <span class='ocr_line' id='line_1_100' title="bbox 1330 2608 2112 2654; baseline -0.001 -9"><span class='ocrx_word' id='word_1_670' title='bbox 1330 2608 1383 2645; x_wconf 87' lang='lat' dir='ltr'>Ac</span> <span class='ocrx_word' id='word_1_671' title='bbox 1407 2609 1487 2645; x_wconf 89' lang='lat' dir='ltr'>item</span> <span class='ocrx_word' id='word_1_672' title='bbox 1507 2610 1543 2646; x_wconf 82' lang='lat' dir='ltr'>in</span> <span class='ocrx_word' id='word_1_673' title='bbox 1565 2609 1703 2654; x_wconf 88' lang='lat' dir='ltr'>Synodo</span> <span class='ocrx_word' id='word_1_674' title='bbox 1723 2609 1788 2644; x_wconf 85' lang='lat' dir='ltr'>fuit</span> <span class='ocrx_word' id='word_1_675' title='bbox 1812 2611 1918 2654; x_wconf 76' lang='lat' dir='ltr'>sopita</span> <span class='ocrx_word' id='word_1_676' title='bbox 1943 2610 2077 2653; x_wconf 82' lang='lat' dir='ltr'>antiqua</span> <span class='ocrx_word' id='word_1_677' title='bbox 2092 2613 2112 2652; x_wconf 63' lang='lat'>‚⁴</span> 
     </span>
    </p>

    <p class='ocr_par' dir='ltr' id='par_1_16' title="bbox 1223 2659 2110 2805">
     <span class='ocr_line' id='line_1_101' title="bbox 1354 2659 2110 2704; baseline 0 -10"><span class='ocrx_word' id='word_1_678' title='bbox 1354 2661 1387 2694; x_wconf 89' lang='lat'>&amp;</span> <span class='ocrx_word' id='word_1_679' title='bbox 1412 2670 1487 2696; x_wconf 82' lang='lat' dir='ltr'>ante</span> <span class='ocrx_word' id='word_1_680' title='bbox 1524 2659 1750 2695; x_wconf 83' lang='lat' dir='ltr'>Alexandrum</span> <span class='ocrx_word' id='word_1_681' title='bbox 1785 2660 1963 2695; x_wconf 82' lang='lat' dir='ltr'>seeundum</span> <span class='ocrx_word' id='word_1_682' title='bbox 2003 2670 2110 2704; x_wconf 86' lang='lat' dir='ltr'>nuper</span> 
     </span>
     <span class='ocr_line' id='line_1_102' title="bbox 1223 2709 2108 2754; baseline 0 -9"><span class='ocrx_word' id='word_1_683' title='bbox 1223 2712 1322 2745; x_wconf 85' lang='lat' dir='ltr'>etiam</span> <span class='ocrx_word' id='word_1_684' title='bbox 1347 2710 1490 2754; x_wconf 84' lang='lat' dir='ltr'>agitata,</span> <span class='ocrx_word' id='word_1_685' title='bbox 1515 2709 1645 2754; x_wconf 83' lang='lat' dir='ltr'>quaestio</span> <span class='ocrx_word' id='word_1_686' title='bbox 1668 2710 1752 2745; x_wconf 85' lang='lat' dir='ltr'>inter</span> <span class='ocrx_word' id='word_1_687' title='bbox 1761 2709 1978 2746; x_wconf 85' lang='lat' dir='ltr'>Guilielmum</span> <span class='ocrx_word' id='word_1_688' title='bbox 1991 2710 2108 2746; x_wconf 80' lang='lat' dir='ltr'>Ultra-</span> 
     </span>
     <span class='ocr_line' id='line_1_103' title="bbox 1223 2757 2107 2805; baseline 0 -11"><span class='ocrx_word' id='word_1_689' title='bbox 1223 2760 1393 2805; x_wconf 63' lang='lat' dir='ltr'>{estensem</span> <span class='ocrx_word' id='word_1_690' title='bbox 1419 2760 1614 2804; x_wconf 86' lang='lat' dir='ltr'>Episcopum</span> <span class='ocrx_word' id='word_1_691' title='bbox 1635 2760 1669 2794; x_wconf 75' lang='grc' dir='ltr'>δε</span> <span class='ocrx_word' id='word_1_692' title='bbox 1689 2757 1826 2794; x_wconf 85' lang='lat' dir='ltr'>Roboth</span> <span class='ocrx_word' id='word_1_693' title='bbox 1845 2760 2107 2795; x_wconf 84' lang='lat' dir='ltr'>Noviomensern</span> 
     </span>
    </p>
   </div>
   <div class='ocr_carea' id='block_1_15' title="bbox 283 2795 2180 2856">
    <p class='ocr_par' dir='ltr' id='par_1_17' title="bbox 283 2795 2180 2856">
     <span class='ocr_line' id='line_1_104' title="bbox 283 2795 2180 2856; baseline -0.004 -6"><span class='ocrx_word' id='word_1_694' title='bbox 283 2815 354 2850; x_wconf 72' lang='lat' dir='ltr'>diam</span> <span class='ocrx_word' id='word_1_695' title='bbox 368 2814 518 2856; x_wconf 81' lang='lat' dir='ltr'>judicium</span> <span class='ocrx_word' id='word_1_696' title='bbox 541 2813 607 2852; x_wconf 86' lang='lat' dir='ltr'>ejus</span> <span class='ocrx_word' id='word_1_697' title='bbox 627 2813 783 2850; x_wconf 85' lang='lat' dir='ltr'>emundet,</span> <span class='ocrx_word' id='word_1_698' title='bbox 811 2812 844 2842; x_wconf 64' lang='lat'>(5</span> <span class='ocrx_word' id='word_1_699' title='bbox 867 2811 903 2842; x_wconf 83' lang='lat' dir='ltr'>de</span> <span class='ocrx_word' id='word_1_700' title='bbox 924 2817 1026 2842; x_wconf 83' lang='lat' dir='ltr'>caetero</span> <span class='ocrx_word' id='word_1_701' title='bbox 1051 2815 1082 2840; x_wconf 90' lang='lat' dir='ltr'>ut</span> <span class='ocrx_word' id='word_1_702' title='bbox 1102 2806 1183 2851; x_wconf 64' lang='lat' dir='ltr'>sese}</span> <span class='ocrx_word' id='word_1_703' title='bbox 1226 2813 1280 2845; x_wconf 80' lang='lat' dir='ltr'>seu</span> <span class='ocrx_word' id='word_1_704' title='bbox 1309 2810 1554 2849; x_wconf 86' lang='lat' dir='ltr'>Tornacensem</span> <span class='ocrx_word' id='word_1_705' title='bbox 1581 2808 1622 2844; x_wconf 89' lang='lat' dir='ltr'>de</span> <span class='ocrx_word' id='word_1_706' title='bbox 1657 2808 1796 2852; x_wconf 72' lang='lat' dir='ltr'>Ecclesia</span> <span class='ocrx_word' id='word_1_707' title='bbox 1815 2810 1924 2844; x_wconf 69' lang='lat' dir='ltr'>Sansti</span> <span class='ocrx_word' id='word_1_708' title='bbox 1946 2810 2109 2844; x_wconf 82' lang='lat' dir='ltr'>Donatia-</span> <span class='ocrx_word' id='word_1_709' title='bbox 2122 2795 2180 2848; x_wconf 61' lang='lat'>¹1³5·</span> 
     </span>
    </p>
   </div>
   <div class='ocr_carea' id='block_1_16' title="bbox 104 2660 1184 2905">
    <p class='ocr_par' dir='ltr' id='par_1_18' title="bbox 104 2660 1164 2806">
     <span class='ocr_line' id='line_1_105' title="bbox 104 2660 1161 2703; baseline -0.01 0"><span class='ocrx_word' id='word_1_710' title='bbox 104 2668 155 2700; x_wconf 54' lang='grc' dir='ltr'>ἓν·</span> <span class='ocrx_word' id='word_1_711' title='bbox 178 2672 225 2698; x_wconf 83' lang='lat'>59·</span> <span class='ocrx_word' id='word_1_712' title='bbox 279 2666 448 2701; x_wconf 84' lang='lat' dir='ltr'>Edmundi</span> <span class='ocrx_word' id='word_1_713' title='bbox 461 2679 468 2698; x_wconf 86' lang='lat'>:</span> <span class='ocrx_word' id='word_1_714' title='bbox 499 2665 614 2697; x_wconf 82' lang='lat' dir='ltr'>Nullus</span> <span class='ocrx_word' id='word_1_715' title='bbox 625 2662 751 2703; x_wconf 82' lang='lat' dir='ltr'>vestrum</span> <span class='ocrx_word' id='word_1_716' title='bbox 761 2670 840 2694; x_wconf 81' lang='lat' dir='ltr'>amet</span> <span class='ocrx_word' id='word_1_717' title='bbox 850 2669 904 2693; x_wconf 88' lang='lat' dir='ltr'>aut</span> <span class='ocrx_word' id='word_1_718' title='bbox 915 2660 988 2693; x_wconf 69' lang='lat' dir='ltr'>velit</span> <span class='ocrx_word' id='word_1_719' title='bbox 997 2660 1088 2692; x_wconf 81' lang='lat' dir='ltr'>celare</span> <span class='ocrx_word' id='word_1_720' title='bbox 1097 2667 1161 2700; x_wconf 80' lang='lat' dir='ltr'>pec·</span> 
     </span>
     <span class='ocr_line' id='line_1_106' title="bbox 280 2711 1163 2760; baseline -0.009 -11"><span class='ocrx_word' id='word_1_721' title='bbox 280 2715 410 2760; x_wconf 79' lang='lat' dir='ltr'>carasua</span> <span class='ocrx_word' id='word_1_722' title='bbox 423 2739 433 2755; x_wconf 87' lang='lat'><strong>,</strong></span> <span class='ocrx_word' id='word_1_723' title='bbox 455 2713 553 2756; x_wconf 78' lang='lat' dir='ltr'>sedea</span> <span class='ocrx_word' id='word_1_724' title='bbox 560 2723 637 2755; x_wconf 86' lang='lat' dir='ltr'>puro</span> <span class='ocrx_word' id='word_1_725' title='bbox 647 2723 681 2745; x_wconf 89' lang='lat' dir='ltr'>ac</span> <span class='ocrx_word' id='word_1_726' title='bbox 688 2711 811 2753; x_wconf 81' lang='lat' dir='ltr'>simplici</span> <span class='ocrx_word' id='word_1_727' title='bbox 829 2711 912 2743; x_wconf 81' lang='lat' dir='ltr'>corde</span> <span class='ocrx_word' id='word_1_728' title='bbox 934 2712 1058 2742; x_wconf 83' lang='lat' dir='ltr'>Domino</span> <span class='ocrx_word' id='word_1_729' title='bbox 1080 2711 1163 2742; x_wconf 85' lang='lat' dir='ltr'>Prio-</span> 
     </span>
     <span class='ocr_line' id='line_1_107' title="bbox 282 2757 1164 2806; baseline -0.01 -7"><span class='ocrx_word' id='word_1_730' title='bbox 282 2771 333 2806; x_wconf 83' lang='lat' dir='ltr'>ri,</span> <span class='ocrx_word' id='word_1_731' title='bbox 358 2773 413 2798; x_wconf 86' lang='lat' dir='ltr'>aut</span> <span class='ocrx_word' id='word_1_732' title='bbox 435 2768 479 2796; x_wconf 81' lang='lat' dir='ltr'>cui</span> <span class='ocrx_word' id='word_1_733' title='bbox 499 2763 558 2805; x_wconf 80' lang='lat' dir='ltr'>ipse</span> <span class='ocrx_word' id='word_1_734' title='bbox 576 2762 754 2805; x_wconf 71' lang='lat' dir='ltr'>concesserit,</span> <span class='ocrx_word' id='word_1_735' title='bbox 780 2759 951 2802; x_wconf 82' lang='lat' dir='ltr'>confiteatur</span> <span class='ocrx_word' id='word_1_736' title='bbox 974 2783 985 2799; x_wconf 95' lang='lat'>‚</span> <span class='ocrx_word' id='word_1_737' title='bbox 1013 2761 1047 2792; x_wconf 61' lang='grc' dir='ltr'><em>ὰ</em></span> <span class='ocrx_word' id='word_1_738' title='bbox 1062 2757 1164 2801; x_wconf 88' lang='lat' dir='ltr'>secun-</span> 
     </span>
    </p>

    <p class='ocr_par' dir='ltr' id='par_1_19' title="bbox 105 2851 1184 2905">
     <span class='ocr_line' id='line_1_108' title="bbox 105 2851 1184 2905; baseline -0.009 -5"><span class='ocrx_word' id='word_1_739' title='bbox 105 2856 158 2891; x_wconf 62' lang='grc' dir='ltr'>ΕΡ·</span> <span class='ocrx_word' id='word_1_740' title='bbox 182 2855 242 2883; x_wconf 70' lang='lat'>¹¹3·</span> <span class='ocrx_word' id='word_1_741' title='bbox 283 2863 423 2905; x_wconf 75' lang='lat' dir='ltr'>custodiat</span> <span class='ocrx_word' id='word_1_742' title='bbox 435 2887 446 2903; x_wconf 93' lang='lat'>,</span> <span class='ocrx_word' id='word_1_743' title='bbox 472 2862 563 2894; x_wconf 83' lang='lat' dir='ltr'>modis</span> <span class='ocrx_word' id='word_1_744' title='bbox 577 2857 706 2893; x_wconf 77' lang='lat' dir='ltr'>omnibus</span> <span class='ocrx_word' id='word_1_745' title='bbox 717 2866 849 2892; x_wconf 81' lang='lat' dir='ltr'>enitatur</span> <span class='ocrx_word' id='word_1_746' title='bbox 862 2882 869 2890; x_wconf 87' lang='lat'>.</span> <span class='ocrx_word' id='word_1_747' title='bbox 893 2862 956 2901; x_wconf 81' lang='lat' dir='ltr'>Ego</span> <span class='ocrx_word' id='word_1_748' title='bbox 968 2867 1068 2892; x_wconf 87' lang='lat' dir='ltr'>autem</span> <span class='ocrx_word' id='word_1_749' title='bbox 1079 2882 1089 2897; x_wconf 90' lang='lat'>‚</span> <span class='ocrx_word' id='word_1_750' title='bbox 1114 2864 1166 2900; x_wconf 85' lang='lat' dir='ltr'>qui</span> <span class='ocrx_word' id='word_1_751' title='bbox 1181 2851 1184 2880; x_wconf 66' lang='grc' dir='ltr'>Ι</span> 
     </span>
    </p>
   </div>
   <div class='ocr_carea' id='block_1_17' title="bbox 119 2906 1176 3451">
    <p class='ocr_par' dir='ltr' id='par_1_20' title="bbox 119 2906 1176 3451">
     <span class='ocr_line' id='line_1_109' title="bbox 285 2906 1167 2952; baseline -0.009 -4"><span class='ocrx_word' id='word_1_752' title='bbox 285 2916 336 2949; x_wconf 80' lang='lat' dir='ltr'>hoc</span> <span class='ocrx_word' id='word_1_753' title='bbox 361 2914 444 2946; x_wconf 78' lang='lat' dir='ltr'>modo</span> <span class='ocrx_word' id='word_1_754' title='bbox 465 2913 498 2945; x_wconf 62' lang='lat' dir='ltr'>Ca·</span> <span class='ocrx_word' id='word_1_755' title='bbox 520 2910 575 2943; x_wconf 85' lang='lat' dir='ltr'>bac</span> <span class='ocrx_word' id='word_1_756' title='bbox 599 2911 751 2944; x_wconf 84' lang='lat' dir='ltr'>voluntate</span> <span class='ocrx_word' id='word_1_757' title='bbox 766 2908 823 2952; x_wconf 86' lang='lat' dir='ltr'>sua</span> <span class='ocrx_word' id='word_1_758' title='bbox 842 2917 966 2950; x_wconf 81' lang='lat' dir='ltr'>peccata</span> <span class='ocrx_word' id='word_1_759' title='bbox 979 2907 1086 2949; x_wconf 76' lang='lat' dir='ltr'>confessi</span> <span class='ocrx_word' id='word_1_760' title='bbox 1095 2906 1167 2951; x_wconf 86' lang='lat' dir='ltr'>sunt</span> 
     </span>
     <span class='ocr_line' id='line_1_110' title="bbox 286 2958 1168 3005; baseline -0.01 -7"><span class='ocrx_word' id='word_1_761' title='bbox 286 2965 337 2998; x_wconf 67' lang='lat' dir='ltr'>ml</span> <span class='ocrx_word' id='word_1_762' title='bbox 353 2961 563 3005; x_wconf 83' lang='lat' dir='ltr'>confitebuntur</span> <span class='ocrx_word' id='word_1_763' title='bbox 584 2986 594 3002; x_wconf 86' lang='lat'>,</span> <span class='ocrx_word' id='word_1_764' title='bbox 621 2968 763 3002; x_wconf 86' lang='lat' dir='ltr'>quantum</span> <span class='ocrx_word' id='word_1_765' title='bbox 787 2959 898 3001; x_wconf 80' lang='lat' dir='ltr'>possum</span> <span class='ocrx_word' id='word_1_766' title='bbox 917 2969 950 2990; x_wconf 89' lang='lat' dir='ltr'>ea</span> <span class='ocrx_word' id='word_1_767' title='bbox 979 2958 1168 2998; x_wconf 63' lang='lat' dir='ltr'>aucloritate,</span> 
     </span>
     <span class='ocr_line' id='line_1_111' title="bbox 289 3009 1171 3057; baseline -0.009 -10"><span class='ocrx_word' id='word_1_768' title='bbox 289 3024 378 3057; x_wconf 76' lang='lat' dir='ltr'>quam</span> <span class='ocrx_word' id='word_1_769' title='bbox 403 3009 476 3045; x_wconf 88' lang='lat' dir='ltr'>mihi</span> <span class='ocrx_word' id='word_1_770' title='bbox 501 3015 580 3044; x_wconf 71' lang='lat' dir='ltr'>Deus</span> <span class='ocrx_word' id='word_1_771' title='bbox 601 3009 720 3048; x_wconf 83' lang='lat' dir='ltr'>conceffit</span> <span class='ocrx_word' id='word_1_772' title='bbox 741 3033 751 3049; x_wconf 89' lang='lat'>‚</span> <span class='ocrx_word' id='word_1_773' title='bbox 792 3014 854 3041; x_wconf 82' lang='lat' dir='ltr'>vice</span> <span class='ocrx_word' id='word_1_774' title='bbox 876 3010 967 3040; x_wconf 78' lang='lat' dir='ltr'>Beati</span> <span class='ocrx_word' id='word_1_775' title='bbox 994 3011 1075 3040; x_wconf 83' lang='lat' dir='ltr'>Petri</span> <span class='ocrx_word' id='word_1_776' title='bbox 1099 3013 1171 3049; x_wconf 76' lang='lat' dir='ltr'>Apo-</span> 
     </span>
     <span class='ocr_line' id='line_1_112' title="bbox 284 3057 1170 3104; baseline -0.005 -9"><span class='ocrx_word' id='word_1_777' title='bbox 284 3064 417 3104; x_wconf 80' lang='lat' dir='ltr'>stolorum</span> <span class='ocrx_word' id='word_1_778' title='bbox 442 3064 590 3102; x_wconf 81' lang='lat' dir='ltr'>Principis</span> <span class='ocrx_word' id='word_1_779' title='bbox 614 3057 750 3101; x_wconf 80' lang='lat' dir='ltr'>absolvo,</span> <span class='ocrx_word' id='word_1_780' title='bbox 778 3060 811 3091; x_wconf 64' lang='grc' dir='ltr'>(ε’</span> <span class='ocrx_word' id='word_1_781' title='bbox 831 3066 863 3090; x_wconf 72' lang='lat' dir='ltr'>ut</span> <span class='ocrx_word' id='word_1_782' title='bbox 885 3063 1074 3098; x_wconf 81' lang='lat' dir='ltr'>Omnipotens</span> <span class='ocrx_word' id='word_1_783' title='bbox 1090 3061 1170 3091; x_wconf 83' lang='lat' dir='ltr'>Deus</span> 
     </span>
     <span class='ocr_line' id='line_1_113' title="bbox 292 3107 1172 3155; baseline -0.006 -9"><span class='ocrx_word' id='word_1_784' title='bbox 292 3113 442 3155; x_wconf 72' lang='lat' dir='ltr'>indulgeat</span> <span class='ocrx_word' id='word_1_785' title='bbox 464 3134 475 3150; x_wconf 88' lang='lat'>,</span> <span class='ocrx_word' id='word_1_786' title='bbox 500 3107 669 3153; x_wconf 83' lang='lat' dir='ltr'>suppliciter</span> <span class='ocrx_word' id='word_1_787' title='bbox 694 3121 740 3142; x_wconf 83' lang='lat' dir='ltr'>oro</span> <span class='ocrx_word' id='word_1_788' title='bbox 761 3132 767 3139; x_wconf 93' lang='lat'>.</span> <span class='ocrx_word' id='word_1_789' title='bbox 807 3108 848 3140; x_wconf 87' lang='lat' dir='ltr'>Et</span> <span class='ocrx_word' id='word_1_790' title='bbox 876 3108 914 3141; x_wconf 87' lang='lat' dir='ltr'>ad</span> <span class='ocrx_word' id='word_1_791' title='bbox 944 3108 1050 3141; x_wconf 89' lang='lat' dir='ltr'>nescio</span> <span class='ocrx_word' id='word_1_792' title='bbox 1075 3118 1172 3150; x_wconf 89' lang='lat' dir='ltr'>quem</span> 
     </span>
     <span class='ocr_line' id='line_1_114' title="bbox 294 3156 1173 3201; baseline -0.008 -6"><span class='ocrx_word' id='word_1_793' title='bbox 294 3162 432 3196; x_wconf 76' lang='lat' dir='ltr'>Laicum</span> <span class='ocrx_word' id='word_1_794' title='bbox 453 3159 666 3194; x_wconf 79' lang='lat' dir='ltr'>Goffiedum:</span> <span class='ocrx_word' id='word_1_795' title='bbox 696 3156 906 3201; x_wconf 74' lang='lat' dir='ltr'>Absolutionem</span> <span class='ocrx_word' id='word_1_796' title='bbox 921 3159 974 3189; x_wconf 82' lang='lat' dir='ltr'>Dei</span> <span class='ocrx_word' id='word_1_797' title='bbox 986 3157 1150 3198; x_wconf 71' lang='lat' dir='ltr'>&amp;nostram</span> <span class='ocrx_word' id='word_1_798' title='bbox 1162 3181 1173 3197; x_wconf 92' lang='lat'><strong>,</strong></span> 
     </span>
     <span class='ocr_line' id='line_1_115' title="bbox 133 3205 1173 3254; baseline -0.005 -11"><span class='ocrx_word' id='word_1_799' title='bbox 133 3247 140 3253; x_wconf 43' lang='grc'>,</span> <span class='ocrx_word' id='word_1_800' title='bbox 286 3208 318 3254; x_wconf 78' lang='lat' dir='ltr'><em>fi</em></span> <span class='ocrx_word' id='word_1_801' title='bbox 337 3211 410 3252; x_wconf 79' lang='lat' dir='ltr'>quid</span> <span class='ocrx_word' id='word_1_802' title='bbox 430 3212 510 3243; x_wconf 77' lang='lat' dir='ltr'>valet</span> <span class='ocrx_word' id='word_1_803' title='bbox 522 3236 532 3250; x_wconf 86' lang='lat'>,</span> <span class='ocrx_word' id='word_1_804' title='bbox 558 3210 603 3248; x_wconf 71' lang='lat' dir='ltr'>ab,</span> <span class='ocrx_word' id='word_1_805' title='bbox 621 3208 751 3242; x_wconf 77' lang='lat' dir='ltr'>omnibus</span> <span class='ocrx_word' id='word_1_806' title='bbox 761 3214 889 3249; x_wconf 74' lang='lat' dir='ltr'>peccatis</span> <span class='ocrx_word' id='word_1_807' title='bbox 902 3205 1002 3246; x_wconf 70' lang='lat' dir='ltr'>vestris</span> <span class='ocrx_word' id='word_1_808' title='bbox 1014 3206 1097 3240; x_wconf 83' lang='lat' dir='ltr'>vobis</span> <span class='ocrx_word' id='word_1_809' title='bbox 1109 3213 1173 3240; x_wconf 76' lang='lat' dir='ltr'>mit-</span> 
     </span>
     <span class='ocr_line' id='line_1_116' title="bbox 119 3248 1173 3300; baseline -0.007 -5"><span class='ocrx_word' id='word_1_810' title='bbox 119 3248 170 3283; x_wconf 52' lang='grc' dir='ltr'>ΕΡ·</span> <span class='ocrx_word' id='word_1_811' title='bbox 195 3251 256 3279; x_wconf 71' lang='lat'>&#39;5⁰&#39;</span> <span class='ocrx_word' id='word_1_812' title='bbox 295 3270 343 3294; x_wconf 78' lang='lat' dir='ltr'>to.</span> <span class='ocrx_word' id='word_1_813' title='bbox 370 3259 420 3292; x_wconf 86' lang='lat' dir='ltr'>Ex</span> <span class='ocrx_word' id='word_1_814' title='bbox 444 3258 620 3293; x_wconf 86' lang='lat' dir='ltr'>istiusmodi</span> <span class='ocrx_word' id='word_1_815' title='bbox 644 3258 836 3292; x_wconf 83' lang='lat' dir='ltr'>testimoniis</span> <span class='ocrx_word' id='word_1_816' title='bbox 849 3257 981 3300; x_wconf 83' lang='lat' dir='ltr'>quidam</span> <span class='ocrx_word' id='word_1_817' title='bbox 996 3258 1113 3291; x_wconf 88' lang='lat' dir='ltr'>volunt</span> <span class='ocrx_word' id='word_1_818' title='bbox 1124 3258 1173 3290; x_wconf 77' lang='lat' dir='ltr'>Sa·</span> 
     </span>
     <span class='ocr_line' id='line_1_117' title="bbox 295 3306 1173 3344; baseline -0.006 0"><span class='ocrx_word' id='word_1_819' title='bbox 295 3307 526 3344; x_wconf 82' lang='lat' dir='ltr'>eramentalem</span> <span class='ocrx_word' id='word_1_820' title='bbox 549 3308 582 3340; x_wconf 90' lang='lat'>&amp;</span> <span class='ocrx_word' id='word_1_821' title='bbox 608 3306 841 3342; x_wconf 77' lang='lat' dir='ltr'>confessionem</span> <span class='ocrx_word' id='word_1_822' title='bbox 869 3307 901 3339; x_wconf 88' lang='lat'>&amp;</span> <span class='ocrx_word' id='word_1_823' title='bbox 934 3306 1173 3341; x_wconf 80' lang='lat' dir='ltr'>absolutionem</span> 
     </span>
     <span class='ocr_line' id='line_1_118' title="bbox 297 3355 1174 3404; baseline -0.003 -11"><span class='ocrx_word' id='word_1_824' title='bbox 297 3359 386 3404; x_wconf 78' lang='lat' dir='ltr'>poffe</span> <span class='ocrx_word' id='word_1_825' title='bbox 407 3368 446 3390; x_wconf 82' lang='lat' dir='ltr'>ex</span> <span class='ocrx_word' id='word_1_826' title='bbox 468 3356 645 3390; x_wconf 84' lang='lat' dir='ltr'>rationibus</span> <span class='ocrx_word' id='word_1_827' title='bbox 670 3355 813 3400; x_wconf 76' lang='lat' dir='ltr'>impendi</span> <span class='ocrx_word' id='word_1_828' title='bbox 829 3355 1020 3399; x_wconf 80' lang='lat' dir='ltr'>absentiper</span> <span class='ocrx_word' id='word_1_829' title='bbox 1034 3357 1174 3395; x_wconf 76' lang='lat' dir='ltr'>litteras,</span> 
     </span>
     <span class='ocr_line' id='line_1_119' title="bbox 297 3406 1176 3451; baseline -0.006 -7"><span class='ocrx_word' id='word_1_830' title='bbox 297 3409 333 3444; x_wconf 73' lang='grc' dir='ltr'><strong>ἃ</strong></span> <span class='ocrx_word' id='word_1_831' title='bbox 358 3406 440 3445; x_wconf 83' lang='lat' dir='ltr'>olim</span> <span class='ocrx_word' id='word_1_832' title='bbox 466 3407 646 3450; x_wconf 82' lang='lat' dir='ltr'>frequenter</span> <span class='ocrx_word' id='word_1_833' title='bbox 672 3407 763 3443; x_wconf 79' lang='lat' dir='ltr'>fuisse</span> <span class='ocrx_word' id='word_1_834' title='bbox 790 3407 966 3451; x_wconf 53' lang='lat' dir='ltr'>impensam</span> <span class='ocrx_word' id='word_1_835' title='bbox 990 3430 997 3438; x_wconf 89' lang='lat'>.</span> <span class='ocrx_word' id='word_1_836' title='bbox 1026 3407 1070 3441; x_wconf 83' lang='lat' dir='ltr'>Et</span> <span class='ocrx_word' id='word_1_837' title='bbox 1091 3406 1176 3442; x_wconf 76' lang='lat' dir='ltr'>certe</span> 
     </span>
    </p>
   </div>
   <div class='ocr_carea' id='block_1_18' title="bbox 1178 2884 1186 2980">
    <p class='ocr_par' dir='ltr' id='par_1_21' title="bbox 1178 2884 1186 2980">
     <span class='ocr_line' id='line_1_120' title="bbox 1178 2884 1186 2980; baseline 0 776"><span class='ocrx_word' id='word_1_838' title='bbox 1178 2884 1186 2980; x_wconf 95' lang='lat' dir='ltr'> </span> 
     </span>
    </p>
   </div>
   <div class='ocr_carea' id='block_1_19' title="bbox 1183 3011 1189 3196">
    <p class='ocr_par' dir='ltr' id='par_1_22' title="bbox 1183 3011 1189 3196">
     <span class='ocr_line' id='line_1_121' title="bbox 1183 3011 1189 3196; baseline 0 560"><span class='ocrx_word' id='word_1_839' title='bbox 1183 3011 1189 3196; x_wconf 95' lang='lat' dir='ltr'> </span> 
     </span>
    </p>
   </div>
   <div class='ocr_carea' id='block_1_20' title="bbox 1185 3200 1191 3423">
    <p class='ocr_par' dir='ltr' id='par_1_23' title="bbox 1185 3200 1191 3423">
     <span class='ocr_line' id='line_1_122' title="bbox 1185 3200 1191 3423; baseline 0 333"><span class='ocrx_word' id='word_1_840' title='bbox 1185 3200 1191 3423; x_wconf 95' lang='lat' dir='ltr'> </span> 
     </span>
    </p>
   </div>
   <div class='ocr_carea' id='block_1_21' title="bbox 1227 2840 2248 3490">
    <p class='ocr_par' dir='ltr' id='par_1_24' title="bbox 1227 2840 2248 3490">
     <span class='ocr_line' id='line_1_123' title="bbox 1228 2840 2248 2906; baseline -0.001 -12"><span class='ocrx_word' id='word_1_841' title='bbox 1228 2860 1316 2895; x_wconf 16' lang='lat' dir='ltr'>nilin</span> <span class='ocrx_word' id='word_1_842' title='bbox 1339 2860 1474 2904; x_wconf 88' lang='lat' dir='ltr'>Oppido</span> <span class='ocrx_word' id='word_1_843' title='bbox 1495 2860 1667 2905; x_wconf 84' lang='lat' dir='ltr'>Brugenfi.</span> <span class='ocrx_word' id='word_1_844' title='bbox 1694 2858 1766 2906; x_wconf 86' lang='lat' dir='ltr'>Qi</span> <span class='ocrx_word' id='word_1_845' title='bbox 1788 2859 1940 2904; x_wconf 85' lang='lat' dir='ltr'>Gregorii</span> <span class='ocrx_word' id='word_1_846' title='bbox 1953 2859 2052 2894; x_wconf 85' lang='lat' dir='ltr'>nostri</span> <span class='ocrx_word' id='word_1_847' title='bbox 2066 2859 2108 2893; x_wconf 85' lang='lat' dir='ltr'>E-</span> <span class='ocrx_word' id='word_1_848' title='bbox 2127 2843 2178 2879; x_wconf 72' lang='lat' dir='ltr'>hp.</span> <span class='ocrx_word' id='word_1_849' title='bbox 2202 2840 2248 2875; x_wconf 53' lang='grc' dir='ltr'>’δ’</span> 
     </span>
     <span class='ocr_line' id='line_1_124' title="bbox 1229 2908 2110 2954; baseline -0.001 -10"><span class='ocrx_word' id='word_1_850' title='bbox 1229 2909 1353 2954; x_wconf 86' lang='lat' dir='ltr'>pistolis</span> <span class='ocrx_word' id='word_1_851' title='bbox 1370 2910 1506 2952; x_wconf 81' lang='lat' dir='ltr'>praefixit</span> <span class='ocrx_word' id='word_1_852' title='bbox 1526 2910 1660 2949; x_wconf 86' lang='lat' dir='ltr'>titulos,</span> <span class='ocrx_word' id='word_1_853' title='bbox 1683 2910 1838 2950; x_wconf 79' lang='lat' dir='ltr'>opinatus</span> <span class='ocrx_word' id='word_1_854' title='bbox 1858 2908 1904 2943; x_wconf 88' lang='lat' dir='ltr'>est</span> <span class='ocrx_word' id='word_1_855' title='bbox 1925 2909 2020 2944; x_wconf 89' lang='lat' dir='ltr'>litem</span> <span class='ocrx_word' id='word_1_856' title='bbox 2031 2909 2110 2943; x_wconf 88' lang='lat' dir='ltr'>fuis-</span> 
     </span>
     <span class='ocr_line' id='line_1_125' title="bbox 1229 2957 2109 3002; baseline 0 -8"><span class='ocrx_word' id='word_1_857' title='bbox 1229 2962 1260 2994; x_wconf 91' lang='lat' dir='ltr'>se</span> <span class='ocrx_word' id='word_1_858' title='bbox 1279 2958 1320 2992; x_wconf 90' lang='lat' dir='ltr'>de</span> <span class='ocrx_word' id='word_1_859' title='bbox 1341 2960 1578 3002; x_wconf 70' lang='lat' dir='ltr'>jurisdistione3</span> <span class='ocrx_word' id='word_1_860' title='bbox 1602 2959 1643 2993; x_wconf 85' lang='lat' dir='ltr'>ad</span> <span class='ocrx_word' id='word_1_861' title='bbox 1652 2957 1742 3000; x_wconf 79' lang='lat' dir='ltr'>cujus</span> <span class='ocrx_word' id='word_1_862' title='bbox 1754 2957 1928 2992; x_wconf 83' lang='lat' dir='ltr'>Dioecefim</span> <span class='ocrx_word' id='word_1_863' title='bbox 1954 2959 2036 2994; x_wconf 72' lang='lat' dir='ltr'>dieta</span> <span class='ocrx_word' id='word_1_864' title='bbox 2047 2959 2109 2994; x_wconf 89' lang='lat' dir='ltr'>Ec-</span> 
     </span>
     <span class='ocr_line' id='line_1_126' title="bbox 1229 3006 2110 3053; baseline 0 -10"><span class='ocrx_word' id='word_1_865' title='bbox 1229 3010 1319 3044; x_wconf 81' lang='lat' dir='ltr'>clefia</span> <span class='ocrx_word' id='word_1_866' title='bbox 1331 3010 1483 3053; x_wconf 68' lang='lat' dir='ltr'>spectaret</span> <span class='ocrx_word' id='word_1_867' title='bbox 1495 3036 1503 3045; x_wconf 85' lang='lat'>.</span> <span class='ocrx_word' id='word_1_868' title='bbox 1528 3008 1590 3044; x_wconf 90' lang='lat' dir='ltr'>Sed</span> <span class='ocrx_word' id='word_1_869' title='bbox 1602 3008 1723 3049; x_wconf 80' lang='lat' dir='ltr'>clarum</span> <span class='ocrx_word' id='word_1_870' title='bbox 1733 3006 1779 3042; x_wconf 86' lang='lat' dir='ltr'>est</span> <span class='ocrx_word' id='word_1_871' title='bbox 1790 3007 1856 3042; x_wconf 78' lang='lat' dir='ltr'>labi</span> <span class='ocrx_word' id='word_1_872' title='bbox 1868 3034 1880 3051; x_wconf 11' lang='grc' dir='ltr'>,Ἰ</span> <span class='ocrx_word' id='word_1_873' title='bbox 1902 3008 2009 3045; x_wconf 77' lang='lat' dir='ltr'>Fuisse</span> <span class='ocrx_word' id='word_1_874' title='bbox 2017 3009 2110 3044; x_wconf 85' lang='lat' dir='ltr'>enim</span> 
     </span>
     <span class='ocr_line' id='line_1_127' title="bbox 1231 3057 2109 3101; baseline 0.001 -7"><span class='ocrx_word' id='word_1_875' title='bbox 1231 3061 1265 3094; x_wconf 89' lang='lat' dir='ltr'>in</span> <span class='ocrx_word' id='word_1_876' title='bbox 1286 3059 1499 3096; x_wconf 82' lang='lat' dir='ltr'>Noviomenfi</span> <span class='ocrx_word' id='word_1_877' title='bbox 1522 3061 1576 3094; x_wconf 87' lang='lat' dir='ltr'>seu</span> <span class='ocrx_word' id='word_1_878' title='bbox 1599 3057 1801 3093; x_wconf 75' lang='lat' dir='ltr'>Tornacenfi</span> <span class='ocrx_word' id='word_1_879' title='bbox 1821 3057 2004 3101; x_wconf 85' lang='lat' dir='ltr'>Parochia,</span> <span class='ocrx_word' id='word_1_880' title='bbox 2030 3059 2109 3095; x_wconf 82' lang='lat' dir='ltr'>Gre-</span> 
     </span>
     <span class='ocr_line' id='line_1_128' title="bbox 1233 3108 2129 3155; baseline 0.001 -12"><span class='ocrx_word' id='word_1_881' title='bbox 1233 3109 1324 3154; x_wconf 86' lang='lat' dir='ltr'>gorii</span> <span class='ocrx_word' id='word_1_882' title='bbox 1358 3111 1398 3145; x_wconf 85' lang='lat' dir='ltr'>ad</span> <span class='ocrx_word' id='word_1_883' title='bbox 1433 3109 1615 3145; x_wconf 78' lang='lat' dir='ltr'>Manaffem</span> <span class='ocrx_word' id='word_1_884' title='bbox 1639 3109 1835 3144; x_wconf 81' lang='lat' dir='ltr'>Remensem</span> <span class='ocrx_word' id='word_1_885' title='bbox 1861 3108 2129 3155; x_wconf 38' lang='lat' dir='ltr'>Metropolitum!</span> 
     </span>
     <span class='ocr_line' id='line_1_129' title="bbox 1235 3158 2130 3204; baseline 0.002 -12"><span class='ocrx_word' id='word_1_886' title='bbox 1235 3158 1378 3202; x_wconf 85' lang='lat' dir='ltr'>Epistola</span> <span class='ocrx_word' id='word_1_887' title='bbox 1399 3159 1503 3204; x_wconf 65' lang='lat' dir='ltr'>palam</span> <span class='ocrx_word' id='word_1_888' title='bbox 1515 3159 1672 3194; x_wconf 86' lang='lat' dir='ltr'>affirmat.</span> <span class='ocrx_word' id='word_1_889' title='bbox 1691 3158 1743 3193; x_wconf 63' lang='lat' dir='ltr'>&lt;Et</span> <span class='ocrx_word' id='word_1_890' title='bbox 1754 3158 1799 3192; x_wconf 84' lang='lat' dir='ltr'>ita</span> <span class='ocrx_word' id='word_1_891' title='bbox 1810 3159 1910 3193; x_wconf 84' lang='lat' dir='ltr'>etiam</span> <span class='ocrx_word' id='word_1_892' title='bbox 1922 3161 1984 3194; x_wconf 88' lang='lat' dir='ltr'>fuit</span> <span class='ocrx_word' id='word_1_893' title='bbox 1998 3184 2009 3200; x_wconf 96' lang='lat'>,</span> <span class='ocrx_word' id='word_1_894' title='bbox 2029 3160 2110 3194; x_wconf 85' lang='lat' dir='ltr'>dum</span> <span class='ocrx_word' id='word_1_895' title='bbox 2126 3189 2130 3195; x_wconf 90' lang='lat'>.</span> 
     </span>
     <span class='ocr_line' id='line_1_130' title="bbox 1235 3207 2129 3254; baseline 0 -14"><span class='ocrx_word' id='word_1_896' title='bbox 1235 3219 1288 3252; x_wconf 82' lang='lat' dir='ltr'>per</span> <span class='ocrx_word' id='word_1_897' title='bbox 1308 3207 1447 3243; x_wconf 89' lang='lat' dir='ltr'>Paulum</span> <span class='ocrx_word' id='word_1_898' title='bbox 1465 3219 1615 3254; x_wconf 87' lang='lat' dir='ltr'>quartum</span> <span class='ocrx_word' id='word_1_899' title='bbox 1627 3208 1689 3242; x_wconf 88' lang='lat' dir='ltr'>fuit</span> <span class='ocrx_word' id='word_1_900' title='bbox 1698 3210 1800 3242; x_wconf 72' lang='lat' dir='ltr'>erecta</span> <span class='ocrx_word' id='word_1_901' title='bbox 1811 3210 1844 3242; x_wconf 84' lang='lat' dir='ltr'>in</span> <span class='ocrx_word' id='word_1_902' title='bbox 1858 3208 2086 3245; x_wconf 83' lang='lat' dir='ltr'>Cathedralem</span> <span class='ocrx_word' id='word_1_903' title='bbox 2100 3233 2109 3240; x_wconf 87' lang='lat'>.</span> <span class='ocrx_word' id='word_1_904' title='bbox 2124 3210 2129 3253; x_wconf 28' lang='grc' dir='ltr'><em>ζ</em></span> 
     </span>
     <span class='ocr_line' id='line_1_131' title="bbox 1233 3257 2129 3304; baseline 0 -13"><span class='ocrx_word' id='word_1_905' title='bbox 1233 3259 1377 3304; x_wconf 84' lang='lat' dir='ltr'>Qaestio</span> <span class='ocrx_word' id='word_1_906' title='bbox 1398 3261 1496 3304; x_wconf 82' lang='lat' dir='ltr'>igitur</span> <span class='ocrx_word' id='word_1_907' title='bbox 1516 3269 1583 3294; x_wconf 86' lang='lat' dir='ltr'>erat</span> <span class='ocrx_word' id='word_1_908' title='bbox 1603 3257 1645 3292; x_wconf 91' lang='lat' dir='ltr'>de</span> <span class='ocrx_word' id='word_1_909' title='bbox 1668 3258 1736 3302; x_wconf 81' lang='lat' dir='ltr'>ejus</span> <span class='ocrx_word' id='word_1_910' title='bbox 1748 3259 1910 3293; x_wconf 84' lang='lat' dir='ltr'>Dominio</span> <span class='ocrx_word' id='word_1_911' title='bbox 1921 3271 1958 3293; x_wconf 87' lang='lat' dir='ltr'>ac</span> <span class='ocrx_word' id='word_1_912' title='bbox 1970 3257 2129 3302; x_wconf 32' lang='lat' dir='ltr'>proprie-2</span> 
     </span>
     <span class='ocr_line' id='line_1_132' title="bbox 1227 3306 2110 3355; baseline 0.001 -15"><span class='ocrx_word' id='word_1_913' title='bbox 1227 3318 1315 3342; x_wconf 83' lang='lat' dir='ltr'>tate.</span> <span class='ocrx_word' id='word_1_914' title='bbox 1346 3309 1447 3355; x_wconf 73' lang='lat' dir='ltr'>Qo‘d</span> <span class='ocrx_word' id='word_1_915' title='bbox 1469 3310 1557 3342; x_wconf 87' lang='lat' dir='ltr'>enim</span> <span class='ocrx_word' id='word_1_916' title='bbox 1579 3318 1659 3342; x_wconf 90' lang='lat' dir='ltr'>tunc</span> <span class='ocrx_word' id='word_1_917' title='bbox 1681 3319 1747 3341; x_wconf 88' lang='lat' dir='ltr'>non</span> <span class='ocrx_word' id='word_1_918' title='bbox 1773 3309 1879 3343; x_wconf 70' lang='lat' dir='ltr'>solum</span> <span class='ocrx_word' id='word_1_919' title='bbox 1904 3306 2054 3351; x_wconf 85' lang='lat' dir='ltr'>Episcopi</span> <span class='ocrx_word' id='word_1_920' title='bbox 2075 3308 2110 3341; x_wconf 70' lang='grc' dir='ltr'>ὃς</span> 
     </span>
     <span class='ocr_line' id='line_1_133' title="bbox 1235 3355 2112 3402; baseline -0.002 -11"><span class='ocrx_word' id='word_1_921' title='bbox 1235 3358 1373 3397; x_wconf 82' lang='lat' dir='ltr'>Clerici,</span> <span class='ocrx_word' id='word_1_922' title='bbox 1401 3359 1452 3394; x_wconf 86' lang='lat' dir='ltr'>sed</span> <span class='ocrx_word' id='word_1_923' title='bbox 1473 3360 1572 3394; x_wconf 85' lang='lat' dir='ltr'>etiam</span> <span class='ocrx_word' id='word_1_924' title='bbox 1593 3356 1684 3392; x_wconf 87' lang='lat' dir='ltr'>Laici</span> <span class='ocrx_word' id='word_1_925' title='bbox 1705 3358 1813 3402; x_wconf 84' lang='lat' dir='ltr'>Reges</span> <span class='ocrx_word' id='word_1_926' title='bbox 1833 3368 1870 3391; x_wconf 87' lang='lat' dir='ltr'>ac</span> <span class='ocrx_word' id='word_1_927' title='bbox 1881 3357 2021 3401; x_wconf 89' lang='lat' dir='ltr'>ipsorum</span> <span class='ocrx_word' id='word_1_928' title='bbox 2034 3355 2112 3390; x_wconf 82' lang='lat' dir='ltr'>Pro-</span> 
     </span>
     <span class='ocr_line' id='line_1_134' title="bbox 1236 3404 2126 3452; baseline -0.002 -11"><span class='ocrx_word' id='word_1_929' title='bbox 1236 3419 1321 3442; x_wconf 87' lang='lat' dir='ltr'>ceres</span> <span class='ocrx_word' id='word_1_930' title='bbox 1343 3409 1375 3443; x_wconf 87' lang='lat'>&amp;</span> <span class='ocrx_word' id='word_1_931' title='bbox 1396 3409 1550 3445; x_wconf 81' lang='lat' dir='ltr'>Ecclefias</span> <span class='ocrx_word' id='word_1_932' title='bbox 1570 3408 1604 3444; x_wconf 67' lang='grc' dir='ltr'><strong>ἃ</strong></span> <span class='ocrx_word' id='word_1_933' title='bbox 1626 3407 1825 3444; x_wconf 73' lang='lat' dir='ltr'>monasteria</span> <span class='ocrx_word' id='word_1_934' title='bbox 1845 3405 2057 3451; x_wconf 86' lang='lat' dir='ltr'>proprietario</span> <span class='ocrx_word' id='word_1_935' title='bbox 2068 3404 2126 3452; x_wconf 32' lang='lat' dir='ltr'>jur}</span> 
     </span>
     <span class='ocr_line' id='line_1_135' title="bbox 2030 3466 2065 3490; baseline 0.029 -1"><span class='ocrx_word' id='word_1_936' title='bbox 2030 3466 2065 3490; x_wconf 85' lang='lat' dir='ltr'>re</span> 
     </span>
    </p>
   </div>
  </div>
 </body>
</html>
