2372 3756
660 166 886 215 minum
916 167 1231 233 *Romnum*
1262 167 1640 214 Conon-lum.

229 257 423 294 venerabilis
442 253 530 291 Beda
547 266 554 287 :
583 256 764 299 Longiffimis
790 261 823 289 in
845 253 951 288 bruma
962 253 1117 294 nofflbus,

231 310 291 344 vel.
313 315 384 343 item
412 305 508 347 aestate
537 303 708 345 breviffimis
729 331 740 347 ,
788 315 915 348 auarum
948 305 1028 336 alias
1050 304 1118 336 duo-

224 360 326 393 -decim
349 358 488 392 horarum
511 354 648 399 spatium
671 357 755 399 longe*
783 353 992 396 transcendere
1005 378 1015 394 ‚
1040 355 1118 386 alias

236 419 425 451 nequaquam
449 408 493 439 ad
522 405 572 439 hoc
593 411 760 449 pertingere
781 401 858 445 poffe
881 403 989 443 constat
1011 427 1023 443 ,
1062 413 1121 446 qua

233 464 346 492 ratione
358 461 477 494 Lunam
489 458 528 490 du
535 458 644 495 odecIm
663 454 752 489 botas
762 454 856 487 lucere
868 455 1021 487 credamus
1033 476 1045 492 ,
1071 451 1126 494 nisi

231 509 314 551 forte
319 516 460 552 putemus
479 518 536 540 non
548 504 768 548 ,equinodiales
790 502 878 536 horas
890 503 1121 546 intelligendas,

233 556 259 602 s
253 559 292 595 ed
294 557 426 602 singulas
440 555 575 599 quasque
583 553 679 589 nolles
687 561 743 595 pro
749 551 807 596 sua
818 554 956 600 mensura
967 554 1122 597 longitudi-

243 613 293 642 nis
303 618 357 642 aut
367 607 524 647 brevitatis
532 611 566 639 in
577 604 728 638 duodecim
743 605 910 645 particulas
920 628 931 644 ,
946 615 1023 647 quas
1033 601 1122 637 boras

239 663 406 695 vocitamus
428 680 440 697 ‚
464 666 552 698 aequa
581 653 764 694 distrue‘lione
792 654 954 695 findendas
973 679 981 686 .
1019 653 1064 693 Et
1086 653 1121 686 in

235 719 336 752 opere
355 708 396 743 de
419 703 554 740 Divinis
576 703 693 738 officiis
707 703 892 737 Amalarius
903 704 1121 738 Fortunatus:

240 764 314 793 Non
333 756 437 800 neceffe
456 754 496 794 est
515 756 643 797 aliquem
663 759 696 787 in
720 753 777 787 bac
802 751 971 796 diftretione
980 755 1123 796 muffitare

234 815 357 852 propter
390 803 542 848 disparem
562 804 775 848 longitudinem
800 803 1098 837 dierumonofflum
1114 827 1121 834 .

88 873 119 903 L
130 879 220 907 431,
233 853 362 895 'Etenim
384 856 573 889 calculatores
592 853 733 888 horarum
759 861 891 895 tempora
910 852 950 893 fic
974 854 1124 888 dividunt

236 908 351 941 dierum
370 907 405 940 ὁ·
436 905 564 938 not‘lium
585 928 597 945 ,
621 912 654 937 ut
687 908 775 937 Luna
791 911 847 946 per
869 903 980 937 noHem
1006 905 1123 943 luceat,

233 956 296 1000 five
316 955 417 997 aestivo
430 955 495 997 five
511 954 636 994 hyemali
659 962 786 995 tempore
805 976 815 992 ‚
840 953 992 987 duodecim
1013 952 1094 985 horis
1106 977 1113 985 .

238 1006 342 1054 Qod
365 1005 517 1049 ipsumin
543 1004 756 1038 TtaElatibus
767 1005 858 1047 super
869 1003 976 1037 Sansti
991 1003 1125 1045 Joannis

102 1065 195 1099 rma.
238 1056 462 1101 Evangelium
492 1054 599 1090 lucide
630 1054 786 1099 supponit
806 1055 941 1088 Sanctus
971 1052 1126 1098 Augusti-

109 1116 173 1141 117·
241 1117 320 1142 nus.
347 1107 391 1142 Et
412 1117 455 1140 ex
481 1105 596 1140 eadem
620 1104 732 1149 regula
755 1103 924 1138 Dominus
934 1102 1126 1149 generaliter

238 1157 345 1193 dixit:
372 1159 483 1189 Nonne
499 1154 572 1199 sunt
583 1155 733 1188 duodecim
751 1153 831 1188 borae
841 1155 924 1188 diei?
951 1154 1056 1188 Statio
1070 1152 1126 1186 ita-

238 1215 306 1253 qu'e
327 1216 396 1242 erat
418 1206 499 1240 feria
520 1214 634 1249 quarta
660 1204 695 1239 δε
718 1205 804 1239 sexta
829 1205 1028 1248 protractum
1048 1203 1127 1247 jeju-

239 1258 336 1292 nium
358 1256 458 1300 usque
479 1256 519 1290 ad
540 1255 656 1289 horam
677 1265 824 1295 nonam,
852 1254 1049 1298 postremam
1061 1252 1127 1288 diei

237 1316 387 1351 partem,
413 1307 447 1340 δε
470 1316 550 1340 tunc
577 1304 783 1340 subsecutum
805 1303 950 1338 solemne
966 1304 1002 1339 in
1016 1302 1128 1337 Eccle-

239 1358 282 1392 sia
304 1356 470 1395 officium.
500 1357 594 1389 Hinc
618 1355 651 1388 &
674 1355 708 1386 in
731 1353 874 1388 secundo
899 1355 993 1396 super
1019 1352 1128 1387 Sansti

241 1406 378 1450 Ioannis
400 1405 583 1448 Epistolam
603 1403 761 1439 Tractatu
780 1402 890 1436 scribit
913 1403 1049 1436 sanetus
1059 1400 1129 1434 Au-

240 1456 413 1501 gustinus,-
440 1454 596 1495 Psalmum
616 1451 702 1485 vobis
721 1452 999 1485 ,commendavimus
1019 1459 1130 1494 quarta

219 1512 222 1515 ’
242 1503 390 1539 Sabbarbi
400 1525 412 1542 ,
417 1507 522 1544 prima
526 1501 654 1542 statione
663 1500 820 1540 novtffimae
830 1499 1026 1534 bebdomadae
1036 1525 1043 1533 .
1068 1501 1130 1535 Pa·
1145 1511 1151 1547 1

241 1554 309 1589 lam
332 1553 444 1591 innuit
464 1562 532 1585 non
553 1550 661 1586 solum
683 1549 841 1594 jejuniam
854 1575 865 1591 ,
891 1551 992 1586 sed&
1013 1550 1127 1595 populi
1145 1552 1151 1603 ξ

241 1603 279 1638 in
308 1602 452 1642 Ecclcfia
484 1600 667 1636 Colle&am
691 1601 786 1636 fuisse
811 1611 944 1644 partem*
959 1600 1128 1635 stationis.

243 1653 350 1700 Quod
369 1653 402 1687 &
424 1653 515 1695 supra
527 1652 563 1685 in
584 1650 668 1685 libro
690 1650 732 1685 de
756 1652 908 1685 oratione
927 1650 1130 1695 palamdixit

242 1702 473 1739 Tertullianus
486 1727 494 1735 .
517 1700 619 1737 Certe
638 1700 696 1746 qui
716 1712 758 1735 ex
784 1699 921 1735 laedendi
938 1700 1053 1744 jejunii
1065 1712 1130 1735 me-

243 1762 281 1792 tu
302 1752 476 1789 censebant
495 1763 566 1787 non
592 1751 960 1789 communicandumde
971 1750 1059 1785 horae
1071 1763 1130 1785 no·

243 1815 297 1838 nae
307 1803 468 1838 sacrificio
476 1827 488 1844 ,
514 1812 583 1838 non
593 1801 637 1841 ad
648 1800 745 1845 hujus
757 1801 929 1836 exordium
940 1824 951 1840 ,
976 1800 1029 1835 sed
1039 1801 1130 1836 dum-

244 1862 337 1889 taxat
353 1852 394 1888 ad
405 1854 725 1890 consummationem
735 1851 913 1886 credebant
924 1850 1012 1885 finiri
1023 1851 1131 1886 statio·

243 1914 322 1938 nem
334 1926 345 1943 ‚
371 1902 517 1947 adeoque
535 1903 567 1937 &
587 1901 745 1946 jejunium
767 1902 802 1936 ὅ(
822 1901 1016 1936 sacrificium
1027 1901 1129 1936 cense-

243 1952 327 1989 bant
338 1955 400 1990 effe
414 1954 510 1998 ipsius
521 1962 625 1997 partes
637 1977 644 1985 .
670 1950 830 1986 Notanda
849 1952 923 1986 sunt
932 1948 1000 1986 haec
1012 1950 1106 1986 verba
1119 1964 1130 1984 .-

244 2004 279 2043 5¹.
291 2003 382 2043 statio
405 2005 442 2037 de
463 2004 585 2037 militari
611 2002 743 2045 exemplo
765 2012 868 2035 nomen
880 2007 1005 2044 accipit,
1031 2006 1132 2044 utique

246 2054 328 2087 nulia
348 2056 458 2088 letitia
479 2063 533 2089 aut
554 2052 678 2093 tristitia
699 2052 863 2091 obveniens
881 2050 1130 2092 castrisstationes

247 2103 375 2137 militum
394 2104 505 2147 solvit.
534 2103 616 2137 Non
638 2102 679 2136 de
691 2101 785 2135 finita
803 2111 883 2135 tunc
893 2101 1033 2137 statione
1046 2100 1131 2136 exci-

248 2153 344 2197 piunt
355 2178 373 2194 ,t
392 2154 447 2187 sed
470 2154 631 2187 affirmant
658 2149 867 2184 Eucharistiae
893 2150 1040 2184 laetitiam
1069 2148 1133 2183 illis

248 2203 338 2246 posse
359 2203 582 2245 supervenire5
608 2199 749 2244 ideoque
777 2199 884 2232 adhuc
895 2199 1011 2234 durare
1022 2200 1134 2242 suppo·

249 2260 356 2286 nunt.
385 2250 571 2285 Christiana
592 2248 691 2283 statio
713 2256 805 2282 erant
816 2248 1046 2282 Ecclefiasticae
1057 2258 1134 2283 ante

248 2301 412 2336 Divinam
434 2300 639 2344 Majestatem
665 2296 812 2332 excubiae
832 2308 930 2341 atque
954 2297 1135 2341 apparitio,

251 2351 400 2395 adeoque
412 2349 478 2384 haec
500 2351 561 2384 fuit
572 2347 783 2392 principalior
800 2347 894 2391 ipsius
906 2349 1014 2391 portio
1026 2371 1037 2387 ,
1064 2358 1136 2391 prae-

251 2401 346 2435 vium
378 2400 538 2444 jejunium
572 2408 639 2433 erat
669 2397 737 2440 ejus
768 2397 939 2433 dumtaxat
971 2407 1135 2441 paratura.

253 2449 380 2485 Eadem
392 2451 432 2484 de
443 2451 536 2484 causa
559 2447 711 2483 militiam
733 2448 847 2482 assumi
858 2447 875 2481 a
889 2445 1077 2483 Christiano
1089 2458 1139 2481 ve-

252 2510 302 2534 tat
321 2499 408 2534 idem
427 2499 659 2534 Tertullianus
678 2499 712 2532 in
742 2497 827 2531 libro
853 2497 894 2532 de
907 2497 1041 2532 Corona
1055 2498 1139 2531 mili-

253 2550 298 2584 tis
310 2562 330 2592 z⁴
345 2548 449 2596 Qod
461 2549 576 2591 nempe
586 2548 700 2583 eadem
712 2546 766 2582 die
787 2558 855 2581 non
875 2547 1030 2592 poffimus
1043 2545 1138 2581 Chri-

252 2599 304 2633 sto
327 2599 480 2637 Domino
506 2597 682 2632 &homini
708 2596 1085 2640 Imperatoristationem
1095 2598 1138 2631 fa·

254 2659 346 2690 cere,
373 2648 408 2682 id
427 2647 496 2688 est,
523 2647 619 2683 certis
640 2657 844 2690 peromnem
857 2647 1037 2690 promiscue
1047 2646 1136 2682 diem

254 2697 346 2734 horis
366 2697 521 2733 militares
530 2696 683 2732 excubias
701 2707 797 2741 agere
809 2720 821 2737 ,
845 2699 879 2731 &
891 2697 1069 2732 Ecclesiam
1078 2698 1137 2731 fre-

254 2758 414 2793 quentare
423 2773 431 2781 .
459 2748 504 2782 Et
528 2748 564 2782 in
576 2746 718 2785 secundo
729 2746 770 2780 ad
781 2758 918 2781 uxorem
930 2747 1014 2782 libro
1026 2746 1137 2781 scribit

255 2799 298 2834 de
308 2797 405 2832 variis
414 2797 448 2832 in
459 2796 592 2842 disparis
607 2797 714 2832 cultus
726 2797 883 2841 conjugio
893 2797 1138 2832 occurrentibus

255 2847 481 2884 incommodis
512 2861 524 2881 .-
550 2850 582 2881 δι’
598 2846 687 2889 statio
698 2846 847 2888 facienda
869 2847 924 2888 est,
951 2852 1082 2881 maritus
1101 2848 1138 2880 de

256 2900 307 2936 die
316 2899 451 2935 condicat
461 2898 505 2930 ad
511 2896 635 2936 balneas
653 2920 661 2928 .
686 2898 766 2934 Hoc
780 2897 836 2937 est,
850 2897 871 2930 si
883 2908 937 2940 per
949 2897 1080 2932 balneas
1090 2897 1139 2934 di-

258 2948 357 2984 ducat
367 2948 408 2984 ab
419 2948 559 2983 Ecclefia
571 2972 582 2989 ‚
607 2958 705 2992 atque
717 2946 926 2990 itaimpediat
942 2947 1136 2984 stationem.

258 2997 306 3032 Et
318 2999 352 3033 in
373 2997 555 3033 Catholicae
570 2997 648 3032 fidei
667 2997 870 3040 expositione
887 2997 994 3032 scribit
1003 2998 1138 3034 sanetus

261 3046 484 3091 Epiphanius:
509 3050 587 3083 sacri·
607 3052 778 3083 Conventus
796 3050 831 3084 (9·
853 3049 980 3086 synaxes
1005 3048 1044 3082 ab
1066 3052 1138 3090 Apo·

135 3113 173 3145 c·
190 3121 236 3150 32·
259 3097 341 3138 stolis
365 3097 490 3137 instituti
509 3097 581 3142 sunt
604 3097 653 3131 bis
674 3099 848 3140 pottffimum
870 3097 976 3133 diebus
993 3122 1005 3138 ,
1031 3105 1139 3141 quarta

255 3146 404 3191 sextaque
407 3147 491 3188 ferla
503 3172 515 3188 ,
541 3150 576 3182 <rt
588 3152 743 3184 Dominica
754 3173 762 3180 .
789 3152 865 3182 Item
875 3156 986 3190 quarta
993 3146 1139 3191 J'extaque

253 3198 339 3240 feria
356 3199 507 3239 JeJ'um'um
531 3198 575 3234 ad
597 3197 700 3231 boram
724 3196 814 3241 usque
838 3209 945 3233 nonam
973 3198 1139 3239 indidum,

258 3256 418 3291 propterea
438 3248 517 3289 quod
534 3256 644 3289 quarta
658 3247 745 3293 feria
754 3246 974 3291 comprehensus
988 3247 1025 3288 est
1037 3251 1140 3281 Domi·

262 3308 320 3332 nus
335 3322 347 3338 ,
373 3299 408 3331 Θ
427 3295 513 3340 sexta
527 3295 663 3340 sublatus
685 3302 718 3330 in
742 3301 882 3334 Crucem.
909 3298 1037 3333 Harum
1049 3299 1140 3335 feria-

261 3359 335 3383 rum
345 3357 543 3384 conventum
554 3347 694 3385 affirmat
704 3349 784 3382 hora
794 3359 883 3385 nona
893 3347 1121 3385 celebrandum
1130 3373 1140 3390 ,

261 3398 297 3434 &
318 3397 451 3435 itafieri
477 3407 550 3435 toto
574 3408 664 3432 anno
690 3408 800 3443 praeter
824 3407 950 3442 ternpus
975 3398 1141 3446 Qiuqua-

262 3447 405 3495 gelimae.
433 3447 547 3486 Palam
571 3448 708 3486 affirmat
737 3447 941 3495 &jejunium
959 3449 1140 3486 &conven-

145 2035 185 2065 C·
198 2036 224 2064 8·

1180 259 1250 291 tum
1271 251 1334 285 esse
1345 258 1449 295 partes
1469 248 1636 288 stationis.

1228 301 1366 345 Opponi
1388 310 1498 334 tamen
1519 298 1614 345 poffit
1637 298 1861 336 Tertullianus
1879 299 1913 336 in
1924 299 2008 339 libro
2018 301 2061 339 de

1181 351 1307 385 anima:
1335 351 1448 384 Daniel
1471 354 1562 383 trium
1573 348 1823 383 hebdomadarum
1826 352 1952 391 sturlone
1966 358 2061 387 caruit
2109 335 2175 367 ,48.

1181 401 1262 434 villu
1273 426 1281 433 .
1309 401 1492 435 Stationem
1503 398 1611 433 lucide
1622 400 1750 442 usurpat
1762 412 1820 443 pro
1832 402 1900 435 solo
1911 402 2036 446 jejunio
2052 428 2060 436 .

1183 450 1228 486 Et
1257 451 1375 493 quinto
1406 449 1665 484 Monasticarum
1694 450 1940 485 institutionum
1975 453 2060 487 libro

1185 502 1324 545 Ioannes
1345 500 1532 535 Caffianus;
1559 499 1723 541 Monachus
1741 510 1812 534 ante
1815 499 1971 540 stationem
1992 504 2063 546 legi-

1184 558 1290 591 timam
1301 574 1313 592 ,
1338 561 1572 593 communemque
1581 550 1747 592 reftHionIs
1761 550 1865 585 horam
1877 562 1944 586 non
1958 552 2061 586 sumat

1184 601 1297 636 cibum
1308 611 1365 636 aut
1377 611 1490 644 potum
1505 626 1513 633 .
1541 600 1585 634 Et
1595 599 1697 636 infra:
1725 600 1823 634 Nulla
1833 601 1922 645 usque
1933 602 1976 635 ad
1981 609 2062 643 prae-

1180 651 1438 693 stitutamjejunii
1459 650 1563 683 boram
1574 650 1741 691 refelliom's
1751 653 1852 695 regula
1858 649 2042 695 servabatur
2054 676 2064 692 ‚
2083 643 2124 672 C·
2135 651 2179 673 ²0·
2211 665 2219 672 «

1181 701 1237 745 sed
1244 700 1356 745 absque
1364 702 1504 744 legitimis
1515 710 1632 743 quartae
1641 699 1783 742 fhxteque
1789 701 1879 742 feriis
1890 702 2065 744 quotidiana

1180 751 1271 792 statio
1288 750 1479 795 solvebatur.
1508 750 1642 794 Utique
1664 750 1698 784 in
1722 751 1859 794 gratiam
1881 750 2064 795 hospitum.

1189 803 1231 835 Et
1243 801 1279 836 in
1298 801 1438 837 secunda
1450 801 1631 836 collatione
1644 815 1655 834 .-
1683 807 1766 839 Hora
1777 812 1854 834 nona
1866 824 1877 840 ,
1897 800 1993 844 soluta
1995 804 2068 843 jam

1180 851 1307 891 statione
1313 854 1427 897 jejunii
1438 876 1445 884 .
1473 851 1656 891 Stationem
1667 850 1767 885 etiam
1779 862 1837 895 pro
1849 851 1921 886 solo
1944 851 2069 894 jejunio

1189 914 1226 935 ac
1248 901 1398 946 legitimo
1420 901 1489 945 ejus
1514 902 1656 936 termino
1681 901 1799 945 accipit
1818 926 1830 943 ‚
1857 901 2070 945 adfirmatque

1190 951 1271 985 hora
1297 963 1387 985 nona
1407 952 1487 986 citra
1500 951 1605 986 ullum
1626 950 1790 987 Divinum
1813 952 1959 986 officium
1971 952 2075 994 exspi-

1191 1001 1289 1035 rasse.
1319 1001 1466 1046 AEgypti
1488 1003 1577 1035 enim
1588 999 1777 1037 Monachus
1799 1001 1897 1041 docet
1919 1001 1994 1037 solis
2003 1001 2076 1035 Do-

1190 1051 1322 1086 minicis
1332 1062 1369 1085 ac
1380 1050 1552 1085 Sabbathis
1566 1075 1577 1092 ,
1605 1062 1808 1095 nequaquam
1828 1052 1948 1097 quartis
1958 1063 1995 1086 ac
2007 1051 2077 1089 sex-

1191 1103 1231 1136 tis
1249 1101 1338 1136 feriis
1359 1099 1400 1138 ad
1420 1100 1677 1139 Ecclesiasticam
1699 1102 1935 1145 apparitionem
1958 1111 2078 1139 conve-

1191 1152 1290 1186 niffe.
1319 1151 1365 1185 Et
1385 1151 1421 1184 in
1432 1151 1575 1186 secundo
1596 1152 1638 1188 de
1649 1150 1856 1187 clericorum
1869 1151 2077 1186 institutione

1191 1201 1277 1236 libro
1298 1200 1411 1235 scribit
1431 1200 1590 1236 Rabanus
1621 1202 1781 1237 Maurus.-
1809 1200 1990 1245 Discernunt
2015 1205 2080 1243 qui-

1192 1253 1264 1285 dam
1288 1255 1366 1286 inter
1371 1252 1525 1293 JeJ'unium
1550 1251 1766 1293 affationem,
1793 1264 1865 1286 nam
1868 1255 2021 1295 jejunium
2032 1256 2081 1283 in-

1192 1300 1364 1342 differenter
1379 1302 1531 1343 cuiuslibet
1557 1302 1595 1343 est
1604 1301 1802 1343 abstinentia,
1828 1314 1888 1338 non
1897 1311 1953 1344 per
1967 1302 2078 1345 legem,

1190 1349 1247 1395 sed
1261 1349 1419 1394 secundum
1437 1357 1593 1395 propriam
1619 1354 1802 1390 voluntatem
1826 1377 1837 1393 ,
1857 1352 1946 1394 statio
1971 1351 2009 1392 est
2032 1350 2083 1385 ob·
2101 1353 2136 1384 C.
2153 1354 2198 1383 ιε.

1191 1399 1324 1443 servatio
1330 1401 1506 1444 statutorum
1515 1404 1627 1438 dierum
1638 1405 1690 1438 vel
1698 1411 1881 1446 temporum.
1906 1401 2000 1435 Hinc
2012 1411 2081 1434 nou

1196 1451 1304 1485 solum
1325 1461 1447 1494 quartae
1467 1464 1506 1487 ac
1526 1454 1623 1488 sextae
1643 1454 1747 1494 feriae,
1774 1453 1828 1487 sed
1852 1463 1952 1486 omne
1977 1451 2084 1485 omni·

1196 1511 1243 1534 no
1255 1500 1297 1534 ab
1310 1501 1452 1536 Ecclesia
1463 1512 1656 1547 praeceptum
1666 1503 1825 1547 jejunium
1837 1528 1848 1543 ,
1868 1502 1969 1545 ipsam
1981 1502 2083 1538 etiam

1195 1549 1485 1598 Qadragesimam
1497 1574 1508 1590 ,
1518 1553 1589 1585 vult
1601 1554 1664 1586 effe
1677 1553 1850 1593 stationem
1865 1576 1871 1584 .
1883 1551 1976 1585 Hinc
1986 1550 2083 1587 dicit:

1196 1603 1381 1640 ,statutorum
1392 1601 1504 1634 dierum
1515 1602 1569 1634 vel
1577 1607 1740 1642 temporum
1751 1625 1759 1635 .

1247 1651 1447 1694 Respondeo
1457 1649 1632 1685 addue‘cum
1645 1649 1847 1686 Tertulliani
1869 1650 1978 1684 locum
1990 1660 2089 1693 expo·

1199 1699 1234 1735 ni
1247 1700 1283 1735 in
1294 1699 1381 1735 libro
1393 1701 1434 1735 de
1444 1700 1574 1747 jejuniis
1585 1725 1596 1742 ,
1623 1699 1679 1736 ubi
1692 1701 1712 1736 a
1734 1701 1866 1745 captivo
1879 1700 1966 1744 apud
1982 1700 2090 1743 Baby-

1197 1750 1311 1785 lonem
1321 1749 1486 1796 Propheta
1497 1751 1639 1786 Daniele
1661 1762 1754 1797 urget
1775 1752 1810 1786 in
1825 1751 1934 1785 cinere
1946 1749 1980 1787 &
1994 1752 2088 1784 sacco

1197 1802 1302 1836 astam
1324 1801 1400 1841 Deo
1425 1802 1674 1847 exomologesin
1695 1799 1846 1846 usquead
1858 1801 2033 1844 vespertini
2048 1801 2091 1833 sa·

1199 1850 1315 1886 crificii
1337 1850 1453 1888 horam
1466 1875 1477 1894 ,
1502 1852 1536 1892 &
1557 1851 1724 1898 adjungit:
1755 1859 1815 1894 ch
1836 1851 1988 1893 eritstatio
1997 1849 2089 1894 sera,

1198 1913 1256 1944 que
1266 1903 1311 1934 ad
1318 1900 1474 1946 vesperam
1488 1904 1640 1945 jejunans
1645 1908 1833 1949 pinguiorem
1845 1908 2005 1937 orationem
2029 1904 2091 1934 Deo
2112 1904 2144 1937 C,
2164 1915 2209 1937 ιο.

1199 1953 1352 1990 immolat,
1378 1952 1558 1991 Affirmant
1580 1954 1768 1989 orationem
1793 1953 1855 1988 effe
1877 1953 2092 1987 intrinsecum

1200 2002 1351 2038 stationis
1361 2003 1660 2047 complementum.
1688 2003 1789 2052 Qod
1802 2014 1911 2039 tamen
1929 2003 2035 2037 solum
2048 2002 2092 2046 je-

1201 2051 1329 2095 junium
1351 2052 1531 2099 aliquando
1558 2065 1614 2097 per
1624 2053 1864 2097 Synecdochen
1878 2053 2019 2097 appellet
2032 2053 2094 2088 sta-

1202 2102 1354 2143 tionem,
1380 2102 1468 2136 lucet
1487 2114 1529 2136 ex
1555 2104 1622 2136 hoc
1649 2103 1718 2144 ipso
1746 2103 1819 2139 libri
1845 2104 1942 2148 hujus
1968 2102 2091 2147 capite:

1203 2150 1354 2188 Durante
1373 2149 1543 2187 adversum
1566 2150 1765 2186 Amalecitas
1787 2176 1798 2192 ‚
1823 2154 1856 2187 &
1883 2151 2094 2196 postmodum

1203 2199 1373 2235 adversum
1395 2198 1604 2239 Amorrhaeos
1626 2212 1736 2246 pugna
1759 2203 1920 2236 servatum
1940 2203 1957 2235 a
1971 2202 2094 2245 Moyse

1203 2250 1238 2284 &
1258 2249 1375 2292 Josue‚
1403 2250 1437 2285 &
1450 2261 1509 2293 pro
1531 2250 1679 2287 ineundo
1706 2251 1874 2285 adversum
1887 2250 2093 2286 Philisthaeos

1205 2300 1320 2343 proelio
1341 2298 1503 2336 indictum
1525 2298 1544 2336 a
1570 2300 1663 2344 Rege
1675 2301 1941 2344 Saulejejunium
1952 2302 2093 2345 appellat

1204 2349 1397 2385 stationem.
1424 2349 1528 2397 Qod
1551 2350 1656 2395 ipsum
1680 2351 1715 2388 in
1729 2350 1858 2386 duobus
1868 2352 2028 2395 prioribus
2039 2353 2095 2386 ad·

1203 2400 1308 2437 ductis
1329 2399 1412 2436 locis
1434 2401 1513 2437 facit
1539 2400 1682 2443 Joannes
1704 2400 1891 2436 Cassianus.
1919 2402 2091 2447 Nempe&

1202 2449 1293 2493 juxta
1315 2449 1477 2495 singulare
1500 2449 1743 2495 AEgyptiorum
1771 2451 2019 2486 Monachorum
2046 2452 2092 2486 di—

1203 2500 1376 2543 sciplinam
1397 2500 1564 2542 loquitur,
1595 2502 1630 2537 δε
1651 2501 1740 2544 juxta
1763 2513 1867 2536 mores
1888 2502 1935 2536 sui
1946 2503 2003 2536 aevi
2016 2527 2026 2542 ,
2054 2503 2091 2537 in

1205 2561 1272 2593 quo
1294 2549 1379 2585 avita
1401 2550 1580 2588 stationum
1603 2551 1709 2588 forma
1730 2562 1797 2586 erat
1815 2554 1948 2587 alterata
1961 2554 1994 2586 &
2006 2553 2092 2595 acci-

1205 2601 1254 2633 sa.
1283 2599 1419 2636 Etenim
1439 2601 1532 2643 supra
1555 2611 1726 2637 numerum
1749 2602 1970 2646 multiplicata:
1997 2600 2092 2636 Chri-

1205 2649 1379 2686 stianitatis
1391 2649 1616 2687 infirmitatem
1629 2652 1663 2686 &
1675 2653 1882 2695 quotidianas
1893 2651 2090 2687 necesiitates

1204 2699 1344 2733 miserati
1357 2699 1549 2742 posteriores
1561 2701 1671 2736 Patres
1687 2724 1699 2743 ,
1723 2710 1840 2746 quartae
1856 2702 1889 2736 δε
1902 2703 1993 2740 sextae
2004 2701 2091 2740 feriae

1205 2749 1306 2792 usque
1328 2748 1369 2785 ad
1394 2746 1510 2784 horam
1532 2760 1656 2784 nonam
1676 2751 1836 2794 jejunium
1863 2752 2090 2792 retinuerunt,

1205 2799 1361 2835 solemnis
1395 2808 1504 2835 autem
1540 2799 1575 2834 in
1604 2800 1744 2838 Ecclesia
1772 2812 1852 2836 tunc
1878 2802 2091 2846 apparitionis

1205 2848 1405 2893 Praeceptum
1425 2848 1599 2889 laxarunt,
1626 2861 1725 2895 atque
1747 2851 1790 2886 ita
1817 2851 1914 2887 statio
1924 2854 2089 2887 contratia

1205 2900 1268 2934 fuit
1290 2899 1331 2932 acl
1345 2898 1450 2932 solum
1462 2898 1630 2934 laudatum
1649 2900 1807 2945 jejunium
1819 2927 1826 2934 .
1853 2901 1930 2937 Post
1945 2902 2031 2937 tertii
2043 2902 2090 2935 sae-

1205 2949 1271 2983 culi
1282 2949 1406 2992 lapsum
1417 2949 1530 2987 Latini
1546 2950 1646 2985 solius
1667 2951 1732 2985 diei
1744 2952 1932 2988 Dominicae
1945 2977 1956 2993 ,
1982 2950 2090 2986 Graeci

1206 2999 1317 3035 Patres
1328 2997 1426 3040 solius
1439 3010 1516 3034 cum
1530 2999 1588 3037 ista
1599 2999 1652 3035 die
1674 3001 1708 3038 &
1719 3002 1846 3047 aliquot
1861 3000 2089 3038 festivitatibus

1205 3047 1362 3084 Sabbathi
1383 3049 1620 3093 apparitionem
1643 3051 1779 3087 laudant
1806 3063 1842 3090 ut
1868 3052 2087 3095 Praeceptum.

1209 3099 1373 3134 Paulatim
1395 3100 1539 3137 succeffit
1560 3100 1626 3137 haec
1647 3102 1804 3138 mutatio.
1833 3101 1936 3145 Cujus
1955 3101 2033 3136 alibi
2046 3102 2088 3136 la·

1206 3150 1271 3184 tius
1291 3147 1499 3184 discutienda:
1522 3152 1663 3197 primum
1683 3154 1845 3187 audiorem
1872 3153 1972 3196 usque
1997 3163 2088 3188 nunc

1206 3201 1342 3245 ignoro.
1364 3199 1503 3239 Diverso
1515 3202 1616 3246 igitur
1626 3212 1773 3250 tempore
1785 3202 1907 3237 diversa
1918 3203 1982 3241 fuit
1994 3202 2091 3241 Chri·

1205 3250 1313 3288 stianae
1323 3249 1470 3289 stationis
1481 3262 1594 3288 natura
1608 3278 1615 3290 ,
2065 3286 2067 3288 .

1255 3299 1288 3337 A
1311 3300 1454 3336 Rabano
1475 3301 1598 3338 Mauro
1619 3303 1794 3340 adductum
1815 3303 1963 3339 stationis
1983 3302 2092 3347 &jeju-

1208 3350 1266 3385 nio
1286 3350 1458 3387 discrimen
1486 3353 1572 3396 apud
1583 3354 1685 3398 prima
1711 3353 1967 3390 Christianitatis
1978 3353 2090 3389 saecula

1207 3401 1412 3436 caruitomni
1423 3402 1659 3438 fundamento.
1686 3403 1819 3438 Etenim
1842 3403 1918 3448 lapsi
1938 3404 1976 3438 ad
1991 3402 2092 3435 Mon·

1210 3451 1339 3488 tanistas
1360 3451 1563 3488 Tertulliani
1584 3454 1647 3489 fuit
1659 3465 1734 3489 cum
1758 3453 1927 3499 Psychicis
1940 3477 1951 3492 ‚
1977 3451 2010 3535 ild
2022 3451 2092 3495 est,

1919 3502 1984 3539 Cat
1997 3511 2044 3539 10.-
