2372 3756
55 1063 118 1098 Lib.
146 1072 173 1099 3.

53 1111 117 1140 ΝΡ,
135 1108 180 1133 26.

61 1822 206 1861 nsum.

61 1865 97 1898 δε
108 1874 192 1900 1³9³·-

82 3323 144 3358 Lib«
169 3333 192 3352 x.

81 3371 142 3406 cap.
161 3373 185 3393 ι.

177 243 183 250 ·
219 234 359 278 ‚Adelarn
376 249 383 268 :
410 237 502 270 Nolui
514 242 557 271 eis
566 237 644 273 ultra
655 238 726 270 dare
744 236 970 271 benedictionem
982 261 989 268 .
1018 233 1100 269 Uti·

614 118 906 152 εεΡτιΜυΜ
941 102 1252 148 Romnum
1288 101 1674 152 Coumnum

218 194 296 221 more
311 183 394 226 solito
415 185 507 219 dare.
537 185 579 219 Et
591 186 632 220 ad
653 185 721 228 ejus
731 185 874 221 Matrem
889 183 1097 220 Comitiffam

219 294 282 325 que
292 285 449 320 omnibus
459 286 635 330 conjuratis
648 312 655 318 .
670 288 781 320 Etiam
798 286 998 330 Episcopalis
1009 285 1099 319 dum-

219 344 309 368 taxat
321 335 554 373 benediffionis
566 337 726 380 suspensio
737 348 803 371 erat
818 347 898 374 tunc
910 335 1100 371 nobliffimis

219 383 419 425 Francorum
443 387 636 422 proceribus
658 388 864 423 tremendum
890 388 1029 422 censurae
1050 396 1101 429 ge-

221 445 283 470 nus
297 460 303 467 .
331 436 411 470 Non
424 436 482 470 sub
495 436 662 472 Carolinis
675 461 687 478 ‚
714 437 768 471 sed
786 436 842 470 sub
857 436 1027 478 Capetinis
1038 435 1100 471 Re-

221 484 317 528 gibus
328 485 439 520 floruit
450 488 585 522 Sanctus
596 489 675 526 lvo,
699 487 853 528 atqueita
867 487 955 521 vides
980 486 1102 521 avitam

221 537 328 577 gentis
339 536 492 579 pietatem
509 538 608 572 etiam
621 547 700 571 tunc
722 547 792 571 non
802 534 967 571 defeciffe.
994 536 1104 570 Etiam

221 584 452 626 posterioribus
463 587 576 622 seculis
596 584 785 623 Ludovicus
800 586 989 621 undecimus
1001 584 1103 620 Rex&

221 633 340 669 Sanao
351 636 524 674 Francisco
544 637 586 672 de
599 636 703 671 Paula
723 635 892 671 humiliter
916 636 1041 680 petebat
1053 634 1105 668 be-

222 685 444 720 nedifflonem
461 712 468 720 .
496 687 541 721 Et
563 685 652 730 quod
675 687 784 721 noster
806 685 957 729 Princeps
969 683 1105 718 Carolus

223 734 338 771 Audas
348 736 366 769 ὲ
379 739 436 771 suo
447 737 629 771 domestico
643 736 835 778 Presbytero
847 734 1105 770 benedictionem

224 785 373 829 quotidie
383 787 478 819 flexis
486 786 626 829 genibus
637 795 759 829 peteret
769 811 779 827 ,
799 785 929 820 testatur
940 785 1106 829 Magnum

225 833 335 877 Belgii
346 832 539 869 Chronicon
552 860 559 866 .

277 883 431 927 Eiusdem
454 885 583 928 pietatis
606 885 804 919 tenacissima
816 886 939 928 semper
957 885 1019 919 fuit
1030 896 1108 929 gens

227 931 435 978 Anglorum.
462 930 590 969 Primos
609 947 723 969 eorum
751 937 910 970 Doctores
930 936 1023 969 fuisse
1043 936 1108 968 san·

229 983 402 1023 Ctiffirnoe,
424 985 645 1027 &praesertim
667 985 707 1019 ab
729 986 823 1019 omni
847 986 979 1018 avaritia
1006 986 1108 1019 castis-

230 1033 328 1067 fimos
345 1059 356 1075 ‚
383 1034 525 1068 ostendit
546 1036 580 1068 in
603 1037 657 1069 sua
681 1034 814 1070 historia
839 1035 1030 1069 venerabilis
1052 1035 1107 1068 Be-

230 1082 294 1123 da,
319 1094 417 1127 atque
430 1085 622 1122 concludit:
650 1086 732 1118 Unde
758 1088 834 1119 &in
855 1097 965 1128 magna
986 1092 1050 1118 erat
1060 1096 1109 1118 ve·

230 1139 380 1167 iteratione
390 1142 517 1175 tempore
537 1137 585 1168 illo
599 1137 758 1178 Religionis
781 1136 900 1168 habitus
910 1157 920 1173 ‚
945 1142 990 1167 ita
1003 1145 1036 1168 ut
1048 1134 1109 1166 ubi-

230 1194 352 1225 cumque
373 1185 503 1218 Clericus
537 1186 644 1227 aliquis
671 1195 724 1218 aut
750 1184 909 1218 Monachus
935 1186 1112 1223 adveniret,

226 1234 440 1276 gatidenterab
450 1235 583 1269 omnibus
595 1244 747 1278 tamquam
769 1237 826 1269 Dei
839 1234 979 1276 famulus
1000 1241 1112 1275 excipe-

229 1291 311 1316 retur
324 1306 331 1316 .
359 1286 467 1316 Etiam
485 1282 511 1324 fi
525 1291 556 1317 in
577 1290 679 1318 itinere
696 1294 825 1328 pergens
847 1291 1010 1320 iveniretur
1032 1309 1042 1325 ‚
1068 1296 1112 1317 ac·

227 1333 388 1372 currebant
398 1359 407 1373 ‚
436 1335 468 1367 <9¹
475 1335 555 1374 flexa
566 1341 677 1368 cervice
690 1359 701 1374 ‚
713 1338 764 1369 vel
773 1347 864 1368 manu
870 1334 983 1379 signari
995 1336 1058 1376 ,vel
1067 1345 1113 1367 ore

229 1384 311 1416 iliius
327 1381 360 1425 se
370 1382 498 1416 benedici
514 1385 707 1427 gaudebant.
737 1386 838 1432 Qod
851 1385 955 1428 ipsum
978 1385 1013 1419 in
1028 1385 1114 1419 Can-

223 1431 441 1469 suarienfium
464 1432 666 1469 Pontificum
693 1433 784 1469 Astis
796 1437 933 1469 affirmat
946 1434 1114 1470 Gervafius

230 1481 357 1517 ibidem
377 1482 569 1520 Monachus
588 1507 599 1522 ‚
625 1484 747 1518 addens
775 1485 931 1529 populum
959 1485 1115 1528 accipien-

230 1531 281 1566 dae
302 1530 520 1569 benedictioni
544 1544 613 1567 non
638 1534 768 1569 tantum
791 1534 949 1569 cervicem
971 1558 981 1574 ‚
1008 1535 1060 1568 sed
1083 1535 1117 1567 δε

231 1590 341 1626 genua
362 1581 539 1616 inflexisse.
566 1583 652 1630 Qae
675 1585 778 1626 pietas
795 1585 923 1619 duravit
943 1585 1042 1619 etiam
1064 1595 1116 1626 po·

232 1629 422 1665 sserioribus
441 1631 559 1666 saecuiis
579 1657 586 1664 .
621 1633 755 1667 Etenim
778 1634 865 1677 quod
891 1634 1114 1669 Cantuarieofi

235 1679 498 1725 Archiepiscopo
519 1681 673 1718 Huberto
684 1694 822 1724 omnes,
851 1695 904 1726 per
927 1695 1010 1727 quos
1033 1693 1117 1719 tran-

237 1729 340 1770 nbat,
365 1734 443 1776 pagi
465 1742 689 1772 occurrerent,
718 1733 855 1767 &flexis
877 1733 1016 1777 genibus
1039 1744 1119 1775 pete·

239 1789 312 1815 rent
333 1778 593 1818 benedistionem
607 1807 617 1822 ,
644 1784 775 1818 testatur
786 1785 988 1818 Guilielmus
1010 1782 1119 1818 Thor-

240 1841 283 1865 κιο
304 1853 312 1862 .
338 1831 383 1864 Et
395 1832 430 1864 in
442 1832 557 1866 litteris
567 1832 607 1866 ad
619 1833 764 1868 Leonem
778 1834 909 1868 tertium
924 1831 1120 1870 Pontificem

239 1879 444 1924 Scenulphus
464 1882 667 1917 Merciorum
689 1883 764 1922 Rex
778 1884 916 1917 Adriani
931 1885 1024 1927 primi
1041 1894 1122 1916 mor-

239 1940 308 1964 tem
338 1931 479 1975 graviter
513 1930 659 1975 deplorat
686 1958 696 1975 ,
738 1934 931 1978 amplissime
957 1934 1123 1976 profitetur

238 1979 437 2024 Apostolicae
459 1982 539 2016 Sedi‘
556 1981 782 2018 obedientiam
802 2009 812 2025 ,
838 1996 876 2018 ac
899 1985 1121 2028 prosequitur:

238 2033 305 2073 Ego
330 2030 508 2072 scenulphus
530 2056 541 2071 ‚
563 2039 667 2074 gratia
695 2028 749 2067 Dei
775 2038 842 2067 Rex
869 2059 879 2074 ‚
907 2035 1125 2067 Excellentiam

238 2089 323 2112 tuam
349 2080 498 2114 humiliter
523 2091 608 2115 exoro
629 2104 639 2120 ‚
676 2093 823 2125 quatenus
851 2089 883 2115 in
904 2089 1052 2126 gremium
1078 2094 1124 2118 me

239 2131 370 2169 Pietatis
391 2139 452 2166 tuae
470 2136 622 2172 perciplas
646 2156 658 2172 ‚
682 2134 715 2166 δ’
741 2145 828 2174 quem
855 2139 1024 2166 meritorum
1045 2132 1126 2165 nulla

233 2178 371 2225 facultas
389 2185 477 2223 erigit
490 2205 500 2220 ,
526 2182 611 2224 larga
633 2182 843 2216 benedit‘i'ionis
868 2192 930 2216 tuae
952 2182 1071 2217 ubertas
1085 2183 1128 2217 ad

233 2229 354 2271 plebem
369 2227 456 2271 suam
477 2232 635 2273 regendam
661 2234 814 2274 locupletet
836 2256 845 2270 ,
871 2242 905 2265 ut
929 2235 990 2266 unii
1017 2243 1127 2265 mecum

234 2287 377 2322 gentem,
403 2290 493 2321 quam
514 2281 612 2320 vestra
623 2282 780 2323 apostolica
793 2282 966 2315 Authoritas
989 2281 1061 2323 fidei
1079 2294 1128 2317 ru·

240 2329 384 2367 alimentis
410 2329 516 2362 imbuit
540 2355 552 2371 ,
583 2339 641 2372 per
667 2333 890 2373 interceffionem
916 2341 1000 2366 tuam
1027 2341 1128 2365 contra

242 2383 369 2419 impetus
390 2387 557 2413 exterorum
590 2385 783 2424 Omnipotens
809 2389 904 2426 erigat
929 2406 940 2422 ‚
966 2384 1000 2416 (ἓν
1018 2390 1071 2423 per
1095 2380 1129 2424 se

242 2431 379 2471 Regnum
394 2450 406 2467 ‚
436 2430 518 2471 quod
538 2429 601 2473 ipse
628 2435 709 2465 Deus
733 2434 817 2466 dedit
843 2432 924 2465 nobis
950 2457 961 2472 ,
998 2433 1128 2465 dilatare

243 2478 403 2521 dIgnetur.
431 2483 518 2512 Hanc
539 2480 767 2516 beneditionem
776 2494 875 2516 omnes
888 2506 899 2522 ,
927 2487 976 2524 qui
998 2491 1068 2517 ante
1083 2493 1129 2514 me

241 2526 354 2571 sceptro
371 2528 522 2569 praefuere
546 2534 720 2565 Merciorum
741 2557 752 2572 ,
791 2541 959 2566 meruerunt
981 2532 1020 2565 ab
1041 2535 1128 2565 Ante-

244 2577 394 2621 etfforibus
419 2584 477 2611 tuis
501 2579 626 2622 adipfii
653 2594 664 2614 :
703 2585 785 2615 Hanc
811 2581 872 2624 ipse
895 2581 1016 2614 humilis
1037 2589 1105 2623 peto
1120 2606 1130 2621 ,

246 2628 283 2661 θ
303 2629 324 2660 ἃ
350 2627 436 2660 vobis
462 2635 622 2670 impetrare
645 2638 727 2672 cupio
754 2656 765 2671 ‚
801 2641 948 2674 quatenus
981 2637 1129 2672 imprimis

247 2678 416 2719 adoptionis
437 2676 516 2720 fivrte
542 2692 588 2713 me
615 2680 671 2714 tibi
689 2681 783 2722 filium
805 2680 950 2724 suscipias
973 2705 984 2720 ‚
1003 2680 1086 2721 ficuts
1101 2690 1130 2714 te

247 2732 280 2760 in
295 2734 398 2769 patris
418 2727 545 2769 persona
568 2732 679 2774 diligo,
707 2733 742 2765 (5
766 2737 835 2764 totis
860 2732 1033 2764 ohedientia
1058 2736 1132 2765 viri-

247 2776 302 2813 bus
323 2776 439 2820 J'emper
464 2780 621 2821 amplector
648 2806 655 2813 .
695 2782 776 2815 Non
804 2793 844 2815 ex
871 2781 970 2817 solius
1000 2780 1127 2825 Regis,

249 2825 305 2862 sed
331 2839 371 2862 ex
390 2829 491 2862 totius
517 2828 629 2874 Regni
651 2832 787 2864 nomine
812 2831 855 2864 est
881 2831 996 2873 scripta
1017 2831 1129 2873 episto-

249 2876 282 2910 la
302 2901 310 2908 -
346 2877 461 2914 Exstat
483 2880 569 2921 apud
593 2881 814 2915 Guilielmum
841 2880 1131 2918 Malmesberiensis

249 2925 446 2964 monasterii
473 2929 764 2965 Bibliothecarium
790 2931 824 2964 in
853 2930 957 2975 primo
979 2931 1063 2967 libro
1089 2931 1131 2965 de

250 2974 348 3019 gestis
360 2977 491 3022 Regum
504 2979 710 3025 Anglorum.
738 2981 951 3015 Demonstrat
974 2979 1059 3016 hanc
1081 2980 1130 3016 be·

250 3024 473 3064 nediffionem
502 3040 555 3072 per
583 3032 713 3065 noviter
749 3029 992 3066 inthronizatos
1021 3031 1130 3075 Reges

251 3076 373 3119 semper
392 3077 410 3110 ὲ
434 3077 591 3113 Romano
616 3080 780 3116 pontifice
802 3082 895 3115 fuisse
918 3081 1128 3124 postulatam.

251 3126 363 3167 Etiam
387 3136 441 3169 per
453 3126 518 3169 jam
530 3128 655 3163 dudum
678 3132 710 3164 in
724 3131 845 3167 tinono
859 3132 1001 3165 firmatos
1023 3131 1131 3176 Reges

250 3175 481 3220 repostulatam
493 3177 511 3210 a
523 3190 612 3215 novo
621 3179 784 3218 Pontifice
795 3206 802 3214 .
830 3182 875 3216 Et
897 3181 938 3215 de
949 3180 1129 3216 Guilielmo

251 3227 360 3271 primo
379 3225 398 3260 ὲ
420 3226 639 3263 Nortmannis
661 3230 756 3275 Rege
779 3256 791 3271 ‚
817 3243 855 3266 ac
878 3231 1024 3266 Aldredo
1045 3229 1129 3266 Ebo-

251 3276 369 3311 racenfi
390 3274 648 3322 Archiepiscopo
680 3280 790 3315 scribit
815 3281 1014 3319 Guilielmus
1041 3280 1130 3316 Neu-

254 3325 431 3371 brigenfis:
458 3330 590 3372 Contigit
601 3330 762 3371 aliquando
785 3329 996 3373 Eboracensem
1010 3330 1128 3373 Pontifi-

255 3385 314 3415 cem
332 3382 366 3410 in
386 3378 518 3419 quadam
534 3384 677 3420 petitione
689 3381 718 3421 *a*
730 3383 806 3425 Rege
827 3379 975 3424 repulsam
996 3382 1130 3424 paffum,

354 3426 460 3469 §.hs-ist.
473 3431 553 3471 Lupi
566 3433 662 3472 Opera
674 3432 705 3462 T.
718 3432 770 3464 Vl.
1112 3426 1114 3429 ‚

1866 118 1964 164 243,

1156 188 1269 217 iratum
1286 189 1425 216 avertere
1439 179 1595 223 scapulam
1621 209 1631 224 ,
1657 186 1888 230 recedentemque
1907 186 2032 220 maledi-

1157 232 1278 266 dionem
1282 240 1339 274 pro
1348 230 1539 266 benedidione
1551 238 1737 267 comminari.
1766 239 1862 277 Cujus
1876 247 1969 276 motus
1979 236 2036 269 illo-

1159 294 1214 318 non
1229 281 1393 326 sustinens,
1419 282 1463 315 ad
1481 282 1572 323 pedes
1594 283 1659 322 ejus
1675 287 1825 325 procidit,
1853 293 2031 328 veniampe.

1158 339 1228 374 tiit,
1250 331 1488 376 satisfali'ionem
1495 329 1670 373 spopondit.
1699 338 1830 374 Cumque
1852 343 2031 377 optimates,

1161 389 1211 427 qui
1228 384 1373 424 aderant,
1400 380 1558 425 suaderent
1579 390 1613 414 ut
1632 385 1737 425 Regem
1755 383 1933 422 prostratum
1944 393 2033 428 erige,

1161 443 1228 473 ret,
1253 436 1364 474 Sinite,
1390 438 1509 476 inquit,
1536 433 1621 470 illum
1638 434 1742 471 jacere
1766 433 1811 466 ad
1825 434 1919 473 pedes
1933 437 2032 467 Petri.

1164 486 1259 517 Plane
1279 489 1312 517 in
1334 483 1385 521 hoc
1411 485 1445 522 <5
1465 491 1580 524 quanta
1591 481 1690 524 fuerit
1702 481 1866 523 ferociffimi
1889 485 2035 524 Principis

1163 546 1232 577 erga
1245 532 1406 577 Praesulem
1415 538 1582 568 reverentia
1594 557 1604 572 ,
1631 533 1665 565 (tt
1676 542 1792 573 quanta
1811 530 1940 574 ejusdem
1956 534 2038 565 Prae-

1160 583 1236 627 sulis
1256 589 1332 618 circa
1341 587 1508 625 Principem
1521 582 1688 616 authoritas
1700 592 1789 625 atque
1805 581 1918 623 fiduci'a
1930 607 1939 621 ‚
1959 579 2040 623 satis

1167 635 1347 668 declaratum
1359 634 1414 675 est.
1444 631 1642 681 Qodidem
1655 632 1841 667 scribuntin
1860 632 2043 667 Eboracen÷

1167 684 1244 719 slum
1269 684 1469 719 Pontificum
1496 683 1586 717 Aeris
1597 681 1749 720 Thomas
1761 683 1878 721 Stubs,
1905 680 2044 716 Guiliel-

1168 745 1240 768 mus
1260 733 1551 768 Malmesberienfis
1577 756 1588 772 ,
1625 731 1658 770 ὃς
1679 732 1818 775 Joannes
1844 733 2044 769 Bromtonus

1172 782 1280 818 Abbas
1307 783 1499 827 Jornalenfis
1523 808 1530 815 .
1557 782 1686 825 Nempe
1712 783 1747 816 &
1767 783 1888 816 avitam
1917 781 2046 826 Anglo÷

1170 846 1241 867 rum
1273 833 1406 878 Regum
1438 834 1591 877 pietatem
1615 832 1759 866 audierat
1786 832 1828 865 ab
1854 831 2045 875 Episcopis,

1170 883 1304 925 &juxta
1331 884 1536 919 Gallicanam
1560 884 1700 917 formam
1710 881 1864 917 educatus
1886 892 1951 916 erat
1964 881 2047 915 Gui÷

1170 933 1299 968 lielmus
1312 933 1422 977 Regni
1435 934 1660 978 conquaest0r‚
1686 943 1782 976 atque
1793 930 1875 967 adeo
1897 931 1963 965 haec
1977 931 2047 974 ejus

1171 980 1337 1023 humilitas
1359 996 1425 1017 non
1454 985 1516 1016 fuir.
1541 995 1626 1017 nova
1646 1008 1653 1014 .
1683 984 1792 1017 Etiam
1818 982 1858 1015 de
1883 982 1951 1025 ejus
1977 981 2047 1014 filio

1171 1033 1203 1067 &
1216 1033 1390 1066 successore
1403 1033 1585 1070 Guilielmo
1606 1033 1720 1073 Rufo,
1746 1032 1896 1067 adversus
1918 1034 2048 1066 fratrem

1175 1085 1265 1118 suum
1289 1082 1471 1117 Robertum
1484 1081 1647 1122 bellante,
1674 1095 1710 1118 ac
1730 1083 1772 1120 de
1792 1083 1859 1126 ejus
1870 1082 2049 1117 exercitum

1174 1133 1389 1167 benedicente
1413 1157 1423 1172 ‚
1450 1134 1483 1168 &
1511 1132 1705 1166 adversarios
1732 1133 2048 1172 anathematizante,

1174 1184 1290 1220 Sansto
1321 1182 1481 1217 Vulstano
1509 1182 1709 1227 Vigornenfi
1738 1183 1903 1226 Episcopo
1940 1182 2050 1216 scribit

1176 1232 1371 1275 Radulphus
1383 1234 1564 1267 Dicetanus
1578 1246 1589 1265 :
1617 1236 1674 1266 Res
1685 1235 1826 1266 miranda
1836 1258 1847 1273 ‚
1874 1235 1908 1268 <it
1920 1237 1976 1266 Dei
1989 1238 2054 1265 vir·
2069 1223 2105 1252 A·
2124 1221 2207 1252 ¹0⁸⁸*

1174 1292 1245 1322 tus,
1275 1284 1379 1320 &viri
1389 1283 1522 1316 bonitas.
1552 1287 1638 1316 Nam
1641 1282 1745 1322 statim
1765 1282 1855 1323 hostes
1866 1292 1955 1316 tanta
1964 1294 2053 1316 mem,

1176 1333 1290 1371 brorum
1307 1339 1512 1375 percutiuntur
1535 1333 1704 1373 debilitate,
1737 1342 1771 1366 ut
1792 1339 1848 1366 vix
1869 1345 1955 1366 arma
1974 1332 2059 1374 ferre

1177 1384 1332 1422 valerent,
1364 1395 1414 1416 nec
1421 1382 1511 1426 socios
1525 1408 1535 1424 ,
1563 1395 1615 1417 nec
1629 1382 1720 1424 hostes
1732 1382 1883 1426 agnoscere
1894 1406 1901 1414 .
1930 1384 2060 1420 Caedun-

1178 1442 1228 1466 tur
1245 1435 1362 1474 pedites
1378 1458 1387 1473 ‚
1414 1440 1571 1475 capiuntur
1593 1434 1723 1467 milltes.
1750 1438 1881 1468 Caeteris
1899 1433 1980 1476 fuga
2001 1434 2061 1466 ela·

1176 1482 1234 1525 pfis
1252 1507 1262 1522 ‚
1288 1487 1375 1526 Regis
1387 1483 1492 1525 fideles
1498 1481 1559 1523 fine
1582 1484 1645 1516 ulla
1667 1485 1866 1516 dimInutione
1882 1481 2000 1525 suorum
2017 1494 2061 1515 re-

1180 1541 1280 1566 meant
1296 1535 1340 1565 ad
1345 1539 1470 1575 propria
1482 1558 1492 1574 ,
1512 1539 1636 1577 gratlas
1652 1535 1711 1568 Deo
1722 1535 1756 1567 (ti
1767 1531 1910 1575 Episcopo
1921 1542 2041 1577 agentes
2054 1557 2062 1564 .

1181 1583 1258 1617 Hoc
1271 1583 1376 1626 ipsum
1388 1583 1486 1617 habes
1497 1582 1579 1626 apud
1591 1583 1750 1626 Joannem
1763 1583 1993 1626 Bromtonurn.
2021 1582 2065 1621 Et

1181 1632 1220 1668 de
1232 1632 1385 1674 Stephani
1416 1634 1518 1678 Regis
1529 1634 1672 1667 exercitu
1686 1658 1698 1673 ‚
1725 1633 1818 1676 quod
1830 1644 1960 1676 accepta
1972 1644 2067 1666 vene·

1181 1681 1289 1714 rabilis
1312 1682 1465 1717 Turstini
1479 1683 1687 1716 Eboracenfis
1711 1680 1955 1726 Archieplscopi
1970 1683 2066 1718 bene-

1180 1730 1325 1768 dictione
1342 1731 1375 1765 &
1387 1732 1531 1776 generali
1546 1735 1564 1766 a
1576 1732 1714 1775 peccatis
1736 1733 1967 1773 absolutione,
1994 1743 2068 1769 eva-

1182 1781 1251 1819 serit
1279 1784 1454 1826 generosus
1480 1806 1491 1822 ‚
1526 1783 1559 1817 δε
1583 1783 1745 1816 famosum
1772 1783 1851 1817 sacri
1880 1780 2067 1817 standardii

1183 1831 1306 1869 bellum
1343 1831 1525 1867 felicissime
1546 1833 1725 1867 confecerit
1746 1857 1758 1873 ,
1789 1833 1946 1867 testantur
1965 1832 1998 1865 in
2023 1831 2068 1869 Sir

1184 1882 1310 1915 meonis
1323 1882 1551 1918 Dunelmenfis
1575 1882 1797 1925 supplemento
1809 1883 1951 1925 Joaunes
1973 1881 2068 1919 Prior

1185 1931 1451 1976 Hagustaldenfis
1476 1956 1487 1971 ‚
1522 1932 1589 1976 ejus
1615 1933 1773 1969 successor
1809 1930 2006 1971 Richardus
2032 1933 2068 1965 in

1183 1983 1341 2024 opusculo
1363 1982 1404 2016 de
1424 1981 1540 2017 eodem
1563 1981 1651 2016 bello
1671 2007 1681 2022 ,
1707 1983 1741 2016 &
1767 1983 1930 2019 Aldredus
1954 1981 2069 2021 Abbas

1187 2031 1419 2072 Rievallenfis,
1447 2031 1569 2067 addens
1589 2033 1688 2067 etiarn
1712 2032 1881 2077 Ranulphi
1903 2032 2071 2069 Orcaden-

1186 2082 1221 2116 sis
1235 2081 1389 2125 Episcopi
1412 2083 1591 2117 solemnem
1614 2094 1655 2115 ex
1676 2082 1745 2117 alto
1771 2084 1847 2117 loco
1873 2082 2071 2119 benedictio-

1187 2142 1262 2167 nem
1289 2130 1443 2170 accessiffe
1470 2156 1477 2163 .
1506 2132 1549 2165 Et
1571 2130 1656 2166 hauc
1685 2132 1836 2175 pietatem
1859 2134 1957 2166 etiam
1983 2132 2070 2175 apud

1187 2180 1341 2215 Britones
1366 2206 1377 2222 ,
1402 2179 1599 2225 Burgundos
1623 2206 1633 2221 ,
1663 2180 1811 2215 Polonos
1838 2206 1848 2221 ‚
1887 2181 2070 2220 Moravos,

1189 2227 1374 2269 Bohem0s‚
1402 2231 1559 2275 Bulgaros
1574 2255 1585 2271 ‚
1612 2231 1824 2277 Sclavqnicos
1846 2256 1856 2271 ,
1882 2232 2027 2273 aliosque
2048 2232 2068 2265 ὲ

1187 2279 1545 2320 BarbarisChristianos
1555 2281 1808 2318 constantiffime
1820 2283 1941 2326 semper
1954 2281 2069 2326 viguis÷

1187 2331 1219 2364 se
1231 2355 1241 2371 ‚
1268 2331 1362 2374 poffit
1381 2330 1488 2370 lucide
1501 2330 1713 2367 demonstrari
1724 2357 1731 2364 .

1237 2380 1315 2416 Huc
1334 2381 1434 2416 etiam
1450 2381 1535 2416 vfacit
1557 2381 1612 2416 ille
1634 2382 1706 2424 pius
1727 2383 1880 2418 omnium
1893 2394 1980 2418 nunc
1992 2382 2070 2418 fide-

1188 2431 1269 2465 lium
1293 2442 1389 2471 mOS,
1414 2430 1454 2466 de
1466 2430 1577 2475 quoin
1603 2430 1763 2466 historiali
1779 2434 1932 2477 Epitome
1956 2434 2068 2467 scribit

1182 2579 1242 2622 five
1267 2581 1408 2623 inflatura
1432 2587 1464 2613 in
1487 2586 1625 2623 inguine,
1646 2591 1710 2616 tam
1729 2581 1820 2625 saeva
1844 2607 1854 2622 ,
1881 2593 1915 2616 ut
1934 2583 2067 2618 homines

1187 2637 1218 2663 in
1238 2636 1290 2665 via
1309 2655 1320 2671 ,
1345 2636 1378 2664 in
1395 2629 1496 2672 mensa
1519 2655 1529 2670 ‚
1555 2637 1587 2662 in
1611 2632 1693 2663 ludis
1715 2657 1725 2672 ‚
1755 2639 1788 2665 in
1806 2634 1952 2675 colloquiis
1967 2632 2065 2676 subita

1188 2689 1368 2715 morerentur
1394 2706 1401 2713 .
1428 2684 1534 2722 Itaque
1562 2681 1626 2715 cum
1647 2688 1714 2722 quis
1737 2682 1927 2723 sternutahat
1950 2708 1960 2724 ,
1982 2683 2066 2726 saepe

1187 2742 1251 2764 cum
1276 2728 1339 2773 ipsa
1357 2731 1572 2771 sternutatione
1592 2729 1734 2772 spiritum
1759 2732 1921 2766 exhalabat
1940 2759 1947 2766 .
1980 2735 2066 2767 Unde

1187 2783 1251 2815 cum
1277 2783 1405 2822 aliquem
1421 2779 1639 2822 ‘sternutantem
1664 2787 1728 2823 quit
1755 2784 1893 2816 audiebat
1918 2809 1928 2823 ,
1961 2783 2064 2823 statim

1188 2833 1346 2866 adcurrens
1370 2855 1381 2870 ,
1419 2833 1496 2863 Deus
1520 2838 1549 2863 te
1573 2832 1702 2871 adJuvet
1727 2856 1740 2871 ,
1764 2833 1948 2867 acclamabat
1975 2858 1982 2866 .
2019 2837 2065 2869 Et

1186 2883 1294 2915 exinde
1315 2880 1410 2914 adhuc
1428 2878 1747 2923 consuetudoservatur
1759 2906 1769 2922 ,
1797 2893 1832 2916 ut
1852 2895 1915 2916 cum
1933 2885 2064 2925 aliquem

1181 2930 1396 2972 sternutantem
1415 2932 1608 2972 audivimus,
1637 2934 1718 2967 Deus
1736 2940 1767 2966 te
1789 2935 1915 2974 adjuvet
1936 2959 1946 2974 ‚
1973 2934 2063 2966 accla-

1188 2993 1297 3014 memus
1318 3005 1326 3013 .
1355 2982 1471 3019 Rursus
1497 2981 1560 3014 cum
1585 2982 1694 3023 aliquis
1720 2981 1863 3025 oscitabat
1888 3009 1898 3024 ‚
1920 2983 2064 3025 frequen·

1187 3040 1231 3065 ter
1250 3033 1425 3065 &continuo
1448 3029 1586 3073 &subito
1610 3030 1750 3074 spiritum
1771 3032 1950 3066 exhalabat.
1979 3033 2063 3066 Unde*

1187 3093 1249 3115 cum
1271 3082 1379 3123 aliquis
1399 3079 1432 3124 se
1457 3081 1533 3114 velle
1558 3079 1678 3124 oscitare
1698 3082 1850 3125 sentiebat
1880 3106 1891 3123 ‚
1926 3085 2061 3121 continuo

1179 3132 1294 3176 fignum
1321 3137 1426 3165 Crucis
1443 3130 1500 3173 fibi
1524 3137 1691 3173 imprimere
1703 3131 1869 3173 festinabat
1897 3157 1903 3164 .
1930 3134 1975 3164 Et
1997 3132 2062 3166 haec

1185 3180 1354 3224 consuetudo
1377 3179 1467 3224 usque
1491 3192 1567 3215 nunc
1580 3180 1725 3224 servatur
1746 3206 1752 3213 .
1780 3182 1967 3226 inguinaria
1993 3181 2063 3216 Ro,

1186 3242 1357 3267 manorum
1383 3230 1477 3275 pestis
1507 3231 1649 3266 extinxit
1676 3231 1846 3276 Pelagium
1883 3231 2063 3266 secundum

1187 3281 1380 3316 Pontificem
1407 3304 1419 3321 ,
1454 3292 1492 3315 ac
1516 3292 1570 3325 per
1597 3292 1703 3325 preces
1739 3282 1774 3315 &
1799 3280 1914 3316 merita
1941 3282 2064 3326 Magni

1186 3332 1338 3376 Gregorii
1365 3331 1429 3365 fuit
1455 3331 1599 3365 extinsta
1628 3344 1638 3364 .-
1675 3331 1786 3378 Qare
1812 3331 1870 3366 ista
1902 3330 2063 3367 lethaliter

1187 3380 1436 3423 sternutantium
1471 3380 1634 3421 medicina
1677 3381 1772 3424 pouit
1819 3383 1883 3417 effe
1919 3382 2061 3425 ejusdem

1595 3430 1627 3463 X
1678 3443 1700 3468 2
1923 3432 2012 3475 pium

1188 2479 1335 2516 Siffridus
1346 2480 1519 2525 Presbyter
1531 2482 1721 2516 Misnensis:
1750 2487 1852 2516 Romae
1866 2483 1957 2524 pestis
1975 2490 2067 2526 ingus'*
2086 2491 2146 2522 Lib.
2171 2502 2196 2524 ι,

1188 2538 1274 2564 naria
1287 2531 1352 2572 fuit
1364 2554 1371 2563 .
1400 2535 1481 2565 Erat
1503 2540 1602 2565 autem
1619 2532 1712 2574 pestis
1734 2538 1902 2575 inguinaria
1913 2534 2070 2575 apostema,
2088 2537 2120 2563 Α·
2141 2536 2208 2569 531-
