2372 3756
685 147 753 178 De
788 144 1139 191 QUIBUSDAM

282 225 286 228 '
322 214 442 255 Tertia
468 215 601 261 quaestio
620 214 667 249 est
692 238 704 256 ,
730 213 787 249 An
812 212 956 250 adductae
980 210 1158 255 Liturgicae

269 278 407 316 preces,
432 268 509 311 licet
532 267 602 311 post
622 264 805 301 Dominica
829 264 925 299 verba
948 264 982 298 &
1000 262 1155 306 pet-astam

268 316 787 364 nbipfistranselementationem
810 314 982 352 dicantur,
1007 323 1076 346 non
1088 311 1155 355 pos-

268 370 337 405 lint
350 368 471 403 habere
493 366 676 412 legitimum
689 365 835 402 sensum?
872 362 1075 407 Respondeo
1088 361 1156 405 pos·

269 422 306 454 se
331 445 338 451 .
366 417 500 453 Etenim
523 417 589 460 ipsa
609 416 726 451 eodem
749 415 867 449 ordine
889 411 989 448 habet
1014 410 1154 455 antiquae

271 470 439 504 Bafilianae
459 467 614 511 Liturgiae
633 466 751 500 Latina
770 464 940 499 translatio
953 471 971 504 ·,
998 462 1033 495 &
1060 462 1155 495 inter-

273 529 415 564 pretatur·
435 517 501 551 hoc
519 517 641 551 modo:
667 517 708 548 Te
723 514 903 558 postulamus
920 539 930 556 ‚
957 512 1064 546 sanae
1080 513 1155 544 san-

271 569 383 602 tiorum
401 592 412 607 ,
438 568 620 609 beneplacita
646 565 703 598 tibi
725 565 906 612 benignitate
930 567 1035 597 venire
1057 563 1154 603 spiri-

268 627 335 651 tum
353 617 494 651 Sanz‘ium
513 626 597 651 raum
613 613 705 661 super·
732 626 785 650 nos
802 640 815 657 ‚
846 616 879 649 ό·
896 612 986 658 super
1007 609 1153 656 propofita

267 677 392 702 munera
406 667 479 708 ista,
506 669 540 701 ὁ·
554 665 721 700 benedicere
739 677 777 699 ea·
789 689 800 706 ,
829 667 863 700 <5
872 659 1060 708 sanHificare
1081 684 1094 700 ,
1119 661 1153 694 eh·

264 718 414 759 ostendere
435 718 553 760 quidem
566 723 684 758 panem
706 715 789 756 istum
807 740 818 757 ‚
845 713 942 757 ipsum
968 710 1153 753 honorificum

265 776 371 810 corpus
387 769 510 799 Domini
527 768 583 798 Dei
597 770 633 801 eb·
641 766 805 810 salvatoris
818 763 903 804 nostri
923 760 1006 807 Jesu
1020 759 1128 800 christi
1141 785 1152 802 ,

266 818 350 860 quod
372 823 475 849 autem
494 815 535 856 est
556 822 588 849 in
603 815 688 850 calice
699 814 748 854 isto
759 838 770 854 ‚
798 812 893 856 ipsum
905 811 1079 855 sanguinem
1097 812 1153 842 Do-

216 872 220 877 “
266 870 342 900 mini
362 869 421 898 Dei
449 867 483 901 (θ’
500 865 661 910 salvatoris
690 863 776 905 nostri
804 861 916 906 JESU
943 860 1077 905 Christi,
1102 865 1153 903 qui

78 1417 152 1452 Cap.
171 1426 224 1453 ²9*

264 914 374 959 effusus
390 917 429 958 cst
449 926 505 961 pro
529 918 634 950 mundi
658 920 728 948 vita
748 939 755 946 .
785 912 878 948 Libri
900 936 912 953 ,
938 910 1055 957 quibus
1079 911 1153 945 usus

264 967 336 1003 suit
345 966 517 1004 Dominus
529 965 713 1002 cardinalis
725 963 890 998 Beffarion
902 986 913 1004 ,
940 972 999 1006 pro
1010 961 1154 1002 ostendere

264 1013 525 1061 habentface‘re.
553 1017 653 1051 Etita
666 1013 808 1049 omnino
829 1012 951 1047 habent
974 1011 1072 1046 etiam
1097 1009 1154 1044 ho-

272 1067 384 1103 dierna
408 1068 596 1103 Graecorum
626 1062 835 1109 Euchologia
859 1089 866 1096 .
904 1062 1062 1096 Attamen
1083 1060 1154 1094 Leo

266 1119 468 1155 ‚Allatiusin
483 1116 570 1152 libris
593 1116 634 1151 de
655 1115 822 1158 utriusque
845 1112 993 1147 Ecclefiae
1006 1111 1152 1146 Concor-

261 1170 328 1203 }‹iia
349 1169 463 1213 probat
487 1168 520 1202 ὅ(
533 1166 672 1212 sequitur
684 1164 825 1208 priorem
838 1171 1030 1197 contextum
1046 1185 1054 1193 .
1080 1160 1153 1195 Pre-

265 1215 327 1253 ces
341 1219 405 1252 istae
416 1218 533 1262 poffin't
544 1214 767 1259 expostulare,
792 1223 828 1247 ut
837 1212 949 1247 divina
964 1211 1067 1257 gratia
1086 1210 1152 1254 jam

268 1269 390 1302 fastam
402 1266 774 1302 transelementationem
784 1264 890 1297 firmet
903 1288 912 1303 ,
924 1263 1092 1310 conservet
1101 1285 1111 1302 ‚
1121 1262 1154 1295 ἀ

267 1318 371 1352 mobis
392 1316 561 1357 ostendat,
587 1317 640 1349 seu
667 1325 726 1347 nos
751 1314 784 1346 in
808 1313 877 1356 ejus
900 1313 964 1347 fide
988 1311 1152 1346 illuminet

270 1378 374 1410 atque
391 1365 550 1401 stabiliat.
582 1364 723 1398 illustrat
744 1361 811 1395 haec
834 1361 942 1396 noster
956 1361 1153 1396 adversarius

267 1416 440 1451 :Nicolaus
467 1413 654 1449 Cabafilas:
691 1416 735 1444 Et
760 1412 924 1444 sacerdotis
948 1413 983 1445 Θ
1004 1408 1152 1450 Pontificis

269 1468 422 1499 ordinatio
438 1464 589 1507 perficitur
603 1471 658 1504 per
675 1466 837 1495 orationem
860 1486 867 1493 .
899 1462 1040 1495 Oremus
1062 1460 1151 1493 enim

271 1516 433 1559 proipso‚
459 1523 497 1547 ut
520 1512 628 1547 veniat
650 1512 684 1545 in
710 1511 816 1554 ipsum
838 1511 940 1554 gratia
968 1508 1149 1544 sanetiffimi

268 1566 409 1608 Spiritus
425 1588 435 1605 ,
457 1561 519 1605 post
537 1560 741 1610 impositionem
759 1570 864 1594 manus
886 1565 912 1594 is
938 1565 991 1602 qui
1009 1560 1148 1600 ordinat,

267 1616 316 1648 ad
325 1616 442 1649 clerum
451 1614 580 1646 clamat.
606 1611 656 1645 Ita
677 1610 796 1644 clamat
823 1610 892 1652 post
909 1610 1021 1644 datum
1041 1609 1060 1643 a
1085 1619 1150 1643 ma-

268 1676 375 1700 nuum
396 1662 603 1706 impofitione
623 1658 778 1704 Spiritum
806 1660 959 1693 Sanctum
981 1683 988 1691 .
1019 1659 1148 1702 Nempe

268 1714 338 1757 ejus
358 1715 422 1758 jam
434 1714 551 1747 fastam
560 1709 777 1745 donationem
802 1709 959 1753 supplicat
981 1710 1042 1743 effe
1055 1707 1147 1742 stabi-

267 1764 338 1798 lem
356 1776 394 1799 ac
407 1764 534 1798 firmam
547 1786 555 1793 .
583 1759 708 1795 Eodem
732 1758 835 1793 modo
858 1759 890 1793 δε
903 1759 994 1793 sensu
1017 1757 1147 1802 antiqui

264 1814 459 1849 Graecorum
482 1812 593 1846 Patres
604 1810 722 1853 poffint
734 1807 834 1844 orasse
857 1808 991 1852 projam
1012 1807 1147 1842 sanetifi-

265 1865 351 1899 catis
374 1860 639 1898 &transmutatis
660 1858 868 1893 Eucharistiae
880 1858 1050 1892 elementis
1068 1879 1076 1890 .
1102 1857 1145 1891 Et

263 1912 351 1948 hinc
372 1913 412 1947 ad
434 1912 557 1956 prolata
579 1921 634 1954 per
656 1907 861 1943 Sacerdotem
883 1908 1144 1943 Dominicatam

264 1966 304 1999 su
310 1976 365 2008 per
373 1962 507 1997 calicem
518 1986 529 2003 ,
555 1959 653 2004 quam
665 1961 757 2003 super
768 1968 886 2002 panem
901 1959 997 1994 verba
1010 1958 1144 1992 circum-

266 2014 354 2048 stans
367 2014 554 2047 Graecorum
578 2010 718 2052 populus
728 2009 899 2052 respondet
914 2034 924 2049 ,
951 2011 1058 2041 Amen.
1088 2009 1143 2042 Et—

264 2064 377 2097 iamin
391 2061 556 2095 hodiernis
566 2058 798 2102 Euchologiis.
828 2060 960 2092 Fastam
979 2058 1142 2092 consecra-

266 2113 394 2148 tionem
416 2110 602 2155 profitetur,
628 2107 734 2150 acipfi
761 2107 941 2141 consentit.
970 2107 1144 2141 Consecra-

265 2163 368 2198 tionis
389 2161 479 2196 enim
502 2159 595 2193 verba
606 2158 710 2191 Graeci
730 2157 915 2191 Sacerdotes
937 2157 1054 2191 dicunt
1076 2158 1142 2191 alta

264 2224 371 2247 voce:
399 2211 451 2244 Ex
471 2209 627 2242 Instituto
646 2207 850 2249 Imperatoris
872 2206 1045 2250 Iustiniani
1065 2230 1071 2238 .
1100 2207 1142 2241 Et

264 2262 344 2296 hinc
365 2259 496 2294 Graecia
509 2257 699 2292 Florentina
722 2255 880 2298 synodo,
907 2256 982 2290 licet
1001 2257 1140 2300 priorem

265 2313 306 2346 de
321 2311 389 2345 istis
401 2308 547 2353 precibus
556 2317 692 2341 errorem
707 2305 869 2350 deponere
883 2307 1003 2340 fuerint
1014 2307 1116 2340 coacti
1129 2331 1139 2347 ,

265 2363 306 2395 de
324 2362 453 2395 illarum
476 2369 586 2392 tamen
599 2357 746 2391 facienda
771 2357 1018 2399 transpositione
1029 2356 1137 2390 nullus

264 2413 328 2445 fuit
349 2413 451 2445 sermo
469 2431 480 2447 ‚
516 2407 604 2441 nulla
626 2406 783 2440 memoria
806 2430 813 2438 .
842 2407 914 2440 Nec
940 2407 1042 2450 ipsam
1069 2406 1137 2440 fieri

264 2461 359 2495 iuafit
384 2469 529 2501 unquam
550 2455 736 2491 Cardinalis
748 2456 933 2498 Beffarion,
961 2456 1138 2499 potentiffi-

263 2522 338 2545 mus
357 2517 561 2552 expugnator
583 2506 811 2540 istiuserroris.
839 2506 933 2553 Qin
953 2504 1056 2540 immo
1077 2517 1136 2541 tra-

264 2558 428 2594 ditvarios
455 2557 594 2595 modos,
619 2555 734 2600 quibus
757 2556 821 2589 istae
841 2568 966 2598 preces,
994 2557 1070 2590 licet
1092 2556 1138 2591 di-

262 2613 319 2645 c‘lae
331 2609 399 2654 post
413 2605 594 2642 Dominica
604 2605 697 2639 verba
719 2629 729 2645 ,
747 2604 864 2648 poffint
878 2605 996 2640 habere
1014 2607 1137 2640 sensum

262 2661 450 2705 legitimum
477 2667 574 2700 atque
595 2653 817 2690 orthodoxum
840 2679 846 2686 .
888 2656 931 2689 Et
953 2655 1030 2689 hinc
1051 2656 1136 2691 lucet

262 2711 393 2744 nullum
414 2709 476 2742 effe
493 2707 766 2745 fundamentum,
793 2717 833 2738 ex
853 2715 918 2748 quo
942 2705 1136 2740 schismatici

261 2760 370 2794 Graeci
389 2759 552 2802 Magnum
584 2755 736 2789 Basiliam
757 2779 767 2794 ,
794 2756 946 2789 Sandium
974 2756 1134 2798 Ioannem

262 2808 535 2853 Chrysostomum
547 2831 557 2846 ,
587 2816 642 2839 aut
655 2805 753 2839 allum
767 2806 826 2838 suae
838 2805 985 2839 Ecclefiae
1005 2806 1134 2841 Patrem

261 2860 422 2893 advocent
446 2858 479 2891 in
503 2856 549 2890 sui
572 2857 688 2889 erroris
709 2855 947 2898 patrocinium.
977 2856 1132 2891 Attamen

260 2920 431 2952 nunquam
443 2906 610 2942 credidero
619 2905 814 2940 hodiernum
827 2905 984 2940 Ordinem
995 2906 1087 2941 fuisse
1099 2908 1132 2940 in

260 2958 403 3001 antiquis
416 2957 586 3000 Liturgiis.

312 3007 438 3055 Qarta
454 3006 586 3050 quaestio
603 3006 669 3047 est,
697 3006 771 3052 Qua
792 3006 918 3039 ratione
938 3005 1035 3039 santii
1050 3006 1132 3042 Grae-

259 3068 377 3093 corum
402 3055 509 3090 Patres
528 3057 747 3090 consecratam
775 3054 1009 3089 Eucharistiam
1030 3059 1136 3101 appel-

259 3109 332 3142 lent
350 3105 522 3140 Dominici
542 3107 685 3149 corporis
703 3106 738 3139 &
760 3106 926 3149 sanguinis
946 3106 1093 3150 antitypa
1114 3109 1130 3140 ἒ

258 3156 460 3200 Respondeo
472 3154 560 3197 quod
572 3155 665 3189 variis
678 3154 783 3189 modis
793 3181 800 3188 .
828 3156 975 3189 Primum
988 3155 1084 3190 edicit
1096 3157 1130 3192 in

257 3210 319 3243 :suo
342 3206 381 3240 ad
396 3205 530 3249 primam
552 3205 655 3237 Sansti
669 3205 819 3249 Gregorii
842 3205 1043 3239 Naz'anzeni
1058 3218 1131 3251 apo-

257 3258 437 3301 logeticam
451 3255 633 3288 orationem
647 3253 735 3288 Elias
755 3255 971 3298 Metropolita
1000 3256 1131 3290 Creten·

257 3308 355 3341 sium.
386 3304 498 3338 Primo
520 3304 690 3338 audiamus
710 3305 929 3347 ejuslucidam
941 3305 981 3339 de
1006 3306 1130 3341 Eucha-

257 3357 364 3391 rissica
395 3354 526 3389 veritate
552 3353 775 3397 professionem
800 3369 809 3387 :
838 3357 895 3388 Per
912 3364 1064 3389 externum
1082 3355 1145 3400 sa-.

258 3406 394 3448 crificium
414 3408 570 3449 Gregorius
590 3404 730 3447 intelligit
743 3404 835 3444 iliud,
861 3407 938 3448 quod
945 3414 1002 3448 per
1018 3415 1128 3450 panem

356 3454 460 3495 christ.
479 3459 557 3497 Lupi
570 3459 668 3497 opera
680 3457 764 3487 Tyr.
1138 3440 1143 3481 Ι

1174 121 1420 173 Pii-Rem
1455 114 1676 175 Loc'rs.
1924 130 2024 192 26⁴7

1218 209 1371 243 &vinum
1388 214 1565 254 peragitur.
1594 211 1675 251 ,ραι
1695 213 1813 252 quidem
1835 218 1867 247 in
1883 213 1972 257 sacra
1988 205 2090 258 mensa

1212 257 1421 301 proposttaper
1434 258 1613 299 ineffabilem
1629 262 1791 302 quamdam
1803 266 2014 306 Omnipotentis
2031 268 2089 298 Dei

1217 313 1280 346 vim
1299 319 1336 342 ac
1350 308 1531 350 facultatem
1558 315 1590 342 in
1614 307 1722 348 christi
1746 318 1845 351 corpus
1872 314 1905 346 (tt
1913 313 2088 358 sanguinem

1216 360 1286 393 verb
1295 366 1511 393 commutantur
1522 382 1528 390 .
1557 362 1683 392 Etenim
1694 369 1730 391 ne
1739 370 1854 392 carnem
1871 363 1903 395 tit
1910 362 2086 407 sanguinem

1215 414 1248 442 in
1251 407 1368 452 samiis
1391 409 1584 451 Ecclefiarum
1604 406 1707 449 menfis
1715 408 1862 450 proposita
1883 411 2085 453 conspicientes

1216 458 1361 493 horrorem
1390 465 1620 501 concipiemus,
1643 459 1749 493 idcirc&
1767 461 1846 492 Deus
1867 460 1912 492 ad
1929 461 2084 502 infirmita-

1214 517 1273 542 tem
1288 509 1411 550 nostram
1423 508 1458 551 se
1480 511 1642 544 demittens
1659 533 1671 550 ‚
1690 507 1844 552 propofitis
1870 508 1957 543 rebus
1983 512 2085 553 vivifi·

1214 570 1280 592 cam
1297 568 1363 593 vim
1377 565 1511 593 immittit
1530 583 1542 599 ,
1568 569 1658 602 atque
1673 570 1709 593 ea
1728 560 1774 592 ad
1787 563 1887 593 carnis
1906 556 1972 602 suae
1984 568 2085 602 opera-

1215 615 1320 642 tionem
1338 608 1483 651 transfert
1502 635 1511 643 .
1537 615 1644 652 Neque
1668 613 1741 644 veri
1759 615 1831 652 quin
1845 607 1896 643 boc
1910 619 2015 644 verum
2023 609 2084 652 fit,

1214 660 1270 692 ullo
1285 659 1377 702 padio
1388 658 1502 703 ambige
1517 671 1523 692 z
1547 662 1623 694 Ciam
1640 657 1702 702 ipse
1723 660 1826 701 aperte
1843 660 1947 701 dicat,
1971 662 2029 693 Hoc
2045 659 2083 699 est

1213 718 1314 751 corpus
1335 721 1456 751 meum,
1483 714 1540 743 Hic
1560 709 1598 751 est
1608 709 1735 754 sanguis
1754 720 1836 744 meus
1851 734 1858 741 .
1886 711 1972 754 ‚Quin
1982 710 2083 752 potit‘ts

1214 761 1379 794 salvatoris
1394 758 1556 803 sermonem
1566 761 1631 803 fide
1644 766 1741 803 accipe
1761 783 1769 792 .
1797 764 1884 793 Nam
1908 760 1972 793 cum
1990 770 2083 794 verus·

1209 808 1270 850 fit,
1295 811 1585 845 minimimentitur.
1615 808 1709 845 Hinc
1719 809 1823 855 pergit
1842 807 1883 844 ad
1893 809 1995 844 nostri
2012 821 2083 853 prz-

1214 858 1312 894 sentis
1331 861 1484 895 vocabuli
1504 858 1776 897 commentarium
1797 871 1805 892 :
1843 861 1903 893 Per
1920 864 2084 902 antitypum

1212 916 1311 942 aut-em
1327 910 1466 954 isbtypum
1484 913 1626 955 intelliges
1637 935 1648 952 ‚
1668 910 1698 953 fi
1703 912 1820 954 quidem
1833 910 1869 943 de
1885 915 2004 955 magnis
2021 909 2083 943 illis

1213 957 1348 997 mysteriis
1367 984 1378 1000 ,
1404 960 1454 994 boc
1477 960 1515 1000 est
1531 986 1542 1001 ,
1569 963 1607 996 de
1635 961 1810 1005 sanfflffimo
1835 959 1944 1001 Christi
1968 967 2082 1002 corpore

1213 1020 1247 1041 ac
1253 1008 1381 1052 pretioso
1386 1008 1534 1054 sanguine
1550 1010 1628 1051 istud
1632 1017 1763 1054 accipias
1773 1036 1781 1044 .
1808 1012 1943 1045 Sic-enim
1952 1013 2081 1054 Magnus

1164 1034 1170 1082 i
1214 1059 1340 1102 Bafilius
1349 1059 1400 1094 boc
1408 1071 1519 1104 quoque
1527 1062 1714 1104 appellavit.
1744 1059 1912 1104 Praepofitio
1923 1065 2001 1095 enim
2018 1059 2081 1107 baef

1214 1105 1295 1154 cim,
1321 1122 1539 1156 nonnumquam
1571 1114 1774 1158 «equalitatem
1798 1116 1888 1146 etiam
1911 1108 2054 1155 fignificat
2071 1134 2080 1142 .

1215 1165 1245 1195 5i
1264 1172 1362 1210 autern
1379 1164 1424 1196 ad
1435 1163 1547 1205 futura
1562 1162 1688 1202 mysteria
1714 1162 1777 1197 baec
1805 1161 1977 1203 referantur
1994 1186 2005 1203 ‚
2030 1170 2082 1194 nec

1214 1219 1291 1247 enim
1305 1211 1407 1256 desunt
1436 1218 1487 1255 qai
1503 1212 1567 1246 h‘aec
1582 1212 1674 1246 verba
1693 1214 1740 1247 ad
1750 1211 1827 1246 bunc
1839 1212 1955 1247 modum
1969 1218 2082 1255 accepe-

1214 1270 1277 1297 rint
1292 1289 1302 1305 ‚
1330 1275 1388 1296 non
1405 1272 1552 1306 tanquam
1574 1262 1683 1303 Christi
1706 1272 1809 1306 corpus
1830 1274 1864 1297 ac
1880 1262 2006 1307 sanguis
2024 1272 2082 1295 non

1215 1315 1283 1347 vere
1292 1311 1352 1355 fint
1370 1337 1382 1353 ‚
1408 1319 1543 1355 antitypa
1568 1314 1707 1347 dicuntur
1725 1336 1736 1353 ‚
1757 1311 1817 1357 sed
1840 1319 1910 1356 quia
1928 1322 2003 1346 nunc
2019 1317 2083 1354 qui-

1213 1365 1279 1396 dem
1290 1371 1348 1405 per
1363 1374 1400 1396 ea
1425 1365 1609 1397 Divinitatis
1630 1363 1739 1404 Christi
1750 1368 1911 1406 participes
1928 1363 2083 1406 efficimur,

1214 1413 1313 1453 nostris
1341 1413 1477 1447 videlicet
1503 1413 1669 1455 corporibus
1690 1414 1772 1447 vetut
1790 1418 1942 1447 commixti
1967 1414 2001 1447 6*
2020 1413 2087 1445 coni

1211 1468 1367 1504 temperati
1383 1484 1395 1501 ,¹
1418 1465 1488 1495 ruric
1507 1471 1607 1496 autem
1623 1462 1821 1506 spiritualiter
1841 1472 1896 1506 per
1912 1461 2004 1505 *solam
2023 1473 2085 1496 con-

1211 1513 1431 1554 temptationem
1452 1537 1460 1546 .
1488 1513 1594 1545 Verum
1617 1525 1746 1556 quonam
1764 1514 1874 1555 pallo,
1900 1515 1962 1546 cum
1979 1514 2087 1546 saiva-

1209 1568 1254 1594 tor
1273 1561 1334 1605 ipse
1357 1570 1412 1604 per
1437 1562 1692 1602 demonstrationis
1714 1558 1832 1596 modum
1857 1566 1970 1597 dixerit
1988 1588 1999 1605 ,
2026 1567 2087 1596 Hoc

1209 1612 1247 1652 est
1268 1620 1372 1654 corpus
1390 1623 1487 1645 meum
1511 1635 1523 1652 ,
1549 1617 1608 1648 Hic
1627 1612 1664 1653 est
1684 1611 1810 1657 sanguis
1837 1626 1917 1648 meus
1938 1640 1948 1655 ‚
1978 1617 2088 1647 Divini

1208 1668 1310 1694 tamen
1336 1659 1368 1692 bi
1403 1660 1536 1703 Magistri
1562 1684 1573 1700 ‚
1597 1665 1700 1704 nempe
1726 1666 1858 1707 Magnus·
1885 1663 2014 1705 Basilius
2051 1664 2086 1696 Θ

1209 1714 1368 1755 Gregorius
1396 1709 1555 1753 Theologus
1580 1734 1591 1749 ,
1625 1718 1759 1754 antitypa
1785 1715 1932 1746 Dominici
1958 1720 2087 1756 corporis

1206 1762 1241 1794 (δ’
1258 1757 1420 1805 sanguinis
1443 1760 1598 1802 appellant
1626 1761 1642 1790 ἒ
1680 1764 1836 1795 Nimirum
1878 1768 2007 1797 eximius
2038 1765 2089 1797 ille

1199 1813 1344 1855 Joannes
1362 1808 1503 1852 Damasci
1526 1811 1664 1844 alumnus
1690 1817 1859 1846 interventu
1879 1811 1933 1856 suo
1950 1813 2088 1858 dissensio-

1205 1872 1272 1893 nem
1287 1872 1352 1893 eam
1371 1884 1383 1901 ,
1408 1862 1489 1901 qu‘us
1501 1858 1549 1893 hic
1563 1859 1673 1903 species
1689 1864 1829 1904 quaedam
1840 1864 1977 1905 objicitur
1988 1890 1999 1906 ,
2025 1863 2086 1908 dis:

1201 1909 1311 1954 solvit,
1336 1909 1385 1943 bis
1407 1910 1511 1944 verbis
1531 1918 1633 1944 utens.
1661 1911 1811 1948 Adducit
1836 1913 1972 1949 addutta
1995 1916 2086 1959 supe-

1202 1960 1267 1994 rius
1280 1960 1386 1994 Sancti
1411 1959 1546 2004 Joannis
1569 1961 1666 1995 verba
1689 1987 1696 1995 .
1724 1963 1808 2010 Qae
1828 1964 1941 1999 omnia
1968 1965 2085 2000 confir-

1202 2022 1270 2044 mat
1298 2011 1332 2044 in
1352 2010 1532 2045 undecimae
1557 2012 1715 2046 orationis
1739 2014 1979 2048 commentario
2000 2041 2010 2057 ‚
2048 2015 2084 2048 ὃς

1201 2060 1365 2104 adjungit.
1394 2060 1593 2101 sciendumest
1606 2087 1616 2102 ,
1643 2064 1726 2104 quid
1736 2071 1796 2106 per
1806 2071 1941 2107 antitypa
1958 2064 2009 2098 boc
2026 2067 2085 2099 loco

1201 2112 1360 2153 Gregorius
1379 2110 1526 2153 intelligat
1551 2108 1658 2152 isotypa
1679 2138 1685 2144 .
1714 2114 1751 2144 ld
1774 2116 1855 2155 quod
1870 2115 2016 2157 frequens
2043 2115 2085 2156 est·

1200 2169 1264 2192 tum
1281 2160 1366 2202 apud
1374 2169 1530 2199 externos,
1561 2169 1626 2192 tum
1642 2163 1726 2203 apud
1744 2165 1876 2196 Divinos
1900 2164 2004 2204 nostros
2015 2169 2084 2198 Ma-

1180 2209 1300 2252 ,gistros
1323 2234 1329 2240 .
1357 2208 1395 2241 In
1418 2208 1658 2254 quadragesima
1682 2212 1821 2246 secunda
1842 2215 1992 2249 oratione
2003 2214 2082 2250 Gre-

1179 2251 1312 2302 ⁵gorius
1337 2260 1478 2294 affirmat
1516 2260 1661 2293 Ecclefiae
1690 2260 1864 2297 luminaria
1900 2266 1961 2299 esse
1988 2265 2080 2300 coeie-

1203 2309 1299 2342 stium
1324 2308 1357 2342 &
1381 2309 1650 2353 supercoelestium
1670 2311 1882 2347 luminarium
1903 2313 2052 2359 antitypa
2066 2341 2078 2357 ‚

1202 2359 1234 2392 ὅ(
1257 2359 1391 2393 Nicetas
1411 2361 1567 2395 Serronus
1587 2370 1845 2396 commentatur:
1874 2368 1926 2397 Ea
1946 2376 2006 2398 vox
2024 2368 2077 2399 du-

1197 2410 1304 2450 plicem
1315 2409 1553 2453 significationem
1571 2408 1674 2443 babet.
1704 2415 1790 2444 Nam
1810 2415 1844 2448 (vt
1855 2423 1912 2456 pro
1928 2422 2076 2450 contraria

1197 2458 1297 2501 figura
1318 2456 1468 2502 accipitur
1489 2486 1495 2493 .
1523 2463 1570 2493 Sic
1592 2457 1713 2503 serpens
1739 2473 1837 2496 aentus
1861 2463 2073 2508 suspenditur,

1202 2520 1259 2541 non
1282 2519 1314 2542 ut
1331 2518 1413 2551 typus
1441 2509 1551 2549 christi
1574 2534 1585 2549 ‚
1617 2509 1676 2553 sed
1694 2522 1727 2545 ut
1749 2518 1897 2556 antitypus
1921 2540 1927 2548 .
1955 2519 2000 2548 Et
2017 2524 2072 2558 pro

1202 2559 1428 2602 aequaliftgru‘ra,
1457 2568 1490 2594 ut
1500 2560 1548 2593 boc
1558 2561 1631 2592 loco.
1660 2559 1811 2597 Affirmat
1824 2575 1960 2610 uterque
1970 2565 2071 2600 Com·

1182 2617 1363 2658 lmentator
1374 2621 1509 2650 vocem,
1536 2616 1691 2653 antitypa,
1717 2614 1820 2657 accipi
1831 2614 2068 2650 tribusmodis:

1200 2657 1264 2692 Pro
1290 2660 1451 2694 contraria
1478 2660 1579 2704 figura
1599 2685 1610 2700 ,
1636 2671 1694 2704 pro
1720 2663 1851 2707 isotypo
1877 2665 1932 2700 seu
1962 2666 2069 2712 figura

1199 2709 1309 2751 aequali
1330 2734 1340 2750 ,
1367 2710 1400 2743 &
1422 2721 1479 2753 pro
1501 2710 1636 2754 simplici
1655 2712 1746 2756 signo
1766 2714 1819 2748 seu
1841 2715 2067 2751 similitudine.

1200 2758 1352 2792 Affirmat
1370 2759 1470 2802 ipsam
1494 2759 1561 2795 dici
1582 2761 1669 2803 poffe
1688 2763 1774 2797 &de
1795 2766 1988 2800 consecratis
2007 2768 2070 2802 ele·

1200 2810 1334 2849 mentis,
1363 2810 1447 2844 &de
1466 2811 1635 2854 propositis
1659 2811 1852 2856 dumtaxat,
1879 2818 1934 2851 seu
1955 2818 2069 2861 fimpli-

1198 2859 1226 2892 ci
1248 2858 1472 2893 benedittione
1496 2861 1536 2895 ad
1565 2862 1843 2899 consecrationem
1873 2868 2065 2910 praeparatis.

1197 2908 1300 2948 Priori
1325 2907 1426 2943 modo
1446 2921 1609 2955 acceptam
1627 2913 1765 2949 affirmat
1786 2915 1849 2949 effe
1869 2914 1954 2951 idern
1977 2917 2067 2960 quod

1196 2960 1380 3002 isotypum:
1407 2961 1497 3009 Qa
1509 2963 1714 3008 nempetunc
1737 2966 1893 3008 accipitur
1915 2967 2067 3010 proinvi·

1195 3009 1277 3043 sibili
1298 3010 1583 3055 Christicorpore,
1610 3015 1699 3057 quod
1722 3016 1866 3058 corporis
1879 3015 2008 3051 viiibilis
2020 3017 2065 3051 est

1193 3060 1322 3103 aequalis
1353 3062 1387 3094 ὅ(
1413 3063 1694 3098 consubstantialis
1721 3066 1820 3109 figura
1846 3091 1854 3098 .
1882 3066 2065 3103 Confirmat

1192 3110 1313 3153 duplex
1330 3108 1448 3146 Chrissi
1461 3124 1596 3155 corpuS,
1622 3116 1709 3158 quod
1721 3115 1737 3147 ὲ
1760 3115 1873 3148 multis
1892 3116 1990 3150 etiarn
2004 3117 2065 3152 La-

1193 3161 1271 3194 tinis
1284 3160 1431 3195 Patribus
1444 3163 1533 3207 supra
1546 3163 1857 3198 audivinmslaudari
1874 3165 1952 3199 ,Per
1962 3168 2064 3211 poste-

1192 3212 1267 3244 riori
1287 3212 1387 3244 modo
1410 3224 1575 3256 acceptam
1599 3225 1711 3247 vocem
1736 3214 1870 3248 affirmat
1894 3216 2062 3259 importari

1191 3262 1325 3304 simplex
1340 3273 1377 3294 ac
1392 3261 1544 3303 inaequale
1556 3264 1681 3308 signum
1696 3288 1705 3302 ‚
1731 3264 1763 3297 ὃ(
1775 3264 1922 3309 adjungit
1933 3267 1974 3300 ita
1989 3268 2063 3302 fuis-

1192 3312 1222 3343 se
1244 3322 1409 3355 acceptam
1429 3324 1497 3346 nou
1520 3316 1646 3347 tamum
1670 3314 1687 3347 a
1705 3313 1821 3348 Sanc‘io
1849 3314 1972 3357 Joanne
1996 3318 2063 3353 Da-

1190 3362 1340 3394 maseerto
1354 3387 1361 3400 ‚
1376 3362 1427 3394 sed
1444 3365 1541 3395 etiam
1554 3364 1571 3395 ἡ
1585 3364 1712 3407 Magno
1725 3363 1842 3398 Bafilio
1853 3387 1863 3403 ,
1876 3366 1907 3399 ὅ(
1920 3365 2062 3401 Nazian-

1169 3423 1268 3466 'zeno
1289 3413 1450 3457 Gregorio
1468 3437 1474 3443 .
1503 3413 1605 3459 Qdd
1625 3413 1741 3458 nempe
1764 3414 1861 3450 etiam
1886 3416 2061 3459 Gregorius

1166 3469 1174 3485 ¹
1583 3464 1604 3498 S
1656 3475 1677 3500 2
1918 3466 2012 3501 fucrit
