2372 3756
664 134 735 162 DE
773 130 1125 177 QUlssusDAM
1163 116 1414 159 PATRUM
1450 117 1660 164 Locts.

237 200 377 235 effefine
399 198 547 233 crucifixi
574 198 744 243 imagine:
772 199 846 232 Effe
869 198 923 232 fibi
949 195 1122 241 Evangeli-

240 260 310 284 cam
318 261 359 283 ac
369 250 543 285 Divinitus
555 248 739 283 institutam
750 249 820 292 ejus
834 248 1011 293 imaginem
1025 272 1035 287 ,
1060 247 1122 280 Eu-

241 299 455 335 charisticum
468 300 776 344 panem&vinum.
805 299 995 333 Dominicae
1016 298 1121 331 lncar·

241 351 389 385 nationis
407 351 574 385 veritatem
589 351 781 394 profitentur
801 360 877 383 ante
900 350 1034 382 omnia.
1063 347 1122 381 As·

244 400 408 445 sumptum
421 399 593 435 hominem
614 400 807 443 profitentur
828 399 920 433 fuisse
945 399 1121 441 perfeetum

243 451 418 494 &plenum
431 473 443 489 ‚
464 451 500 491 &
511 462 578 485 non
592 450 729 495 figuram
742 448 860 482 divinae
873 450 1016 491 personae
1029 472 1040 487 ,
1067 446 1121 481 sed

244 501 346 544 ipsam
358 501 503 536 divinam
516 502 705 545 personam:
733 499 791 534 Ne'
805 498 839 532 in
861 499 937 533 Deo
953 501 1028 533 effet
1053 508 1120 532 non

243 550 415 591 Trinitas,
442 551 495 586 sed
521 551 722 595 quaternitas
743 573 751 582 .
789 548 991 583 Profitentur
1012 549 1044 582 &
1069 546 1122 582 ad-

245 601 352 634 versus
378 600 598 645 Eutychetem
623 624 634 640 ,
669 600 704 633 &
738 598 886 633 adversus
911 598 1120 632 Nestorium.

246 651 340 684 Hinc
352 661 489 696 pergunt
502 651 543 686 ad
556 649 809 685 Eucharistiam.
835 649 939 696 Qod
962 648 1065 683 solam
1087 648 1121 681 in

247 701 314 744 ipsa
324 696 462 745 figuram
484 700 757 745 dogmatizatint,
783 710 952 743 nunquam
981 697 1122 733 credide-

246 762 284 786 ro
304 776 312 784 .
339 750 472 786 Etenim
495 751 686 793 profitentur
713 750 813 793 ipsam
836 750 899 784 effe
923 749 1121 783 Deificatam

247 811 305 844 per
326 800 464 845 gratiam
488 799 786 839 Sanstificationis,
816 800 878 833 effe
894 799 1122 832 sanctificatam

244 849 384 893 Spiritus
397 849 504 883 Sansti
515 850 657 883 adventu
670 873 681 889 ,
707 850 770 883 esse
795 849 958 882 Divinum
981 859 1098 891 panem
1113 872 1123 887 ,

244 900 366 933 factum
391 900 453 934 effe
474 900 638 934 Divinum
659 909 775 942 corpus
794 897 957 932 mediante
973 898 1125 932 Sacerdo-

242 959 279 983 te
292 973 303 989 ,
331 949 364 982 id
390 950 435 983 est
456 972 467 988 ,
492 949 686 984 solemnium
707 948 880 983 verborum
901 949 1019 983 virtute
1041 958 1123 982 tran—

248 998 498 1034 substantiatum
521 1024 530 1031 .
567 998 611 1032 Et
636 997 723 1033 hanc
744 999 1032 1033 sanctificationem
1056 1010 1122 1033 non

244 1050 314 1082 fine
323 1050 430 1093 aliqua
440 1048 602 1094 elegantia
622 1058 744 1083 vocant
755 1049 945 1090 Adoptionem
955 1074 963 1082 .
990 1049 1124 1082 Etenim

247 1098 426 1142 panisante
436 1099 718 1134 consecrationem
740 1099 786 1134 est
809 1099 966 1142 fimpleX,
992 1098 1100 1132 nudus
1114 1122 1125 1138 ‚

246 1148 334 1183 &ab
357 1148 419 1184 hac
444 1150 612 1184 tremenda
632 1150 737 1194 gratia
759 1158 950 1188 extraneus,
976 1148 1124 1190 adeoque

247 1210 303 1240 per
329 1199 422 1234 istam
444 1211 513 1235 non
537 1199 621 1234 male
641 1199 761 1233 dicitur
783 1199 819 1232 in
846 1197 931 1233 hanc
954 1196 1123 1241 adoptari.

247 1247 383 1283 Interim
406 1249 473 1283 haec
495 1251 646 1284 scelerata
676 1247 830 1292 Synodus
857 1250 995 1292 figuram
1021 1248 1124 1292 magis

247 1297 429 1342 praedicavit
452 1299 546 1342 quam
573 1300 740 1333 veritatem
763 1323 771 1330 .
810 1297 954 1332 Assensit
975 1297 1058 1331 hanc
1084 1309 1124 1330 ex

249 1347 379 1383 Divino
405 1348 529 1382 Christi
551 1349 693 1383 Domini
717 1348 874 1388 lustituto
893 1349 926 1382 &
950 1348 1032 1391 juffu
1061 1348 1123 1381 effe

247 1398 382 1432 unicam
394 1399 542 1442 assumpti
556 1397 704 1438 hominis
713 1398 891 1442 imaginem
903 1422 914 1438 ,
933 1398 1017 1431 ultra
1028 1408 1124 1440 quam

246 1448 339 1482 nulla
361 1448 457 1491 poffit
477 1448 560 1492 fingi
579 1448 661 1482 alia:
689 1449 862 1494 Qoniam
875 1448 984 1482 omnis
996 1447 1125 1492 figurans

247 1496 375 1530 hominis
395 1497 501 1539 forma
522 1498 683 1531 introducit
703 1499 901 1531 idololatriam
925 1523 933 1530 .
970 1498 1048 1531 Fuit
1071 1498 1125 1531 usa

247 1557 339 1581 novo
366 1547 546 1581 locutionis
572 1559 691 1592 genere
712 1569 722 1579 -
759 1548 802 1582 Et
825 1547 1063 1582 Eucharistiam
1085 1548 1124 1582 ad

248 1607 354 1630 novos
377 1597 457 1631 fines
468 1597 619 1631 detorsit.
647 1595 873 1632 Hinc&se&
887 1609 1021 1632 omnem
1034 1599 1124 1640 suam

247 1645 424 1681 factionem
445 1645 582 1682 reddidit
599 1647 638 1681 de
652 1657 770 1691 negata
784 1648 917 1682 veritate
928 1648 1125 1691 suspectam.

249 1697 293 1730 Et
315 1697 478 1742 gloriosus
501 1697 631 1741 Martyr
644 1696 845 1739 Stephanus,
872 1697 1076 1732 Auxentiani
1091 1698 1124 1730 in

248 1745 407 1789 Bithynia
433 1747 628 1782 Monasterii
650 1747 818 1782 PraefeCws
836 1772 846 1788 ,
874 1748 938 1790 illis
959 1746 1126 1791 respondit

248 1796 373 1831 nullam
395 1797 532 1831 haerefim
553 1808 698 1842 unquam
717 1799 782 1832 effe
806 1799 905 1831 unico
926 1808 1030 1831 errore
1049 1808 1127 1831 con-

248 1855 374 1881 tentam
387 1871 398 1887 ,
423 1846 562 1891 ideoque
582 1849 615 1882 &
636 1847 855 1882 Iconoclastas
875 1847 916 1881 de
936 1858 1043 1882 errore
1055 1858 1127 1891 pro-

250 1896 341 1930 volui
364 1897 396 1929 in
420 1907 581 1938 errorem,
608 1899 643 1931 δι
671 1898 775 1942 pergit
796 1909 804 1931 :
830 1899 941 1931 Nullus
967 1899 1126 1940 aliquando

249 1945 389 1979 tubarum
411 1948 541 1988 Spiritus
553 1971 563 1988 ,
584 1945 755 1990 sanderum
767 1950 903 1982 videlicet
916 1948 1103 1990 Apostolorum
1116 1972 1126 1988 ,

252 2005 306 2029 aut
329 1997 480 2037 illustrium
502 2000 629 2031 Patrum
651 1998 807 2038 nostrorum
828 2023 838 2039 ,
865 2005 1051 2032 incruentum
1074 1997 1126 2041 sa-

251 2046 391 2088 crificium
410 2047 536 2087 nostrum
549 2071 560 2087 ,
585 2048 660 2089 quod
686 2054 718 2081 in
729 2055 1027 2082 commemorationem
1039 2047 1125 2080 Chri-

246 2096 286 2137 sti
308 2099 365 2130 Dei
390 2096 474 2137 nostri
494 2107 529 2129 ac
552 2103 646 2129 omnis
670 2096 896 2141 dispensationis
908 2101 972 2139 ejus
985 2100 1126 2139 efficitur,

253 2148 336 2179 dixit
358 2151 517 2189 imaginem
539 2151 661 2189 corporis
682 2149 745 2188 ejus
758 2172 765 2179 .
793 2151 900 2190 Neque
922 2153 998 2181 enim
1025 2150 1045 2180 ἃ
1068 2144 1125 2179 Βοζ

251 2201 332 2229 mino
353 2204 521 2239 acceperunt
542 2196 582 2237 fic
604 2198 699 2230 dicere
725 2199 776 2230 vel
799 2197 927 2238 confiteri
950 2222 957 2230 .
993 2200 1054 2232 sed
1077 2209 1149 2235 aur

252 2247 342 2278 diunt
365 2246 570 2289 Evangelice,
596 2247 711 2280 dicente
735 2258 788 2280 eo.-
815 2247 888 2289 Nifi
902 2249 1130 2282 manducaveri-

234 2301 294 2340 'tis
314 2304 432 2329 carnem
450 2295 506 2337 filii
526 2294 652 2329 bominis
676 2296 854 2330 &biberitis
867 2300 928 2339 ejus
936 2296 1133 2342 sanguinem,

254 2357 312 2377 non
333 2345 488 2379 intrabitIs
508 2351 540 2386 in
563 2350 699 2390 Regnum
725 2348 858 2380 coelorum
884 2373 891 2380 .
932 2351 978 2380 Et
1014 2355 1130 2388 accepto

250 2403 330 2436 pane
345 2400 466 2439 gratias
487 2406 576 2440 agens
589 2396 686 2440 fregit
708 2398 742 2430 Θ
766 2398 850 2431 dedit
870 2395 1018 2440 discipulis
1041 2397 1107 2441 suis
1119 2422 1129 2439 ‚

252 2446 286 2478 (5
309 2450 356 2478 ait
379 2459 389 2478 .·
427 2448 552 2488 Accipite
586 2448 620 2480 Θ·
652 2448 792 2481 comedite
813 2473 824 2489 ,
861 2454 922 2483 Hoc
949 2448 986 2488 est
1014 2452 1128 2490 Corpus

252 2506 366 2528 meum.
394 2499 466 2528 Non
485 2498 588 2529 dixit:
617 2501 743 2539 Accipite
765 2499 947 2532 &comedite
969 2503 1129 2542 imaginem

251 2551 375 2587 corporis
399 2550 475 2579 mei.
502 2544 713 2580 Eucharistiae
736 2548 902 2582 veritatem
930 2548 1076 2591 pluribus
1089 2548 1130 2581 E-

252 2595 430 2639 vangelicis
449 2605 487 2629 ac
507 2595 707 2639 Apostolicis
727 2597 923 2631 testimoniis
935 2598 1108 2632 confirmat
1120 2621 1131 2638 ,

253 2646 287 2679 &
300 2644 488 2679 concludit:
516 2649 599 2690 Ergo
609 2646 718 2687 liquido
730 2647 956 2686 demonstratum
966 2647 1004 2687 est
1017 2671 1027 2686 ‚
1054 2649 1131 2690 quad

252 2693 399 2739 nusquam
420 2699 588 2736 Dominus,
615 2697 669 2729 vel
687 2696 831 2738 Apostoli,
857 2705 911 2729 aut
938 2699 1047 2730 Patres
1058 2704 1132 2731 ima-

250 2752 352 2790 ginem
378 2746 522 2780 dixerunt
536 2744 713 2788 sacrificium
728 2744 960 2790 finesanguine,
988 2749 1066 2789 quod
1074 2757 1129 2789 per

253 2797 440 2830 sacerdotem
463 2796 585 2837 offertur
606 2820 617 2836 ,
649 2794 708 2840 sed
728 2795 824 2839 ipsum
845 2806 947 2839 corpus
974 2799 1008 2830 (θ’
1034 2797 1129 2841 ipsum

248 2846 426 2890 sanguinem
446 2871 453 2878 .
491 2849 537 2878 Et
563 2856 633 2880 ante
648 2844 890 2889 sanc‘lifieationis
917 2848 1038 2890 quidem
1062 2850 1129 2882 cele-

253 2895 415 2931 brationem
436 2905 516 2939 typos
537 2895 711 2940 quibusdam
734 2897 906 2930 sannorum
933 2900 1056 2930 Parrum
1066 2897 1128 2932 haec

251 2947 304 2988 pic²
323 2946 420 2990 visum
443 2947 480 2987 est
492 2953 640 2980 nominare
652 2972 659 2979 .
689 2947 735 2980 lta
764 2946 893 2981 locutos
905 2947 1039 2981 affirmat
1051 2949 1126 2982 San-

256 2996 344 3030 etum
367 2997 550 3034 Eusta'tium
585 2996 776 3031 Antiochia:
807 2995 1025 3031 patriarcham
1048 3023 1059 3039 ,
1094 2999 1126 3032 ὃ(

255 3046 420 3089 Magnum
441 3046 609 3080 Bafilium.
637 3047 804 3082 Eustatius
823 3046 911 3080 hunc
934 3047 1126 3082 Proverbio·

255 3107 328 3131 rum
364 3095 475 3130 locum
493 3121 505 3137 ,
540 3099 689 3133 comedite
717 3107 830 3141 panem
855 3109 952 3131 meum
978 3097 1018 3131 (ν’
1037 3097 1126 3132 bibite

255 3152 362 3179 vinum
382 3146 463 3188 quod
479 3145 579 3189 mis‘cui
589 3146 693 3187 vobis,
719 3148 764 3182 ita
777 3155 1015 3182 commentatur
1028 3163 1038 3181 .-
1067 3152 1125 3183 Per

252 3204 362 3238 panem
381 3198 415 3229 (5·
437 3200 542 3230 vinum
563 3198 713 3238 praedicat
733 3205 810 3239 typos
833 3199 1026 3240 corporalium
1038 3198 1125 3231 Chri·

252 3246 290 3286 lli
309 3246 522 3280 membrorum.
549 3246 694 3291 Magnus
712 3247 788 3281 vero
807 3249 938 3281 Basilius
960 3247 992 3280 in
1006 3248 1060 3282 sua
1074 3246 1124 3283 Li⁶

256 3297 364 3340 turgia
386 3297 493 3340 posuit
515 3295 601 3330 hanc
624 3297 826 3332 orationem:
854 3298 1048 3339 Confidentes
1073 3305 1124 3342 ap-

252 3352 487 3389 propinquamus
513 3347 619 3380 Sanc‘lo
646 3348 744 3381 Altari
763 3373 774 3389 ,
812 3350 846 3382 (ν
866 3357 1060 3389 proponentes
1086 3360 1124 3389 ty-

252 3403 308 3436 pos
333 3397 434 3431 Sanc‘li
459 3403 585 3440 corporis
612 3398 646 3431 (9⁹
665 3396 823 3442 sanguinis
850 3397 960 3438 Christi
985 3407 1031 3432 tut
1050 3425 1060 3441 ,
1098 3409 1126 3435 te

1888 138 1978 170 201

1187 196 1376 236 deprecamur
1387 219 1399 235 ‚
1424 194 1457 227 (9⁶
1475 203 1504 228 te
1521 207 1657 238 rogamus
1671 222 1681 238 ,
1706 200 1775 234 &te
1785 200 1967 245 obsecramus
1980 205 2058 240 ἴσην

1186 245 1229 278 cte
1234 244 1406 289 sanc‘lorum
1412 253 1467 286 per
1477 254 1538 278 tuae
1549 246 1694 279 bonitatIs
1715 250 1882 295 placitum,
1908 261 1940 287 ut
1965 254 2056 295 Spin.

1184 303 1232 328 tus
1243 297 1371 329 Sant‘lus
1384 305 1454 329 tuus
1464 297 1509 335 ad
1514 306 1568 328 nos
1584 301 1687 333 veniat
1700 299 1733 330 i&
1750 301 1795 332 ad
1804 301 1865 335 haec
1888 305 1967 337 dona
1986 313 2057 345 pro.

1183 344 1273 388 pofita
1283 371 1294 386 ,
1316 348 1350 380 &¹
1360 358 1395 380 ea
1407 346 1557 380 benedicat
1569 347 1602 381 (τ
1611 344 1773 389 [αηέῖιῇτετ
1785 372 1795 388 ,
1807 352 1841 384 <st
1854 353 1957 392 efficiat
1968 353 2057 394 Chri·

1180 395 1219 436 sti
1247 405 1350 439 corpus
1373 399 1406 431 (ν
1425 395 1628 441 sanguinem}
1656 396 1839 439 Posteriora
1863 399 1932 435 'haec
1959 404 2056 442 verba.

1185 447 1310 481 omittit
1332 448 1467 482 Sanctus
1487 446 1691 491 Stephanus,
1717 447 1752 481 &
1769 446 1810 481 de
1831 448 1903 491 ipfis
1924 446 2052 494 scribit:

1187 498 1280 539 ,Quod
1289 498 1422 540 deinceps
1433 495 1575 541 insertum
1586 522 1596 538 ,
1612 502 1761 531 certiorem
1774 500 1879 531 Patris
1892 499 1982 539 hujus
1989 510 2056 542 per-

1183 546 1255 587 fecit
1264 547 1444 581 intellellum
1455 572 1466 587 ,
1491 549 1619 590 qualiter
1628 557 1791 590 antequam
1797 546 2058 591 sanHificatafue-

1185 603 1266 637 rint,
1297 608 1403 632 vocata
1415 598 1477 641 fint
1498 603 1576 640 typi,
1598 597 1662 640 post
1678 596 1943 641 sanllificationem
1957 609 2059 635 autem

1187 656 1288 689 corpus
1297 650 1460 691 proprie&
1471 645 1594 693 sanguis
1606 647 1879 694 Chrssidieuntur,
1901 648 1975 693 sunt
1986 672 1997 691 ,
2025 651 2062 683 ὁ·

1186 699 1359 731 creduntur.
1387 699 1430 732 Et
1444 700 1548 742 pergit
1558 697 1728 732 adversum
1739 698 1975 742 Iconoclastas:
2004 698 2065 742 Jpss

1187 751 1259 781 vero
1272 748 1433 790 virifortes
1447 748 1577 783 volentes
1595 748 1810 782 venerabilium
1829 754 1993 793 imaginum
2015 751 2062 792 de·

1187 799 1283 831 moliri
1308 798 1443 839 viſsonem
1465 824 1477 840 ,
1503 799 1596 832 aliam
1621 803 1782 842 imaginem
1807 800 2061 840 introduxerunt,

1185 858 1253 889 quat
1265 859 1321 880 non
1343 848 1381 889 est
1403 854 1519 893 imago,
1540 848 1600 891 sed
1618 856 1722 891 corpus
1745 850 1780 882 ό·
1798 847 1941 892 sanguis.
1970 852 2061 883 Porrss

1181 897 1364 940 fatigatione
1373 900 1405 932 (⁸2⁶
1417 900 1524 940 astutia
1536 901 1655 941 depreffl
1666 922 1676 938 ‚
1699 897 1860 942 schismate
1866 907 1966 941 pravo
1971 897 2063 942 semet

1186 946 1396 989 offundentes,
1422 951 1578 993 adoptione
1588 955 1817 983 nominaverunt
1834 949 1901 991 fieri
1923 949 1999 983 hanc
2019 951 2064 981 di-

1187 1001 1294 1030 vinam
1304 997 1476 1041 oblationem
1489 1025 1496 1033 .
1525 1002 1571 1033 Et
1582 998 1886 1045 quemadmodumboc
1909 999 2005 1033 dicere
2025 998 2064 1039 est
2095 1020 2098 1023 Δ

1188 1054 1296 1088 aperta
1307 1046 1447 1090 insania,
1468 1049 1509 1091 fic
1529 1050 1564 1083 Θ·
1586 1049 1746 1095 imaginem
1766 1051 1888 1094 afferere
1907 1058 2009 1092 corpus
2029 1051 2064 1084 (τ

1185 1095 1359 1140 sanguinem
1373 1101 1493 1132 Domini
1521 1098 1611 1132 habet
1631 1101 1803 1141 ampliorem
1824 1099 2065 1144 indisciplinatio·

1184 1148 1237 1179 'nis
1264 1152 1444 1189 impietatem
1461 1173 1468 1180 .
1507 1151 1624 1191 Deinde
1648 1151 1759 1194 dimiffi»
1784 1151 1938 1184 mendacio
1961 1175 1972 1191 ,
1998 1159 2066 1183 tan-

1183 1205 1262 1240 gunt
1280 1199 1441 1238 paucillum
1464 1200 1541 1240 quid
1557 1204 1716 1232 veritatem
1742 1223 1753 1239 ,
1790 1203 1938 1234 Divinum
1963 1208 2065 1242 corpus

1184 1247 1316 1287 'dicentes
1333 1247 1416 1290 fieri.
1442 1251 1488 1281 Et
1501 1247 1531 1289 fi
1545 1254 1640 1293 imago
1662 1254 1790 1291 corporis
1811 1250 1849 1289 est
1862 1275 1872 1290 ‚
1900 1261 1958 1283 non
1976 1248 2067 1292 potest

1188 1297 1240 1338 esse
1252 1296 1302 1329 boc
1314 1301 1461 1332 Divinum
1476 1306 1580 1340 corpus
1597 1323 1605 1331 .
1630 1303 1714 1345 Ergo
1725 1299 1797 1333 hinc
1815 1302 1886 1333 inde
1909 1302 2066 1333 circumdu-

1188 1346 1244 1379 c‘Jis
1258 1371 1268 1387 ,
1294 1349 1435 1382 invalida
1443 1350 1560 1392 omnino
1575 1359 1699 1383 manent
1711 1361 1746 1383 ea
1758 1375 1770 1390 ,
1802 1361 1870 1392 quae
1880 1349 1918 1382 ab
1940 1350 2000 1382 illis
2021 1347 2071 1391 su-

1185 1394 1407 1441 surratasunt.
1434 1401 1512 1431 sicut
1531 1405 1611 1432 enim
1633 1401 1727 1433 oculus
1751 1401 1892 1436 turbatus
1914 1410 1972 1433 non
1990 1398 2069 1432 reite

1189 1449 1277 1489 {videt
1294 1470 1304 1487 ‚
1329 1453 1374 1481 ita
1394 1449 1428 1482 &¹
1452 1446 1507 1491 ipsi
1523 1459 1651 1492 nequam
1675 1449 1835 1492 confufione
1860 1454 2070 1493 cogitationum

1184 1495 1302 1540 sensum
1310 1496 1398 1541 suum
1410 1498 1568 1540 turbantes
1580 1522 1590 1540 ,
1616 1500 1651 1540 6·
1660 1499 1813 1533 turbatum
1825 1501 1983 1533 reddentes
1996 1522 2008 1539 ,
2034 1499 2072 1530 id

1185 1546 1284 1590 'ipsum
1301 1553 1463 1589 patiuntur
1483 1549 1562 1590 quod
1580 1547 1781 1591 insanientes,
1805 1551 1868 1582 alia
1882 1548 1993 1592 scilicet
2012 1557 2070 1590 pro

1189 1599 1259 1638 aliis
1269 1597 1454 1639 phantastice
1464 1599 1536 1640 paffi
1547 1609 1554 1630 :
1583 1600 1750 1641 Aliquando
1763 1602 1884 1642 quidem
1906 1604 2066 1642 imaginem

1190 1648 1318 1681 dicentes
1329 1648 1429 1683 sancii
1438 1652 1564 1691 corporis
1576 1647 1686 1691 Christi
1694 1648 1812 1692 sacrum
1835 1649 1961 1688 nestrum
1977 1647 2071 1692 sacvi-

1186 1696 1309 1738 ficium,
1333 1698 1495 1739 aliquando
1507 1701 1578 1731 vero
1598 1697 1720 1739 pofitive
1741 1706 1845 1740 corpus
1860 1723 1867 1730 .
1894 1700 1986 1731 Porro
2007 1697 2070 1731 baec

1186 1747 1261 1789 paffi
1268 1745 1339 1790 sunt
1351 1749 1559 1791 imaginalium
1562 1747 1779 1789 formationum
1791 1748 1909 1781 vultum
1920 1747 1958 1780 ab
1970 1747 2072 1780 Eccle-

1183 1795 1230 1838 fia
1239 1798 1369 1830 volentes
1388 1802 1611 1839 exterminare,
1631 1798 1798 1843 gaudentes
1815 1795 1904 1840 super
1927 1795 2072 1838 everfione

1191 1846 1449 1888 Ecclefiasticatum
1460 1850 1657 1882 traditionum
1667 1873 1675 1881 .

1240 1897 1348 1932 Docet
1372 1899 1473 1932 varia.
1501 1898 1637 1939 Primo,
1665 1897 1878 1935 Eucharistiae
1899 1899 2070 1933 veritatem

1192 1947 1386 1982 lucidiffime
1407 1949 1599 1992 profitetur.
1627 1950 1801 1990 Secundo,
1827 1949 1929 1993 ipsam
1956 1947 2074 1983 funda·

1191 1998 1218 2031 ri
1244 1998 1349 2032 asserit
1372 1998 1406 2031 in
1426 1998 1516 2033 hisce
1532 1998 1638 2033 verbis
1653 2013 1664 2033 .-
1690 2003 1748 2033 Hoc
1767 1998 1806 2039 est
1827 2007 1929 2042 corpus
1955 2009 2068 2033 meum.

1192 2047 1330 2088 Tettio,
1357 2049 1448 2091 quod
1463 2048 1520 2082 ista
1532 2048 1627 2083 verba
1641 2061 1707 2083 non
1721 2051 1859 2095 figuram
1871 2051 2050 2092 importent
2060 2073 2071 2090 ,

1195 2097 1249 2133 sed
1261 2098 1405 2131 omnino
1416 2099 1602 2132 veritatem:
1630 2099 1683 2133 Εὸ
1694 2100 1784 2142 quod
1805 2099 1976 2133 Dominus
1993 2112 2068 2133 ,non

1195 2145 1316 2181 dixerit
1342 2171 1354 2188 ,
1390 2151 1452 2182 Hoc
1477 2148 1514 2188 est
1531 2148 1632 2191 figura
1653 2154 1712 2181 mei
1729 2154 1879 2191 corporis,
1907 2149 1983 2188 sed,
2011 2155 2072 2183 Hoc

1195 2197 1344 2239 estcorpus
1356 2208 1467 2230 meum.
1493 2197 1607 2232 Palam
1630 2198 1774 2243 loquitur
1794 2208 1869 2232 cum
1896 2198 2071 2232 Anastafio

1195 2248 1319 2282 Sinaita
1346 2259 1385 2281 ac
1410 2249 1528 2282 Sansto
1552 2248 1678 2291 Joanne
1699 2249 1921 2289 Damascene.
1951 2249 1993 2282 Et
2015 2256 2071 2291 p‘o·

1195 2297 1259 2331 stea
1284 2298 1389 2341 ipsum
1411 2298 1512 2335 secuti
1536 2298 1610 2341 sunt
1634 2299 1767 2332 Sanetus
1787 2296 1998 2342 N'icephorus
2010 2299 2071 2333 Pa-

1194 2346 1333 2381 triarcha
1359 2372 1370 2388 ‚
1406 2348 1440 2382 &
1478 2345 1750 2394 Archiepiscopus
1775 2347 2067 2392 Theophylastus.

1196 2396 1324 2444 Qarto
1350 2398 1456 2431 asserit
1478 2423 1489 2439 ,
1524 2399 1613 2442 quod
1640 2401 1828 2434 consecrata
1861 2399 2071 2434 Eucharistiae

1194 2449 1354 2484 elementa
1374 2448 1482 2482 nullus
1502 2460 1646 2492 unquam
1671 2449 1869 2493 Apostolus,
1897 2449 2070 2492 nullusque

1196 2497 1343 2532 Ecclefiae
1365 2497 1462 2533 Patet
1488 2497 1605 2532 dixerit
1630 2500 1693 2533 effe
1718 2500 1893 2534 Dominici
1921 2499 2069 2543 corporis

1195 2556 1251 2581 aut
1273 2548 1443 2592 sanguinis
1468 2549 1619 2595 antitypa
1646 2550 1697 2583 vel
1724 2551 1845 2594 figuras
1868 2575 1874 2581 .
1913 2549 2068 2597 Qinto‘,

1193 2597 1284 2641 quod
1307 2599 1433 2631 sanstus
1454 2598 1588 2641 quidem
1610 2598 1777 2633 Eustatius
1797 2611 1835 2633 ac
1848 2599 1995 2644 Magnus
2009 2599 2068 2633 Ba-

1193 2647 1280 2680 silius
1302 2648 1346 2681 ita
1371 2648 1432 2680 lint
1456 2648 1576 2682 locuti:
1607 2649 1730 2683 Verum
1742 2649 1782 2682 de
1795 2648 1966 2683 elementis
1977 2650 2069 2683 dum*

1193 2707 1282 2732 taxat
1304 2698 1471 2741 propositis
1485 2722 1496 2738 ,
1523 2699 1576 2732 seu
1598 2699 1767 2742 verbaliter
1777 2699 1919 2743 oblatis,
1949 2710 2069 2743 nequa-r

1194 2759 1291 2791 quam
1312 2748 1354 2781 de
1375 2748 1570 2781 consecratis
1590 2759 1628 2783 ac
1648 2749 1958 2785 transubstantiatis.
1994 2750 2068 2785 Sex·

1193 2799 1229 2831 to
1242 2821 1252 2837 ‚
1279 2797 1367 2841 quod
1378 2797 1589 2831 Iconoclastae
1603 2798 1696 2833 stulte
1706 2799 1818 2834 dicant
1830 2799 1915 2833 hanc
1927 2800 2071 2834 elemen‘

1192 2858 1299 2881 torum
1328 2848 1633 2882 transmutationem
1660 2849 1728 2883 fieri
1757 2860 1811 2893 per
1831 2849 2066 2892 adoptionem.

1193 2899 1234 2932 Et
1259 2899 1363 2931 revera
1391 2897 1503 2932 divina
1526 2898 1662 2942 adoptio
1686 2899 1731 2943 est
1755 2899 1876 2934 divinae
1898 2900 2066 2933 filiationis

1191 2948 1309 2992 species
1321 2972 1331 2988 ‚
1359 2946 1499 2992 ideoque
1522 2948 1636 2983 cadere
1654 2960 1721 2983 non
1746 2950 1852 2993 potest
1865 2950 1920 2982 nisi
1935 2951 1966 2982 in
1981 2961 2067 2983 crea-

1191 3009 1295 3032 turam
1333 2998 1586 3033 intellectualem
1610 3023 1618 3031 .
1655 2999 1815 3044 Attamen
1843 2999 2066 3041 Pseudo-Sy·

1191 3048 1295 3083 nodus
1321 3059 1376 3091 per
1398 3057 1530 3092 tropum
1558 3049 1668 3091 locuta
1678 3050 1723 3094 est
1739 3075 1750 3091 ,
1776 3048 1985 3093 ideoqueista
1997 3049 2065 3091 ejus

1191 3098 1307 3142 phrasis
1328 3109 1394 3131 non
1419 3109 1505 3132 caret
1528 3100 1621 3133 omni
1641 3101 1768 3134 colore.
1795 3097 1942 3142 Septimo
1958 3121 1969 3137 ,
1996 3098 2066 3132 lco-

1190 3149 1348 3182 noclastas
1375 3146 1556 3192 Stephanus
1581 3148 1762 3194 graviffime
1798 3149 1905 3193 arguit
1928 3172 1941 3189 ,
1976 3147 2064 3192 quod

1190 3197 1424 3232 Eucharistiam
1451 3198 1564 3233 dicant
1591 3199 1765 3240 Dominici
1785 3199 1931 3242 corporis
1951 3199 2067 3243 &san-

1190 3250 1300 3294 guinis
1325 3248 1505 3292 imaginem
1529 3261 1536 3280 :
1564 3249 1716 3283 Affirmat
1736 3249 1799 3283 effe
1818 3249 1987 3292 veritatem
2015 3249 2067 3282 so-

1191 3298 1362 3333 lummodo
1376 3322 1386 3337 ‚
1415 3298 1507 3332 nullo
1518 3297 1618 3335 modo
1631 3300 1768 3343 figuram
1781 3324 1788 3331 .
1818 3299 1861 3332 Et
1890 3296 1976 3332 hanc
1994 3299 2066 3342 ejus

1193 3349 1328 3394 phrasim
1359 3348 1549 3391 posteriores
1576 3349 1679 3384 Graeci
1718 3351 1791 3383 sun't
1818 3349 1929 3393 paffim
1957 3350 2064 3383 imita-

1190 3402 1234 3435 ti.
1261 3396 1390 3434 Octavo
1404 3422 1414 3439 ,
1439 3400 1568 3434 eosdem
1590 3398 1796 3444 ‚arguit‘quod
1806 3400 1895 3434 cirea
1909 3399 1972 3432 boc
1985 3398 2063 3441 My.-

1884 3449 2014 3483 sterium
