2372 3756
123 890 195 930 cap·
223 893 252 924 6.

134 3079 172 3109 N,

205 3085 248 3110 17.

138 3287 237 3318 N.1.2

374 121 472 167 208

308 203 406 241 fuerit
419 204 491 238 usus
511 201 662 249 Liturgia
690 202 820 239 Bafilii:
848 203 921 238 Nec
946 202 1036 238 enim
1059 203 1094 238 in
1117 201 1181 235 suis

308 254 444 297 Scriptis
456 254 500 288 est
514 255 639 298 uspiam
651 255 697 289 ita
709 254 859 293 locutus.
887 255 932 288 Et
940 253 1073 297 quidem
1093 252 1181 286 Elias

307 303 424 338 diserte
435 305 608 347 profitetur
631 303 1005 343 transelementationem
1030 303 1099 338 fieri
1126 313 1181 345 per

307 354 492 390 Dominica
503 354 622 397 verba,
647 354 794 399 adeoque
818 354 921 391 etiarn
946 355 1051 388 asserit
1072 352 1179 387 saneti

305 402 444 445 spiritus
459 402 677 441 advocatrices
701 414 808 449 preces
834 414 902 437 non
924 401 1054 440 tantum
1074 403 1108 435 in
1122 402 1181 435 Ba·

303 452 482 498 uniatque
499 455 675 500 Gregorii,
701 453 755 488 sed
780 452 878 488 etiarn
905 452 941 488 in
965 451 1179 495 Sanctiloan-

305 504 359 538 nis
390 505 586 540 Damasceni
613 504 763 550 Liturgia
789 502 884 542 fuisse
909 502 1048 540 laudatis
1074 499 1179 540 verbis

300 554 496 594 'anteriores-
708 551 714 555 ⁶

353 605 467 640 Aliam
482 605 611 648 insuper
621 604 710 639 vocis
723 607 893 646 Antitypum
904 599 1178 647 significationem

298 654 438 690 adducit
452 652 665 689 Haeresiarcha
678 654 850 688 Nestorius
860 679 868 686 .
895 653 1025 691 Laudat
1037 650 1180 695 Aposto-

300 705 327 741 li
340 705 564 739 testimonium
576 728 590 746 ,
616 704 865 750 ,Quotiescumque
884 701 1107 740 manducabitis
1123 710 1180 744 pa·

300 766 369 790 nem
379 753 474 796 bunc,
498 756 533 790 &
545 764 784 792 commentatur
796 768 810 792 ,·
836 756 932 797 cujus
944 753 983 793 est
1004 750 1102 795 ipsum
1122 755 1181 789 Do-

299 809 490 848 minicorpus
511 811 675 848 antitypum
688 830 696 838 .
723 804 862 841 Exstant
880 802 980 841 verba
1003 803 1039 837 in
1063 813 1180 848 quarto

297 853 452 894 adversus
477 855 599 891 diuum
624 856 786 891 Erronem
811 853 897 888 libro
924 852 1033 888 Sancti
1056 852 1180 898 Cyrilli

298 904 539 944 Alexandrini.
566 905 629 940 Per
640 909 797 947 Antitypon
808 903 890 941 intel
898 903 972 949 ligit
984 906 1159 947 Prototypon
1170 930 1177 938 .

297 954 520 992 Dominicum
546 965 663 999 corpus
687 956 722 993 ἀ
741 954 934 1004 sanguinem
956 954 1097 990 affirmat
1117 955 1180 990 esse

297 1004 467 1038 tremenda
484 1015 522 1038 ac
543 1015 617 1039 vera
642 1005 795 1048 mysteria
820 1029 831 1046 ‚
859 1016 930 1053 quae
959 1016 1016 1050 per
1034 1005 1179 1043 transub-

293 1053 450 1088 stantiata
463 1054 555 1096 panis
565 1065 603 1089 ac
617 1054 687 1091 vini
714 1055 878 1092 elementa
898 1055 1178 1099 repraesentantur„

294 1103 391 1139 Circa
403 1103 592 1139 Dominicae
610 1103 849 1141 incarnationis
869 1115 907 1139 ac
929 1104 1079 1139 Persona:
1098 1107 1170 1141 uni-

294 1163 396 1188 tatem
407 1155 558 1203 Judaice,
582 1155 667 1189 circa
679 1153 885 1189 Eucharistiae
893 1165 1047 1190 contenta
1059 1157 1178 1202 gravis-

294 1204 395 1245 sime,
421 1206 507 1244 circa
538 1204 911 1240 transelementationem
934 1205 1119 1243 nullatenus
1134 1219 1178 1242 er-

292 1256 379 1290 ravit
394 1255 566 1293 Nestorius
578 1280 590 1296 ,
615 1266 712 1300 atque
724 1256 769 1291 ita
780 1256 922 1291 omnino
934 1256 1063 1290 videtur
1086 1255 1176 1299 juxta

292 1305 343 1340 sui
355 1307 511 1351 temporis
521 1317 646 1340 morem
658 1307 751 1340 fuisse
762 1306 891 1342 locutus
903 1330 911 1339 .
935 1306 978 1343 Et
992 1305 1071 1339 hinc
1083 1306 1175 1343 istam

290 1355 361 1399 ejus
372 1356 510 1400 phrafim
521 1356 655 1391 Sanetus
668 1355 814 1400 Cyrinus
828 1368 897 1392 non
909 1356 1074 1400 redarguit
1086 1381 1093 1389 .
1117 1356 1176 1391 At·

290 1416 403 1442 tamen
415 1408 562 1452 Magnus
583 1405 717 1444 Basilius
739 1406 773 1444 „dc
798 1405 1028 1443 Nazianzenus
1049 1407 1173 1450 Grego-

288 1457 357 1491 rius
371 1455 523 1493 videntur
535 1455 596 1490 isto
620 1455 722 1491 modo
746 1466 813 1488 non
835 1454 959 1491 locuti.
986 1455 1060 1493 Nec
1083 1457 1172 1494 enim

288 1517 407 1550 corpus
419 1508 451 1541 &
464 1506 655 1551 sanguinem
665 1504 727 1538 effe
740 1503 834 1550 panis
858 1505 893 1543 ὃς.
915 1505 985 1540 vini
999 1505 1171 1550 antitypa,

286 1557 342 1590 sed
357 1556 423 1590 haec
434 1556 588 1593 dixerunt
601 1554 753 1597 antitypa
764 1553 900 1591 istorum
910 1580 918 1588 .
946 1555 1049 1603 Qod
1061 1556 1095 1589 in
1108 1555 1171 1593 Eu-

285 1605 437 1643 charistia
448 1607 509 1644 sint
522 1605 617 1641 fimul
632 1606 735 1648 figura
756 1604 791 1642 ,ἀ
806 1603 921 1642 veritas
933 1630 944 1647 ‚
969 1606 1060 1653 quod
1073 1607 1172 1641 trans·

285 1667 411 1695 mutata
443 1657 604 1693 elementa
618 1654 709 1692 istius
720 1655 1108 1701 corporis&sanguinis,
1134 1657 1168 1690 in

285 1719 355 1751 quae
366 1708 438 1740 sunt
453 1706 663 1742 transmutata
674 1729 686 1745 ,
711 1705 772 1739 fint
785 1705 873 1749 figna
888 1705 923 1738 ὅ(
935 1705 1086 1751 symbola
1101 1728 1113 1747 ,
1124 1705 1168 1740 est

284 1758 418 1792 abunde
443 1756 720 1794 demonstratum.
750 1755 793 1788 Et
821 1754 863 1791 ab
886 1753 948 1788 hac
977 1756 1169 1798 profeffione

283 1807 420 1845 Saucius
433 1807 575 1850 Ioannes
595 1804 820 1842 Damascenus
835 1829 846 1844 ,
874 1805 1011 1841 Sanlstus
1040 1804 1169 1849 Stepha-

284 1870 347 1895 nus
372 1857 623 1898 Auxentianus,
647 1855 778 1891 Sanctus
801 1854 1011 1898 Nicephorus
1033 1854 1170 1889 Patriar-

283 1907 345 1942 cha
371 1905 785 1949 Constantinopolitanus‚
811 1905 933 1946 aliique
957 1905 1170 1941 iconoclastis

283 1960 403 1992 adversi
431 1959 618 1992 Graecorum
633 1955 744 1989 Patres
764 1954 832 1989 sola
855 1966 957 1995 voce,
984 1967 1053 1989 non
1075 1956 1168 1990 sensu

284 2009 514 2043 discesserunt.
543 2005 648 2054 Qod
664 2005 834 2039 dumtaxat
856 2006 1019 2039 voluerint
1045 2005 1171 2040 Eucha-

282 2060 407 2095 ristiam
422 2069 487 2093 non
511 2059 572 2091 effe
596 2056 698 2090 solam
721 2056 882 2099 figuram,
908 2056 1048 2089 affirmat
1075 2066 1171 2099 atque

284 2108 472 2143 demonstat
483 2110 517 2141 in
534 2104 676 2151 superius
690 2104 824 2140 laudato
840 2105 1002 2149 opusculo
1015 2104 1171 2140 cardina-

284 2160 325 2198 lis
339 2158 506 2193 Beffarion
516 2181 523 2188 ·

453 2344 806 2399 CAPUT
869 2346 993 2391 XI.

350 2472 507 2529 joannis
542 2462 699 2512 Calvini
723 2461 910 2528 sententia
943 2463 1110 2513 breviter

621 2539 841 2609 exponitur.

397 2660 466 2695 010
480 2660 586 2693 actum
599 2668 692 2703 agere
706 2680 716 2696 ‚
743 2666 803 2689 nec
816 2653 857 2689 ab
869 2652 942 2688 aliis
954 2653 1099 2698 prostrati
1114 2653 1173 2689 ho-

425 2711 479 2744 ssis
493 2709 593 2752 spolia
604 2707 810 2742 circumferre
822 2730 829 2738 .
857 2704 952 2740 Nolo
973 2704 1104 2738 abunde
1119 2717 1172 2739 ex·

296 2770 478 2806 pugnaturn
493 2760 651 2802 Joannern
664 2757 843 2791 Calvinum
863 2752 976 2789 denuc>
998 2755 1149 2798 impetere
1162 2780 1169 2788 .

298 2811 418 2849 Paucis
430 2803 600 2844 dumtaxat
614 2807 692 2842 volo
704 2806 772 2849 ejus
785 2807 871 2839 sensa
893 2804 1014 2848 aperire
1028 2829 1039 2845 ,
1065 2816 1102 2839 ac
1123 2806 1173 2841 de-

299 2861 477 2896 monstrare
487 2856 658 2893 hominem
671 2857 812 2890 invitum
823 2867 859 2892 ac
871 2866 1074 2899 repugnante
1096 2867 1174 2889 con-

302 2910 436 2945 scientia
448 2908 572 2951 lapsum
587 2931 597 2947 ,
625 2907 693 2943 itud
706 2905 868 2948 desperate
881 2907 910 2938 se
923 2905 1128 2948 praecipitasse
1139 2907 1172 2940 in

303 2964 374 2996 suas
410 2959 451 2993 de
479 2957 671 2991 sacrosancta
710 2952 915 2990 Eucharistia
944 2953 1155 2998 blasphemias
1166 2980 1173 2987 .

304 3011 402 3049 Adeo
426 3009 532 3043 lucida
551 3007 595 3043 cst
610 3005 675 3040 haec
690 3006 823 3046 veritas,
853 3016 889 3039 ut
903 3016 962 3038 nec
977 3005 1043 3050 ipse
1056 3004 1110 3039 hic
1122 3006 1177 3041 Er-

303 3074 340 3098 ro
353 3060 500 3094 videatur
512 3057 552 3092 de
564 3058 630 3100 ipsa
642 3055 803 3091 dubitasse
815 3079 824 3086 .
853 3055 934 3087 Eam
949 3057 1115 3098 pertractat
1142 3057 1175 3090 in

304 3122 419 3153 quarto
432 3109 515 3143 libro
527 3106 793 3142 Institutionum.
822 3103 935 3141 Primo
947 3105 1058 3152 itaque
1076 3105 1171 3150 hujus

305 3157 725 3194 Sacramentieminentiam
739 3156 877 3198 infigner
900 3156 1061 3197 exponit,
1086 3157 1170 3192 adeo

307 3221 369 3252 que
380 3208 509 3242 extollit
520 3233 530 3248 ,
557 3216 593 3240 ut
606 3207 791 3243 Romanam
805 3204 845 3238 de
858 3206 926 3248 ipso
946 3204 1044 3239 fidem
1069 3206 1174 3241 videa-

308 3268 360 3295 tur
371 3258 510 3301 profiteri
525 3283 532 3290 .
561 3257 650 3291 Audi
664 3256 732 3291 haec
752 3254 820 3299 ejus
841 3254 936 3289 verba
949 3267 960 3289 ,·
986 3258 1183 3291 statuendum

284 3301 292 3312 '
310 3308 346 3344 esi
358 3308 428 3340 vere
442 3307 523 3340 nobls
537 3307 668 3342 exhiberi
680 3307 897 3340 Dominicum
922 3315 1039 3348 corpus
1062 3306 1096 3340 <Sc
1118 3307 1182 3340 san-

310 3358 446 3403 guinem
459 3378 468 3393 ‚
495 3367 551 3388 non
560 3355 638 3398 secus
658 3356 724 3396 acsi
740 3354 873 3395 Christus
896 3354 958 3398 ipse
978 3353 1113 3397 praes'ens
1136 3355 1183 3400 as-

265 3290 280 3319 3

307 3407 407 3455 pei‘lui
419 3404 508 3446 nostro
519 3405 687 3447 objiceretur
699 3428 710 3446 ‚
737 3417 769 3440 ac
792 3405 931 3440 manibus
953 3405 1160 3443 attreeiaresur
1173 3384 1202 3451 ,l

869 116 1501 168 Dissertrar1o

1242 205 1300 234 Hoc
1307 207 1388 236 enim
1401 205 1528 240 verbum
1538 219 1590 242 nec
1599 214 1740 252 mentiri,
1767 224 1819 249 nec
1828 213 1951 251 illudere
1962 216 2045 253 nobis
2060 226 2112 263 po·

1241 250 1312 291 test:
1342 257 1469 299 Accipite
1488 280 1501 298 ,
1523 259 1625 301 edite,
1648 260 1761 303 bibite,
1787 269 1849 299 Hoc
1874 264 1912 305 est
1933 277 2033 311 corpus
2052 281 2113 304 me-

1240 312 1312 343 um,
1337 306 1477 347 quodpro
1486 307 1735 354 vobistraditur,
1760 316 1817 348 Hic
1826 313 2087 358 esssanguismeus
2100 344 2113 361 ,

1240 357 1293 408 qui
1317 357 1352 387 in
1372 357 1557 400 remiffionem
1574 367 1762 404 peccatorum
1783 362 1947 404 effunditw
1959 389 1967 398 .
1992 368 2113 405 Scribit

1240 403 1400 460 ‚ejusmodi
1421 407 1535 451 plura,
1559 422 1632 454 quae
1652 412 1771 448 versuti
1791 413 1947 449 Haeretici
1967 415 2112 461 strophas

1241 457 1408 498 ignoranti
1433 457 1544 494 ,lectori
1564 460 1720 497 suadeant
1746 462 1850 505 ipsum
1869 466 1954 501 resta
1975 466 2109 502 sentire.

1239 503 1360 543 Scribit
1371 517 1440 541 non
1453 509 1520 544 sola
1547 510 1768 547 Eucharistica
1790 513 1970 556 elementa,
1995 516 2049 551 scd
2066 517 2113 562 ip·

1243 555 1314 592 sum
1326 556 1426 592 etiam
1438 558 1495 592 sub
1506 559 1572 595 illis
1582 560 1804 597 Dominicum
1815 575 1931 608 corpus
1938 565 1973 599 ἀ
1983 567 2115 612 sangui-

1243 615 1319 640 nem
1328 606 1430 644 ediac
1443 607 1511 643 bibi
1522 633 1534 650 ,
1557 610 1592 647 Bc
1611 612 1716 657 pergit
1736 626 1748 647 .-
1775 615 1868 647 Porri
1888 615 1971 649 nobis
1989 615 2038 651 bic
2051 618 2111 651 duo

1238 655 1459 700 ,cavendasunt
1469 665 1578 692 vitia..
1595 664 1648 694 Ne
1667 671 1723 696 ,aut
1743 669 1776 696 in
1797 667 2003 699 extenuandis
2015 665 2111 711 figm's

1241 711 1347 748 nimii,
1372 706 1464 751 ,xifius
1474 709 1616 750 Mysteriis
1625 722 1661 744 ea
1683 713 1824 747 divellere
1845 714 1950 756 quibus
1969 717 2112 758 quodam-

1238 757 1325 791 modo
1335 759 1455 792 adnexa
1460 757 1535 802 fiant
1544 784 1557 801 ,
1579 767 1676 798 autin
1686 760 1793 810 iisdem
1813 764 1990 799 extollendis
2007 771 2112 799 immo-

1237 807 1316 846 dici,
1344 808 1478 851 Mysteria
1485 815 1608 846 interim
1615 817 1708 848 etiam
1717 810 1784 856 ipsa
1805 813 1942 851 nonnihil
1959 814 2111 859 obscurare

2130 673 2166 703 N.
2189 679 2217 708 5.

1241 857 1417 893 videamur.
1444 859 1488 896 Et
1499 861 1608 896 statim
1619 861 1701 896 infra
1713 876 1724 896 .·
1747 864 1913 899 suntenim
1921 867 2110 908 quimandu-
2127 860 2166 892 N?
2191 860 2222 890 ὅ·

1239 918 1305 941 care
1315 908 1427 950 Christi
1433 921 1553 955 carnem
1562 936 1574 952 ,
1600 910 1817 958 &sanguinem
1825 914 1889 953 ejus
1903 913 2000 950 bibere
2014 940 2026 957 ,
2051 927 2109 950 uno

1237 957 1484 1000 verbodefiniunt
1496 960 1575 996 nibil
1593 962 1646 1005 effe
1666 964 1772 1004 aliud,
1797 965 1889 1009 quim
1906 969 1940 998 in
1960 964 2110 1004 christum
2143 966 2156 974 '

1239 1006 1335 1051 ipsum
1361 1010 1477 1043 credere
1499 1033 1512 1050 ,
1542 1009 1605 1054 sed
1624 1011 1701 1047 ,mibi
1723 1013 1879 1055 expreffius
1896 1015 2047 1058 quiddam
2073 1025 2110 1049 ac

1234 1057 1392 1102 sublimius
1402 1060 1524 1094 videtur
1537 1061 1654 1103 voluiffe
1662 1062 1760 1096 docere
1769 1062 1903 1105 Christus
1918 1066 2109 1109 tnpraeclara

1239 1110 1292 1142 illa
1301 1115 1448 1151 concione,
1474 1110 1531 1144 vbi
1546 1116 1644 1146 carnis
1656 1109 1727 1157 suae
1747 1114 2002 1148 manducationem
2023 1115 2109 1149 nobis

1236 1159 1442 1195 commendat.
1469 1164 1587 1203 Nempe
1598 1172 1675 1196 vera
1680 1159 1731 1204 sui
1735 1167 1968 1204 participatione
1988 1175 2039 1198 nos
2061 1170 2110 1199 vi—

1238 1210 1359 1254 vificari
1377 1233 1386 1242 .
1413 1209 1632 1246 Dominicum
1651 1222 1772 1256 corpus
1791 1212 1826 1247 ὅ(
1841 1213 2036 1257 sanguinem
2053 1213 2111 1249 do·

1238 1269 1290 1292 cet
1302 1258 1320 1291 ὲ
1334 1258 1431 1293 nobis
1446 1271 1516 1295 non
1537 1272 1592 1303 per
1604 1259 1706 1295 solam
1717 1261 1816 1296 fidem
1830 1286 1842 1303 ,
1867 1264 1922 1298 sed
1933 1262 2035 1308 reipsa
2052 1263 2109 1300 edi

1237 1320 1273 1342 ac
1285 1307 1353 1343 bibi
1368 1333 1375 1341 .
1402 1308 1558 1344 Ostendit
1569 1311 1722 1346 Sanfium
1736 1309 1964 1356 Augustinum
1975 1312 2043 1347 istis
2053 1314 2110 1349 Er-

1237 1358 1372 1393 ronibus
1383 1370 1451 1392 non
1464 1358 1662 1406 patrocinari
1672 1384 1678 1391 .
1690 1360 1793 1407 Qod
1805 1361 2011 1405 Augustinus
2022 1361 2109 1399 hanc

1236 1408 1526 1444 manducationem
1541 1421 1609 1444 non
1620 1409 1688 1444 oris
1696 1434 1708 1451 ,
1735 1409 1790 1445 sed
1802 1410 1879 1445 fidei
1890 1411 1953 1447 csse
1962 1412 2113 1456 aliquan·

1234 1459 1278 1493 do
1290 1457 1429 1499 doceat,
1455 1457 1622 1499 admittit,
1648 1469 1748 1502 atque
1768 1460 1990 1505 prosequitur:
2017 1464 2112 1506 ,Quod

1235 1520 1326 1552 neque
1335 1507 1396 1552 ipse
1407 1520 1479 1554 nego
1490 1533 1501 1550 ,
1525 1507 1675 1553 sedfimul
1685 1519 1786 1543 tamen
1795 1511 1874 1543 addo
1885 1522 1936 1544 nos
1954 1510 2017 1554 fide
2034 1524 2108 1546 com·

1229 1559 1320 1601 plecli
1333 1557 1484 1599 Christum
1497 1570 1556 1593 non
1565 1564 1681 1594 eminus
1691 1568 1887 1602 apparentem
1898 1586 1910 1602 ‚
1929 1560 1989 1605 sed
2000 1560 2035 1605 se
2054 1574 2107 1596 no·

1231 1609 1275 1642 bis
1291 1614 1461 1652 unientem,
1487 1618 1523 1645 ut
1531 1607 1594 1654 ipse
1601 1617 1695 1652 caput
1705 1609 1831 1652 nqstrum
1842 1635 1855 1652 ,
1879 1622 1933 1645 nos
1945 1614 2016 1645 vero
2038 1614 2107 1654 eJ‘us

1230 1659 1360 1695 membra
1364 1659 1471 1702 fimus.
1498 1658 1543 1692 Et
1569 1658 1640 1702 post
1661 1659 1830 1703 quaedam:
1857 1664 1955 1703 Atque
1973 1660 2105 1705 idipsum

1229 1708 1268 1748 est
1279 1710 1360 1752 quod
1368 1709 1478 1744 alicubi
1497 1706 1602 1751 scribit
1623 1708 1834 1753 chrysostomus
1847 1735 1858 1751 ‚
1877 1709 2025 1751 Christum
2046 1723 2107 1745 non

1225 1759 1286 1802 fide
1297 1761 1417 1792 rantum
1427 1783 1438 1799 ‚
1459 1757 1519 1802 sed
1525 1757 1624 1801 reipsa
1637 1770 1690 1793 nos
1694 1758 1782 1803 suum
1792 1761 1899 1802 efficere
1906 1768 2009 1803 corpus
2021 1785 2028 1792 .
2050 1759 2106 1794 Ex

1229 1808 1343 1843 iisdem
1356 1809 1525 1852 principiis
1535 1808 1670 1843 damnat
1680 1820 1736 1844 eos
1746 1833 1759 1851 ‚
1783 1810 1840 1853 qui
1865 1810 1970 1844 volunt
1989 1821 2107 1849 caenam

1227 1857 1380 1902 effcsolam
1394 1869 1529 1893 externae
1547 1858 1712 1901 profeffioni
1734 1867 1833 1893 notam
1847 1885 1854 1893 .
1880 1860 1971 1904 Ipsos
1996 1872 2107 1905 praete·

1227 1911 1269 1943 rit
1296 1918 1331 1943 ut
1355 1909 1436 1943 alibi
1456 1908 1585 1943 abunde
1608 1910 1784 1943 refutatos.

1228 1959 1426 2002 praesentiam
1450 1958 1565 1993 diserte
1586 1959 1777 2002 profitetur,
1806 1971 1845 1994 ac
1865 1959 2021 2003 Papistis,
2045 1959 2105 2004 qui

1227 2009 1328 2053 ipsam
1340 2009 1452 2043 abillo
1464 2010 1625 2046 affirment
1648 2009 1785 2053 negari,
1811 2009 2021 2054 indignatur.
2048 2013 2105 2044 Ve-

1226 2064 1344 2094 ritatem
1355 2062 1411 2093 Dei
1423 2083 1434 2099 ,
1447 2058 1554 2102 inquit
1562 2083 1573 2099 ,
1595 2057 1642 2092 hic
1647 2057 1709 2101 fine
1720 2057 1913 2102 controverfia
1925 2059 2083 2102 amplec‘lor
2092 2083 2104 2092 .

1230 2112 1409 2142 pronunciat
1421 2109 1565 2141 Dominus
1577 2119 1696 2142 carnem
1701 2103 1788 2150 suam
1799 2108 1851 2152 esse
1862 2113 1974 2142 animae
1985 2119 2058 2143 meae
2066 2113 2106 2142 ci-

1227 2159 1319 2197 bum,
1339 2156 1514 2203 sanguinem
1525 2157 1576 2200 effe
1583 2164 1704 2199 potum.
1733 2158 1857 2192 Talibus
1882 2160 2036 2193 alimentis
2055 2159 2105 2193 illi

1229 2214 1363 2242 animam
1376 2220 1471 2242 meam
1476 2206 1659 2251 pascendam
1670 2206 1756 2248 offero
1767 2232 1775 2240 .
1802 2211 1840 2242 In
1854 2206 1944 2252 sacra
1950 2207 2009 2252 sua
2019 2220 2105 2242 caena

1226 2258 1313 2301 jubet
1325 2270 1369 2291 me
1374 2257 1430 2300 sub
1435 2256 1569 2300 symbolis
1575 2262 1668 2299 panis
1683 2258 1717 2290 (5
1727 2262 1794 2290 vini
1803 2265 1910 2299 corpus
1930 2269 1964 2290 ac
1982 2257 2110 2302 sangui·

1235 2319 1301 2342 nem
1308 2306 1394 2351 suum
1412 2306 1521 2349 sumere
1532 2330 1542 2347 ‚
1568 2307 1748 2341 manducare
1758 2317 1793 2341 ac
1802 2307 1922 2342 bibere:
1948 2307 2043 2342 Nihil
2050 2308 2106 2341 du-

1235 2359 1297 2392 bito
1308 2382 1319 2398 ,
1345 2356 1531 2402 quin&ipse
1545 2358 1615 2393 vere
1629 2362 1766 2400 porrigat
1781 2379 1792 2395 ‚
1814 2357 1849 2392 ό·
1868 2367 1917 2400 ego
1939 2363 2102 2400 recipiam.

1236 2407 1463 2444 Eucharisticae
1472 2406 1614 2441 veritatis
1623 2406 1808 2451 profeffioni
1827 2408 1984 2441 afluetum
2009 2406 2107 2441 Chri·

1235 2457 1274 2491 sti
1295 2457 1475 2502 populum,
1500 2456 1646 2500 acipfius
1658 2457 1725 2498 pias
1735 2468 1826 2492 aures
1846 2456 1941 2491 timet
1962 2456 2107 2492 offende-

1235 2518 1267 2541 re
1283 2533 1294 2549 ‚
1321 2507 1612 2542 sacramentarium
1637 2505 1753 2550 lupum
1774 2506 1857 2551 tegit
1878 2507 1964 2541 intra
1989 2507 2107 2541 ovinas

1236 2555 1418 2592 Catholicae
1428 2567 1526 2601 atque
1548 2557 1642 2590 avitae
1664 2556 1843 2590 locutionis
1862 2556 1974 2597 lanas,
1998 2557 2033 2591 <Sc
2059 2557 2106 2591 ita

1236 2607 1343 2642 studet
1376 2606 1637 2642 circumscribere
1662 2630 1675 2650 ,
1718 2605 1868 2643 seducere
1892 2631 1904 2650 ,
1937 2618 1977 2641 ac
2018 2605 2107 2640 occi·

1232 2657 1309 2694 dere
1319 2683 1326 2690 .

1282 2706 1498 2743 Dominicam
1510 2717 1638 2742 carnem
1650 2707 1713 2742 effe
1725 2719 1767 2742 ex
1779 2706 1880 2742 Verbi
1891 2705 2015 2742 unione
2029 2703 2106 2739 vivi-

1235 2759 1410 2793 ficatricem
1421 2770 1459 2792 ac
1480 2758 1735 2792 immortalitatis
1757 2758 1984 2797 donatricem,
2011 2756 2046 2790 &
2062 2766 2105 2790 ex

1236 2810 1325 2852 ipsa,
1351 2809 1400 2842 uti
1413 2819 1453 2842 ex
1466 2807 1590 2852 vulgari
1609 2819 1693 2852 pane
1711 2819 1849 2850 corpus,
1876 2807 2018 2842 nostram
2040 2806 2108 2838 ani-

1236 2869 1323 2894 mam
1334 2859 1418 2902 pasci
1431 2857 1619 2901 profitetur,
1645 2858 1679 2891 &
1695 2858 1912 2900 prosequitur:
1939 2853 2108 2895 Etfiautem

1236 2909 1406 2942 incredibile
1417 2910 1538 2942 videtur
1547 2913 1580 2940 in
1598 2915 1687 2944 tanta
1709 2908 1829 2942 locorum
1854 2906 1997 2949 distantia
2017 2913 2109 2948 pene·

1237 2969 1318 2993 trare
1328 2960 1372 2991 ad
1381 2970 1431 2991 nos
1445 2957 1553 2999 Christi
1562 2960 1693 2991 Carnem
1703 2980 1714 2997 ,
1741 2966 1774 2989 ut
1790 2955 1871 2990 nobis
1887 2956 1925 3000 fit
1937 2963 1971 2989 in
1985 2956 2082 2990 cibum
2096 2980 2110 2997 ,

1238 3014 1457 3043 meminerimus
1482 3014 1625 3050 quantum
1641 3005 1737 3053 supra
1753 3004 1857 3049 sensus
1878 3018 1978 3040 omnes
2000 3004 2108 3047 nostros

1239 3064 1364 3093 emineat
1391 3068 1502 3091 arcana
1527 3059 1657 3099 spiritus
1683 3057 1786 3091 santii
1811 3062 1935 3097 virtus,
1960 3058 1995 3090 6·
2015 3067 2108 3099 quam

1236 3108 1356 3149 stultum
1370 3107 1410 3150 fit
1433 3109 1498 3149 ejus
1517 3106 1740 3149 immenfitatem
1759 3109 1843 3141 modo
1863 3106 1954 3147 nostro
1966 3108 2041 3140 velle
2051 3116 2109 3139 me-

1241 3165 1294 3192 tiri
1304 3184 1311 3190 .
1339 3159 1430 3201 ,Quod
1437 3168 1503 3200 ergo
1512 3168 1596 3191 mens
1607 3156 1701 3197 nostra
1711 3168 1768 3190 non
1778 3157 1998 3199 comprehendit
2007 3180 2019 3196 ,
2044 3167 2108 3190 con·

1242 3209 1417 3253 cipiatfides
1433 3232 1440 3238 .
1467 3207 1686 3252 Nequaquam
1698 3207 1874 3242 Dominici
1886 3206 2029 3250 corporis
2049 3206 2110 3240 im-

1244 3260 1443 3293 mensitatem
1472 3258 1523 3292 seu
1553 3257 1769 3301 ubiquitatem
1797 3258 1895 3292 docet
1918 3269 1925 3288 ε
1961 3257 2111 3289 Errorem

1244 3307 1287 3343 hu
1294 3320 1332 3341 nc
1344 3307 1517 3342 detestatur
1529 3307 1658 3349 pessime
1667 3333 1678 3348 ,
1704 3306 1856 3342 acerrime
1866 3307 2036 3349 impugnat
2048 3329 2059 3346 ,
2069 3305 2114 3339 af-

1245 3359 1350 3392 firmat
1363 3356 1460 3402 longe
1474 3356 1542 3398 plus
1553 3358 1649 3400 quam
1664 3356 1862 3401 Papisticum
1874 3355 1994 3400 dogma
2005 3354 2023 3387 a
2035 3366 2114 3389 vero

1243 3407 1393 3442 deviare.
1420 3407 1572 3442 Affirmat
1594 3408 1629 3441 in
1651 3404 1853 3443 coenaaobis
1876 3403 2024 3440 exhiberi
2047 3415 2115 3439 rem

1965 3454 2067 3500 ligna-

1811 1910 1907 1957 Qin
1928 1911 1964 1946 δε
1983 1910 2106 1945 realem
2136 1930 2139 1934 ’

2124 2191 2283 2228 N·3¹·3²·

2125 2840 2217 2869 Na.
2251 2844 2284 2872 9·

2130 2890 2173 2910 10-
