2352 3756
171 2632 233 2666 nb„
262 2635 289 2660 ε.
417 2658 424 2665 ,
572 2665 574 2667 ¹

168 2682 235 2711 cap·
251 2682 291 2706 19-
308 2661 462 2694 Hermras
482 2656 692 2689 Zozomenus
704 2677 711 2685 .

355 127 447 175 372

269 198 375 251 farum
399 231 410 246 ‚
442 196 718 238 Lociservaturam
745 201 833 235 Sedis
869 195 1186 277 Hierosolymitanae‚'

275 260 329 292 seu
352 254 535 292 Vifitatoris
562 253 594 286 in
621 253 686 296 ipsa
708 252 879 287 officium,
904 253 1079 290 arripiens,
1107 255 1165 277 non

276 308 397 351 quidem
404 315 459 347 per
473 302 702 346 Ecclesi'asttcam
716 302 928 335 auc‘loritatem
949 322 959 337 ,
981 295 1040 338 sed
1041 303 1099 336 per
1107 292 1166 336 [ιι--

276 359 405 393 celarem
417 354 591 396 Potestatem
604 363 706 387 contra
719 357 855 384 Canones
871 373 881 388 ‚
907 347 1018 380 ibidem
1024 344 1083 388 sub
1091 346 1111 377 5
1113 344 1166 377 ede

279 404 541 449 Hierosolymitana
549 409 733 446 pertinentes
746 402 860 441 aliquos
873 394 1032 438 Episcopos
1043 395 1163 427 ordina—

281 463 351 497 vit,
377 457 483 490 &cum
507 453 567 498 ipse
593 454 713 487 minime
731 450 829 490 fuerit
850 445 1064 488 confirmatus,
1090 444 1164 477 aiios

281 508 418 541 ordinare
436 503 621 549 praesumpfit
642 526 648 533 .
677 504 719 532 Hi
742 506 843 531 autem
862 503 1020 538 propterea
1038 493 1163 537 scientes

282 564 401 592 inanem
413 557 465 599 effe
479 556 694 597 ordinationem
709 559 803 582 eorum
822 571 832 587 ,
856 555 913 588 per
921 550 1044 587 propria
1048 543 1163 587 scripta

283 606 493 651 consentientes
505 628 515 643 ,
541 602 744 645 applicuerunt
765 596 798 640 se
819 596 985 639 adftaatae
1013 598 1162 634 novitati,

284 659 381 702 quaeir
406 656 498 690 Paulo
520 649 840 691 Constantinopolitano
864 644 1008 690 Episcopo
1027 644 1161 686 defendi-

284 718 334 742 tur
346 732 356 748 ,
382 701 461 748 quofi
469 714 506 736 ex
518 700 568 734 hoc
578 694 737 744 sperantes
747 702 904 732 enormiter
917 721 928 737 ‚
954 696 1035 739 quod
1046 694 1163 736 impoffi-

281 759 339 792 bile
349 755 387 796 est
402 777 411 793 ,
437 751 626 795 confirmari.
654 753 700 783 De
713 748 867 792 quibus&
884 747 976 780 anteit
998 744 1163 788 Apostolicae

281 808 350 842 §edi
363 808 500 844 innotui,
526 800 630 841 idest,
654 801 751 833 beatae
774 803 922 832 memoriae
948 796 1090 839 Deceffori
1113 805 1164 828 ve-

277 856 336 898 stro
361 854 508 889 Theodoro
529 876 536 885 .
556 855 588 896 J
591 852 703 892 uffltque
729 848 805 881 mihi
826 849 949 892 indigno
967 855 1024 889 per
1043 844 1164 889 sacram

277 905 366 951 suam
377 910 623 949 praeceptionem,
653 900 797 933 ordinans
822 910 867 932 me
893 900 1165 930 Loci-servatorem

276 966 334 1000 per·
348 955 502 999 Apostolica
515 954 582 994 ejus
599 949 713 994 firipta
726 975 737 990 ‚
762 958 910 991 quatenus
923 957 986 981 tum
1004 959 1039 981 ea
1051 971 1062 987 ,
1086 958 1166 988 quae-

281 1005 489 1050 quefuiffent,
517 1000 710 1045 Ecclefiastica
731 1001 877 1043 capitula
888 1007 1030 1042 peragere
1052 994 1165 1038 debuifi

278 1056 343 1101 βω
352 1080 364 1095 ,
392 1054 581 1088 &canonice
593 1076 602 1090 ,
622 1050 653 1094 fi
662 1052 829 1085 nullatenus
841 1051 1069 1083 emendarentur
1081 1071 1090 1087 ,
1117 1050 1168 1088 qui

280 1105 334 1150 sub
347 1107 533 1138 denominato
549 1111 700 1144 praetextu
714 1101 845 1134 ordinati
856 1098 927 1143 ficnt
940 1097 1097 1141 Episcopi,
1122 1098 1171 1128 de·

277 1166 418 1200 ponerem
427 1166 474 1188 eos
489 1179 496 1186 .
524 1153 619 1196 ‚Quod
627 1152 762 1195 &fecisse
775 1162 820 1184 me
828 1159 940 1184 certum
952 1148 991 1189 est
1002 1173 1009 1181 .
1036 1151 1079 1180 Et
1088 1155 1170 1188 prae·

281 1208 363 1250 cipue
375 1210 514 1249 quoniam
524 1210 558 1237 in
565 1214 691 1237 errorem
701 1203 721 1233 ἃ
734 1207 862 1236 veritate
873 1201 1039 1235 recedentes
1048 1222 1059 1238 ‚
1080 1195 1169 1240 spon-

283 1260 314 1292 te
326 1255 439 1299 delapsi
447 1254 520 1299 sunt
544 1279 550 1286 .
591 1257 637 1286 Et
659 1254 784 1286 tanturn
805 1253 870 1285 illos
893 1256 988 1293 recepi
1010 1245 1169 1291 secundum

276 1302 430 1351 juffionem
439 1308 504 1347 eJ'us
519 1330 530 1346 ‚
557 1310 607 1347 qui
623 1303 752 1337 libellum
772 1306 963 1344 poenitentiae
986 1299 1145 1333 obtulerunt
1160 1323 1169 1339 ,

284 1354 521 1400 &profeffisunt
530 1361 565 1388 ln
573 1353 684 1397 ftripto
695 1378 706 1393 ‚
732 1351 909 1395 conservare
933 1349 1125 1392 indesinenter
1138 1351 1170 1382 (5

283 1408 425 1450 ample&
439 1407 607 1449 praedicare
619 1403 790 1448 sanllorum
814 1405 943 1435 Parrum
954 1402 987 1435 (5
999 1400 1172 1439 synodorum

284 1458 439 1492 doo‘lrinas
458 1482 469 1497 ‚
509 1467 633 1499 quorum
659 1454 772 1487 libellos
796 1460 887 1494 nuper
913 1449 1050 1491 deferens
1080 1447 1172 1483 obtuli

280 1507 485 1553 sacratiffimae
505 1504 678 1547 prasidi-nti
700 1503 863 1536 sanc‘litati
880 1500 987 1542 vestrae
1004 1526 1014 1541 ,
1040 1503 1173 1533 Martino

285 1569 332 1594 ter
357 1557 512 1596 beatiffimo
537 1557 634 1596 Papae
661 1578 671 1594 ,
707 1553 745 1585 ab
766 1565 797 1586 eo
818 1576 829 1592 ‚
865 1553 945 1595 quod
965 1553 1057 1593 aliqui
1077 1561 1172 1583 eorum

284 1611 389 1643 merito
413 1611 545 1648 recepti,
571 1606 605 1638 (9·
627 1603 792 1645 confirmati
810 1601 885 1645 sunt
900 1627 911 1642 ‚
936 1602 1028 1645 aliqui
1039 1602 1110 1634 vero
1118 1607 1172 1642 pro

284 1665 409 1694 tuitione
428 1655 590 1691 embolim
617 1652 751 1695 Ecclefiae
771 1654 979 1687 condemnati.
1010 1651 1092 1684 Haec
1103 1650 1169 1694 epi-

283 1709 369 1744 stola
389 1707 505 1742 diserte
527 1717 563 1739 ac
590 1704 696 1738 lucide
722 1703 873 1738 adfirmat
893 1704 980 1746 ipsos
992 1701 1172 1744 Episcopos

283 1772 355 1795 non
383 1759 400 1792 ὲ
424 1756 530 1792 Paulo
555 1751 740 1789 patriarcha
771 1749 1174 1793 Constantinopolitano,

284 1810 342 1844 sed
362 1809 381 1842 ὲ
402 1807 518 1851 Sergio
542 1804 692 1848 Joppenfi
717 1802 882 1847 Episcopo
907 1800 998 1835 fuisse
1008 1799 1174 1834 consecra·

284 1870 357 1896 tos,

339 1906 538 1951 Respondeo
567 1904 714 1941 notanda
744 1904 808 1938 effe
832 1899 989 1945 Stephani
1017 1897 1111 1933 verba
1133 1896 1174 1931 de

289 1955 605 2001 Hierosolymitanae
634 1955 779 1989 Ecclefiae
805 1965 861 1997 per
887 1951 1037 1996 Sergium
1063 1948 1171 1981 invasa

290 2010 497 2045 vifitatione:
526 2009 582 2039 Pcr
602 2004 776 2048 saecularem
801 2002 976 2043 Potestatem
996 2007 1097 2033 contra
1117 2000 1174 2028 Ca·

292 2072 404 2093 nones.
431 2058 513 2091 Non
539 2067 593 2098 pcr
614 2056 804 2088 Homarum
826 2053 1062 2085 Saracenorum
1082 2072 1093 2089 ,
1121 2046 1174 2080 sed

292 2121 349 2155 per
370 2105 563 2140 Heraclium
586 2104 817 2137 Romanorum
841 2101 1027 2142 Principem
1050 2122 1057 2129 .
1095 2097 1177 2151 Haessc

293 2159 385 2194 enim
407 2157 451 2189 cst
474 2165 540 2187 una
562 2165 604 2186 ex
631 2151 848 2195 quorumdam
878 2150 1115 2192 Imperatorum
1142 2156 1176 2178 m

297 2204 554 2244 Ecclefiasticam
574 2201 755 2236 libertatem
780 2199 962 2234 violentiis.
993 2196 1127 2231 Etenim
1139 2194 1179 2228 de

297 2260 496 2303 Imperatore
522 2252 743 2291 Constantio,
769 2248 859 2294 quod
882 2248 993 2282 nescio
1014 2257 1111 2290 quem
1123 2246 1180 2280 Fe-

299 2311 397 2344 licem
418 2304 540 2350 jusserit
564 2303 598 2336 in
626 2301 754 2335 Palatio
765 2298 942 2335 consecrari
957 2298 1196 2341 Episcopum„

271 2378 277 2383 -
299 2370 397 2403 atque
418 2358 463 2390 ita
485 2363 651 2396 tamquam
678 2351 778 2385 Anti·
793 2349 915 2385 Christi
937 2347 1114 2382 Proecursor
1139 2358 1180 2380 ex

300 2408 433 2444 Palatio
455 2403 628 2439 Ecclesiam
649 2401 761 2435 fecerit
776 2426 786 2441 ‚
814 2398 1054 2434 lamentaturin
1068 2395 1187 2438 episto·

303 2461 334 2494 la
357 2457 396 2493 ad
409 2458 482 2491 suos
494 2450 683 2488 Monachos
698 2451 831 2485 Sanctus
846 2447 1040 2484 Athanasius
1052 2471 1060 2478 .
1089 2445 1132 2480 Et
1145 2444 1187 2480 de

304 2509 449 2543 Valente
462 2502 612 2549 Augusto
624 2526 635 2542 ,
650 2501 741 2547 quod
757 2500 897 2534 Lucium
910 2496 1189 2533 Pseudo-Patriar·

304 2559 402 2594 cham
424 2552 686 2590 Alexandrinum
707 2552 726 2585 ὲ
744 2550 855 2585 fimilis
875 2549 962 2583 faecis
973 2543 1190 2582 Antiocheno

307 2605 494 2644 Patriarcha
522 2603 651 2638 Euzoio
676 2601 798 2645 jusserit
830 2598 1044 2637 consecrari,
1081 2594 1190 2630 scribit

738 2649 843 2700 Qod
870 2648 1112 2684 Calendionem
1125 2646 1194 2680 Au·

311 2708 504 2745 tiochenum
517 2705 703 2748 Imperator
725 2703 817 2735 Zeno
827 2700 948 2744 jusserit
958 2696 1194 2733 Constantino-

313 2760 381 2804 poli
399 2755 578 2792 consecrari
597 2764 711 2787 contra
730 2752 885 2786 Canones
897 2775 907 2790 ‚
934 2750 1071 2783 affirmat
1084 2748 1118 2780 in
1136 2746 1193 2780 Ec-

314 2808 485 2843 clefiastica
513 2803 648 2838 historia
682 2803 869 2836 Anastasius
897 2797 1190 2833 Bibliothecarius.

314 2858 419 2906 Qod
431 2858 607 2900 Imperator
621 2853 819 2896 lastinianus
828 2849 1110 2885 Mediolanensem
1126 2847 1195 2880 Ele-

260 2943 280 2957 Ἢ
315 2912 421 2947 Rutu,
450 2908 526 2949 quia
555 2903 661 2938 Gothi
689 2902 797 2936 adhuc
824 2900 1047 2946 grassabantur
1070 2909 1124 2940 per
1138 2898 1197 2931 lta-

318 2959 396 2993 liam
407 2982 417 2999 ,
444 2955 563 3000 iusserit
575 2952 657 2996 apud
673 2953 868 2987 Ravennam
882 2949 1081 2988 consecrari,
1106 2946 1197 2981 testa-

161 3013 251 3055 Epist.
273 3021 300 3049 3.
318 3020 371 3045 tut
392 3008 426 3042 in
450 3004 564 3040 litteris
586 3003 626 3036 ad
653 3003 822 3036 Narsetern
849 3000 1018 3034 Comitem
1043 2997 1195 3042 Pelagius

320 3060 441 3105 primus
460 3051 622 3089 *Pontifex
634 3077 641 3084 .
671 3051 795 3085 Eadem
806 3051 845 3084 de
855 3049 1126 3093 reImperatorem
1139 3048 1198 3081 Ar-

321 3109 454 3145 cadium
467 3128 477 3146 ‚
505 3102 562 3147 qui
573 3103 725 3137 Sandium
738 3102 897 3145 Joannem
922 3099 1198 3142 Chrysostomum

323 3159 450 3205 jusserat
474 3152 653 3189 consecrari
673 3162 728 3194 per
749 3149 982 3193 Theophilum
1008 3146 1200 3182 Alexandri-

324 3219 403 3243 num
417 3233 426 3248 ‚
452 3203 585 3250 quidam
596 3211 737 3248 arguunt
748 3226 756 3234 .
783 3201 909 3235 Eadem
917 3198 1078 3233 violentia
1089 3197 1201 3237 Theo·

807 107 1514 152 .DISSERTATI‘0

1230 203 1356 236 perator
1365 195 1580 242 deditSergio
1594 199 1743 242 Joppenli
1761 201 1943 246 Episcopo.
1968 203 2042 238 Nec
2055 203 2110 247 ipfi

1228 242 1333 279 defuit
1354 246 1520 290 delegatio
1543 248 1637 282 Pauli
1660 248 1854 284 Patriarchae
1875 254 2112 288 Constantino-

1229 295 1371 352 politani
1391 320 1397 328 .
1423 298 1611 345 Qomodo
1625 311 1692 332 non
1705 299 1864 345 delegarit
1874 305 2110 338 consecrandos

1231 344 1414 389 Episcopos
1434 372 1446 389 ,
1483 348 1541 391 qui
1569 349 1636 392 ipse
1656 349 1860 386 patriarchas
1886 350 2110 388 consecravit?

1231 394 1367 431 Etenim
1381 396 1416 431 iu
1430 398 1663 432 Alexandrinae
1684 400 1746 433 suae
1767 400 1914 435 Ecclefiae
1938 399 2111 438 Chronico

1233 445 1421 489 Eutychius
1433 446 1618 487 Patriarcha
1629 448 1740 484 scribit
1748 450 1937 486 Homarum
1948 451 2043 487 fuisse
2053 461 2114 487 ter-

1231 496 1315 530 tium
1328 496 1560 533 Mahometicae
1581 499 1675 533 Sestae
1695 499 1883 544 Calypham
1902 525 1913 542 ‚
1939 511 2037 544 atque
2057 502 2115 537 ad·

1230 546 1341 592 jungit
1355 559 1362 579 :
1391 552 1475 583 Anno
1488 548 1670 590 Calypbatus
1684 553 1750 590 ejus
1764 556 1866 592 quinto
1882 551 2051 591 constitutus
2073 553 2112 594 est

1232 598 1422 631 Macedom‘us
1436 598 1616 632 Pam'archa
1628 600 1823 633 AntIochenus
1833 606 1866 633 in
1877 603 1949 636 urbe
1971 602 2114 642 Constan-

1231 649 1448 689 sinopolitana,
1461 656 1513 692 qui
1526 650 1751 692 Maronitafuit
1767 675 1773 681 .
1795 652 2044 694 Constantinopoli
2053 652 2111 695 sex

1231 703 1322 730 annis
1332 696 1463 741 substitit
1476 723 1486 739 ,
1512 700 1624 733 delnde
1647 701 1663 733 e*
1683 705 1769 734 vivis
1791 703 1901 742 exceffit
1915 727 1925 744 ,
1951 712 2114 744 antequam

1232 747 1417 781 Antiochiam
1428 750 1623 793 velingreffus
1637 753 1701 793 effer
1711 775 1722 791 ,
1736 753 1789 784 vel
1798 752 1914 795 vidisset
1925 776 1932 784 .
1950 753 1993 786 Et
2007 753 2114 797 pergit

1231 798 1273 832 de
1299 798 1451 841 proximo
1478 801 1622 834 Homari
1669 801 1854 835 Successore
1879 803 2113 837 ottomanno:

1233 852 1316 880 Anno
1327 849 1508 892 Cahphatus
1519 861 1534 882 e
1532 853 1586 892 Jus
1593 856 1681 884 tertio
1690 851 1858 892 constitutus
1870 852 1907 892 est
1907 857 1939 898 J
1942 852 2043 886 aribus
2054 855 2112 886 Pa-

1232 899 1364 932 triarcha
1377 899 1570 934 antiochenus
1582 924 1593 941 ‚
1615 907 1666 943 qui
1678 902 1898 943 Maronitafuit
1910 928 1917 935 .
1946 906 1988 936 Ei
2009 912 2111 938 autem

1232 955 1346 983 muneri
1354 949 1518 991 praefellus
1528 950 1566 991 est
1576 951 1823 995 Constantinopoli
1833 976 1844 993 ‚
1857 953 1907 986 ubi
1917 959 2046 996 quinque
2055 964 2114 985 an-

1233 1011 1283 1032 nos
1287 997 1308 1042 s
1306 999 1420 1040 abstitit
1433 1023 1443 1039 ,
1455 1010 1548 1041 neque
1562 1000 1745 1034 Antiochiam
1751 1007 1895 1044 pervenit
1903 1027 1910 1035 .
1925 1007 2059 1036 Mortuus
2071 1001 2111 1043 est

1232 1059 1332 1083 autem
1348 1048 1599 1091 Constantinopoli
1610 1074 1621 1091 ,
1649 1061 1684 1083 ac
1701 1052 1742 1083 ibi
1748 1051 1883 1095 sepultus
1896 1078 1904 1085 .
1934 1059 2016 1086 Anno
2029 1054 2113 1093 Caly·

1228 1099 1346 1143 pharus
1356 1097 1486 1142 ejusdem
1497 1100 1607 1132 decimo
1618 1103 1769 1133 Macarius
1789 1102 1826 1138 est
1841 1102 1947 1143 fabius
1970 1106 2112 1136 Patr-tar·

1232 1150 1287 1183 chet
1300 1149 1495 1183 Antioc-benus
1510 1174 1521 1190 ,
1541 1155 1591 1193 qui
1604 1151 1638 1184 (st
1661 1153 1814 1184 Maronita
1829 1150 1912 1191 fuit.
1940 1156 1998 1187 Hic
2018 1158 2111 1186 etiam

1234 1199 1484 1243 Constantinopoli
1493 1210 1610 1234 creatus
1624 1226 1634 1241 ,
1659 1211 1724 1234 cum
1737 1200 1848 1234 ibioHo
1858 1212 1952 1234 annos
1969 1210 2115 1243 perman·

1230 1249 1300 1294 fisset
1313 1274 1323 1290 ,
1348 1262 1439 1293 neque
1453 1250 1641 1284 Antiochiam
1662 1250 1823 1294 acceffiffet,
1849 1261 1978 1285 mortuus
1991 1251 2050 1294 est,
2076 1253 2112 1291 δὲ

1234 1302 1274 1334 ibi
1280 1300 1415 1345 sepultus
1426 1327 1433 1333 .
1452 1305 1537 1334 Anno
1548 1300 1729 1344 Calypbntus
1741 1299 1809 1344 esus
1804 1302 1872 1335 dem
1882 1311 1988 1344 quarto
1999 1304 2113 1335 Petrus·

1236 1348 1272 1391 est
1278 1351 1386 1393 faHus
1399 1351 1582 1385 Patriarcba
1593 1352 1816 1385 Alexandrinus
1829 1377 1837 1384 .
1863 1355 2016 1387 Maronitae
2025 1351 2091 1394 fuit
2100 1375 2111 1386 .

1236 1406 1312 1435 Cum
1329 1413 1424 1435 annos
1440 1413 1544 1435 novem
1551 1400 1686 1445 ‚sedissem
1712 1412 1843 1436 mortuus
1855 1401 1908 1442 est.

1288 1452 1441 1486 Affirmat
1463 1462 1532 1486 non
1546 1452 1653 1486 solum
1664 1451 1902 1487 Macedonium
1913 1475 1923 1492 ‚
1947 1451 2000 1487 sed
2012 1452 2116 1488 etiam

1236 1502 1379 1547 Jaribum
1415 1513 1452 1536 ac
1480 1502 1662 1536 Macarium
1698 1503 1793 1536 suiffe
1819 1500 2117 1547 ConstantInopoli

1235 1553 1371 1593 eleetos,
1399 1552 1622 1593 consecratos,
1651 1551 1809 1587 habitasse
1831 1554 1975 1596 semper,
2000 1554 2116 1589 ac'erre

1235 1604 1405 1638 defunctos
1429 1627 1436 1635 .
1481 1603 1526 1637 Et
1549 1601 1628 1636 hinc
1648 1602 1804 1638 discimus
1824 1604 1911 1637 varia
1929 1629 1935 1636 .
1973 1603 2121 1644 Primo,

1234 1653 1324 1699 quod
1351 1664 1420 1688 non
1443 1653 1549 1687 solitm
1570 1652 1691 1686 Paulus
1713 1652 1900 1687 patriarcha
1924 1653 2117 1687 Constanti-

1236 1704 1449 1747 nopolitanus
1462 1726 1473 1742 ,
1499 1702 1554 1737 sed
1571 1702 1672 1735 etiam
1682 1701 1749 1744 ejus
1758 1703 1958 1737 Succeflores
1971 1713 2117 1746 perrexe-

1235 1755 1299 1787 rint
1316 1752 1482 1786 destruetis
1499 1763 1554 1794 per
1576 1752 1752 1786 Saracenos
1772 1751 1923 1785 Ecclefiis
1944 1753 2120 1787 nominare

1235 1804 1268 1837 &
1280 1798 1466 1835 consecrare
1488 1801 1686 1844 Episcopos,
1714 1800 1882 1842 praesertim
1894 1799 2119 1837 patriarchas.

1235 1849 1386 1885 Secunde>
1407 1873 1418 1889 ‚
1456 1849 1545 1892 quod
1570 1850 1627 1883 ista
1648 1849 1764 1883 eleslio
1786 1860 1885 1894 atque
1911 1851 2119 1886 consecratio

1237 1901 1345 1934 statim
1366 1900 1496 1942 coeperit
1520 1911 1596 1933 cum
1619 1900 1692 1943 ipfis
1704 1901 1934 1934 Saracenorum
1952 1901 1987 1934 in
2002 1893 2123 1936 Ecclo'

1237 1951 1291 1982 fias
1305 1948 1558 1991 irruptionibus.
1589 1948 1793 1982 Theodorus
1805 1949 1978 1983 Baisamon
1991 1950 2026 1984 in
2039 1951 2118 1985 Me-

1236 1999 1342 2033 ditato
1368 1998 1409 2032 de
1435 1996 1694 2032 patriarcharum
1718 1998 1841 2040 juribus
1872 1998 2028 2041 affirmat,
2045 2000 2117 2035 (ine

1238 2047 1384 2092 quinque
1404 2045 1601 2080 patriarchis
1626 2058 1695 2080 non
1718 2047 1866 2080 constare
1888 2047 2035 2083 Ecclefiae
2044 2060 2117 2085 cor-

1238 2109 1297 2142 pus
1311 2122 1322 2138 ‚
1346 2107 1444 2141 atque
1458 2096 1627 2141 adjungit:
1657 2095 1703 2129 ob
1713 2094 2046 2141 bancipsamcausaem,
2068 2103 2120 2133 uel

1238 2149 1319 2183 credi
1337 2156 1400 2190 par
1425 2145 1486 2187 est,
1506 2148 1577 2187 jam
1597 2147 1708 2180 dudum
1723 2145 1872 2190 sancitum
1893 2146 1952 2188 est,
1977 2155 2011 2182 ut
2031 2149 2125 2184 baud

1240 2198 1329 2232 dubie*
1335 2206 1390 2240 per
1399 2197 1561 2230 eleeiionem
1572 2196 1767 2237 instituantur
1778 2203 1869 2230 etiam
1879 2202 1902 2230 ii
1912 2198 2125 2240 Patriarchae,

1241 2254 1292 2291 qui
1302 2250 1464 2289 ceteroquin
1473 2246 1571 2290 sacros
1578 2246 1635 2289 fibi
1646 2246 1805 2287 destinator
1816 2246 1935 2281 thronos
1956 2247 1991 2280 ob
2017 2251 2119 2292 Pagoe

1246 2310 1347 2332 norum
1358 2297 1470 2337 hostiles
1484 2296 1617 2340 incursus
1629 2309 1686 2331 non
1691 2298 1830 2339 pqffident
1841 2322 1849 2329 .
1876 2296 1933 2330 An
1944 2298 2043 2332 etiam
2057 2298 2119 2333 sub

1245 2349 1391 2383 Heraclii
1405 2348 1546 2391 Imperio
1559 2347 1679 2381 fuerint
1691 2347 1781 2381 eleni
1793 2372 1804 2388 ‚
1829 2358 1870 2380 an
1890 2357 1999 2381 autem
2010 2347 2123 2383 nomi-

1247 2398 1338 2438 nati,
1364 2397 1616 2441 &qualiterista
1628 2397 1742 2431 elefflo
1754 2395 1851 2431 fuerit
1861 2395 2044 2438 celebrata,
2069 2397 2125 2433 est.

1248 2449 1350 2493 longa
1371 2447 1503 2492 quaestio
1516 2474 1523 2481 .
1550 2447 1724 2494 Qidquid
1744 2447 1800 2487 fit,
1827 2445 1902 2480 istas
1920 2446 2124 2488 electiones,

1250 2499 1298 2532 uti
1318 2498 1410 2531 fucos
1430 2498 1464 2530 δε
1485 2498 1641 2541 figmenta
1663 2522 1673 2538 ,
1699 2497 1851 2530 Romana
1871 2495 2014 2531 Ecclesia
2039 2498 2124 2541 spro-

1250 2548 1294 2582 vit
1307 2572 1318 2588 ‚
1343 2548 1376 2582 &
1387 2547 1546 2589 ejusmodi
1557 2545 1757 2581 patriarchas
1767 2545 1891 2580 dudum
1903 2547 2009 2582 noluit
2017 2558 2124 2592 agno·

1250 2601 1353 2633 scere.
1382 2596 1540 2631 Probavit
1561 2597 1669 2630 Sancti
1689 2595 1828 2631 Martini
1839 2594 1997 2639 judicium
2009 2597 2050 2632 de
2060 2596 2123 2632 ista

1251 2648 1411 2683 elefflone
1429 2646 1621 2681 Macedonii
1642 2671 1649 2679 .
1687 2647 1731 2681 Et
1751 2645 1831 2680 hine
1852 2645 1948 2681 tertio
1967 2646 2124 2682 discimus

1253 2698 1453 2733 intellectum
1474 2697 1554 2732 sexti
1579 2696 1746 2731 Concilii.
1772 2695 2072 2740 Postdegradatum
2087 2697 2124 2730 in

1253 2747 1453 2783 duodecima>
1466 2747 1607 2781 Actione
1627 2746 1812 2781 Macarium
1821 2743 2041 2780 Patriarcham
2055 2747 2129 2780 An·-

1254 2797 1445 2834 tiochenum
1466 2796 1604 2840 Episcopi
1625 2808 1660 2829 ac
1681 2796 1868 2830 Venerabiles
1894 2797 2000 2829 Clerici
2022 2819 2033 2836 ,
2072 2800 2127 2839 qui

1251 2848 1304 2893 sub
1326 2850 1399 2882 sede
1419 2846 1494 2891 sunt
1518 2846 1680 2879 Antiocbiae
1697 2850 1834 2881 civitatis
1858 2869 1869 2885 ,
1903 2846 2063 2880 accedunt
2084 2843 2128 2879 ad

1257 2898 1497 2944 gloriosissimos
1513 2897 1635 2940 judices
1651 2919 1661 2935 ‚
1688 2897 1723 2930 ὃς
1745 2896 1860 2930 dicunt
1878 2909 1889 2928 .·
1928 2898 2058 2928 Petimus
2075 2905 2132 2928 ve-

1251 2951 1344 2990 stram
1367 2950 1500 2981 Gloriam
1527 2947 1681 2991 suggerere
1699 2947 1817 2988 piiffimo
1837 2943 1927 2984 nostro
1947 2947 2070 2979 Domino
2093 2945 2129 2978 Θ

1259 3010 1364 3044 magno
1382 3002 1578 3041 Imperatori,
1604 2998 1730 3030 alterum
1744 3004 1802 3038 pro
1825 2998 1952 3028 Macaria
1965 3019 1975 3034 ,
2000 3000 2052 3037 qui
2057 2993 2132 3036 fue·-

1260 3060 1311 3083 rat
1334 3046 1573 3091 Arcbiepiscopus
1595 3046 1684 3086 noster
1706 3070 1716 3086 ‚
1742 3047 1788 3078 ad
1807 3044 2006 3085 Pontificalem
2026 3045 2131 3078 sedem

1263 3098 1424 3134 Antiochia·
1439 3101 1598 3140 provenire
1618 3120 1629 3135 ‚
1662 3105 1695 3128 ut
1717 3093 1943 3135 nonfinvidua
1965 3090 2137 3137 hujusmodi,¹

1263 3151 1371 3184 Sedes.
1398 3148 1442 3182 Et
1464 3146 1681 3193 gloriofissimi
1703 3145 1826 3188 judices
1846 3144 2058 3188 respondent:
2084 3146 2134 3177 se·

1262 3200 1391 3233 cundicm
1400 3209 1435 3231 ea
1445 3222 1455 3238 ,
1483 3207 1547 3240 quae
1560 3193 1739 3235 confiderata
1747 3194 1847 3238 sunta
1856 3193 2135 3238 sanHo&univer-

325 3260 455 3293 doricus
466 3254 563 3290 lt‘aliae
577 3254 651 3287 Rex
673 3251 807 3286 Petrum
829 3249 982 3285 Altinum
1005 3248 1199 3292 Episcopum
1259 3250 1318 3294 sali
1340 3248 1435 3289 vestro
1454 3248 1602 3287 Concilio,
1629 3247 1663 3279 <9⁹
1677 3247 1775 3286 juxta
1791 3250 1964 3287 petitionem
1986 3248 2135 3279 Reveren—

325 3307 452 3342 intrusst
465 3307 624 3340 Romanae
637 3302 783 3337 Ecclefiae
793 3301 1020 3336 Vifitatorem.
1049 3299 1097 3332 lta
1119 3310 1198 3343 ergo

1264 3301 1437 3340 drffimorum
1455 3301 1485 3330 E
1485 3295 1667 3339 pisi-oporam
1676 3307 1710 3329 ac
1723 3293 1928 3339 Religiofhrum
1939 3296 2113 3328 clericorum
2124 3318 2136 3335 ,

327 3356 500 3403 plenam&
526 3353 695 3393 visitandi,
722 3353 757 3386 &
777 3349 988 3386 consecrandi
1013 3347 1202 3393 potestatem
1264 3356 1313 3393 qui
1328 3348 1402 3393 sunt
1420 3346 1475 3391 sub
1490 3349 1561 3389 jure
1576 3347 1660 3379 sedis
1683 3344 1845 3378 Antiocbiae
1864 3348 1997 3378 civitatis
2019 3367 2031 3383 ‚
2069 3355 2137 3386 age-

329 3409 363 3443 in
375 3403 681 3447 Hierosolymitano
703 3400 927 3438 Patriarchatu
949 3398 1123 3438 Heraclius
1142 3399 1204 3433 lm-

1266 3412 1331 3434 mus
1343 3423 1351 3433 .
1380 3398 1422 3433 Et
1440 3397 1480 3433 ab
1493 3396 1559 3432 istis
1571 3395 1740 3441 Episcopis
1751 3395 1786 3429 δε
1802 3394 1940 3430 Clericis
1949 3392 2013 3427 fuit
2023 3392 2140 3477 elegus

2123 431 2185 462 Lib.
2208 444 2237 462 ι.

2125 467 2145 501 f·
2168 481 2235 506 271.
