<?xml version="1.0" encoding="UTF-8"?>
<!DOCTYPE html PUBLIC "-//W3C//DTD XHTML 1.0 Transitional//EN"
    "http://www.w3.org/TR/xhtml1/DTD/xhtml1-transitional.dtd">
<html xmlns="http://www.w3.org/1999/xhtml" xml:lang="en" lang="en">
 <head>
  <title>
</title>
<meta http-equiv="Content-Type" content="text/html;charset=utf-8" />
  <meta name='ocr-system' content='tesseract 3.04.00' />
  <meta name='ocr-capabilities' content='ocr_page ocr_carea ocr_par ocr_line ocrx_word'/>
</head>
<body>
  <div class='ocr_page' id='page_1' title='image "./operaomniastudio06lupuuoft/operaomniastudio06lupuuoft_0377.png"; bbox 0 0 2352 3756; ppageno 0'>
   <div class='ocr_carea' id='block_1_1' title="bbox 452 115 1851 171">
    <p class='ocr_par' dir='ltr' id='par_1_1' title="bbox 452 115 1851 171">
     <span class='ocr_line' id='line_1_1' title="bbox 452 115 1851 171; baseline 0.004 -4"><span class='ocrx_word' id='word_1_1' title='bbox 452 137 518 168; x_wconf 78' lang='lat' dir='ltr'><em>DE</em></span> <span class='ocrx_word' id='word_1_2' title='bbox 557 115 820 166; x_wconf 75' lang='lat' dir='ltr'>ROMANA</span> <span class='ocrx_word' id='word_1_3' title='bbox 859 121 1290 165; x_wconf 68' lang='lat' dir='ltr'><em>Emscoroltum</em></span> <span class='ocrx_word' id='word_1_4' title='bbox 1327 134 1851 171; x_wconf 67' lang='lat' dir='ltr'><em>con-secnartoNe.</em></span> 
     </span>
    </p>
   </div>
   <div class='ocr_carea' id='block_1_2' title="bbox 1911 138 2012 189">
    <p class='ocr_par' dir='ltr' id='par_1_2' title="bbox 1911 138 2012 189">
     <span class='ocr_line' id='line_1_2' title="bbox 1911 138 2012 189; baseline 0.04 -4"><span class='ocrx_word' id='word_1_5' title='bbox 1911 138 2012 189; x_wconf 66' lang='lat'><em>²367</em></span> 
     </span>
    </p>
   </div>
   <div class='ocr_carea' id='block_1_3' title="bbox 263 201 2086 256">
    <p class='ocr_par' dir='ltr' id='par_1_3' title="bbox 263 201 2086 256">
     <span class='ocr_line' id='line_1_3' title="bbox 263 201 2086 256; baseline -0.001 -15"><span class='ocrx_word' id='word_1_6' title='bbox 263 208 480 256; x_wconf 77' lang='lat' dir='ltr'><em>prosequitur:</em></span> <span class='ocrx_word' id='word_1_7' title='bbox 509 211 585 240; x_wconf 85' lang='lat' dir='ltr'><em>Cum</em></span> <span class='ocrx_word' id='word_1_8' title='bbox 596 212 697 248; x_wconf 74' lang='lat' dir='ltr'><em>itaque</em></span> <span class='ocrx_word' id='word_1_9' title='bbox 709 205 837 238; x_wconf 82' lang='lat' dir='ltr'><em>adhunc</em></span> <span class='ocrx_word' id='word_1_10' title='bbox 848 205 963 235; x_wconf 89' lang='lat' dir='ltr'><em>modum</em></span> <span class='ocrx_word' id='word_1_11' title='bbox 972 201 1003 246; x_wconf 89' lang='lat' dir='ltr'><em>se</em></span> <span class='ocrx_word' id='word_1_12' title='bbox 1015 202 1144 235; x_wconf 81' lang='lat' dir='ltr'><em>habeant</em></span> <span class='ocrx_word' id='word_1_13' title='bbox 1190 201 1350 245; x_wconf 67' lang='lat' dir='ltr'><em>{Agapeti</em></span> <span class='ocrx_word' id='word_1_14' title='bbox 1373 211 1512 234; x_wconf 86' lang='lat' dir='ltr'><em>mortem</em></span> <span class='ocrx_word' id='word_1_15' title='bbox 1523 203 1690 239; x_wconf 86' lang='lat' dir='ltr'><em>exhibitus</em></span> <span class='ocrx_word' id='word_1_16' title='bbox 1703 209 1890 251; x_wconf 82' lang='lat' dir='ltr'><em>Imperatori</em></span> <span class='ocrx_word' id='word_1_17' title='bbox 1905 208 2086 254; x_wconf 74' lang='lat' dir='ltr'><em>Justinjano</em></span> 
     </span>
    </p>
   </div>
   <div class='ocr_carea' id='block_1_4' title="bbox 256 253 1144 554">
    <p class='ocr_par' dir='ltr' id='par_1_4' title="bbox 256 253 1144 554">
     <span class='ocr_line' id='line_1_4' title="bbox 262 253 1142 299; baseline -0.011 -5"><span class='ocrx_word' id='word_1_18' title='bbox 262 273 310 294; x_wconf 89' lang='lat' dir='ltr'><em>res</em></span> <span class='ocrx_word' id='word_1_19' title='bbox 324 260 426 299; x_wconf 81' lang='lat' dir='ltr'><em>nostrae</em></span> <span class='ocrx_word' id='word_1_20' title='bbox 441 283 451 297; x_wconf 91' lang='lat'><strong><em>‚</em></strong></span> <span class='ocrx_word' id='word_1_21' title='bbox 476 256 622 290; x_wconf 81' lang='lat' dir='ltr'><em>dehebant</em></span> <span class='ocrx_word' id='word_1_22' title='bbox 634 258 767 288; x_wconf 68' lang='lat' dir='ltr'><em>continua</em></span> <span class='ocrx_word' id='word_1_23' title='bbox 790 257 808 287; x_wconf 78' lang='grc' dir='ltr'><em>ἃ</em></span> <span class='ocrx_word' id='word_1_24' title='bbox 823 254 983 287; x_wconf 53' lang='lat' dir='ltr'><em>Dilectione</em></span> <span class='ocrx_word' id='word_1_25' title='bbox 995 253 1093 291; x_wconf 75' lang='lat' dir='ltr'><em>vestra</em></span> <span class='ocrx_word' id='word_1_26' title='bbox 1105 264 1142 285; x_wconf 85' lang='lat' dir='ltr'><em>ex</em></span> 
     </span>
     <span class='ocr_line' id='line_1_5' title="bbox 256 302 1141 355; baseline -0.011 -13"><span class='ocrx_word' id='word_1_27' title='bbox 256 310 371 355; x_wconf 74' lang='lat' dir='ltr'><em>sinceris</em></span> <span class='ocrx_word' id='word_1_28' title='bbox 385 308 537 350; x_wconf 76' lang='lat' dir='ltr'><em>fratribus</em></span> <span class='ocrx_word' id='word_1_29' title='bbox 562 307 655 347; x_wconf 76' lang='lat' dir='ltr'><em>aliqui</em></span> <span class='ocrx_word' id='word_1_30' title='bbox 676 311 757 338; x_wconf 79' lang='lat' dir='ltr'><em>mitti</em></span> <span class='ocrx_word' id='word_1_31' title='bbox 779 330 788 344; x_wconf 88' lang='lat'>,</span> <span class='ocrx_word' id='word_1_32' title='bbox 817 310 867 346; x_wconf 78' lang='lat' dir='ltr'><em>qut</em></span> <span class='ocrx_word' id='word_1_33' title='bbox 892 316 942 335; x_wconf 82' lang='lat' dir='ltr'><em>nos</em></span> <span class='ocrx_word' id='word_1_34' title='bbox 963 302 1087 344; x_wconf 68' lang='lat' dir='ltr'><em>affhc‘los</em></span> <span class='ocrx_word' id='word_1_35' title='bbox 1109 304 1141 335; x_wconf 67' lang='grc'><em>(9·</em></span> 
     </span>
     <span class='ocr_line' id='line_1_6' title="bbox 263 355 1144 403; baseline -0.01 -10"><span class='ocrx_word' id='word_1_36' title='bbox 263 361 404 403; x_wconf 83' lang='lat' dir='ltr'><em>oppreffos</em></span> <span class='ocrx_word' id='word_1_37' title='bbox 425 356 587 400; x_wconf 76' lang='lat' dir='ltr'><em>inviserent</em></span> <span class='ocrx_word' id='word_1_38' title='bbox 615 381 625 395; x_wconf 92' lang='lat'>,</span> <span class='ocrx_word' id='word_1_39' title='bbox 651 358 684 389; x_wconf 64' lang='lat' dir='ltr'><em>Za·</em></span> <span class='ocrx_word' id='word_1_40' title='bbox 707 357 798 389; x_wconf 72' lang='lat' dir='ltr'><em>multo</em></span> <span class='ocrx_word' id='word_1_41' title='bbox 818 355 944 386; x_wconf 71' lang='lat' dir='ltr'><em>crebrius</em></span> <span class='ocrx_word' id='word_1_42' title='bbox 972 359 1076 385; x_wconf 79' lang='lat' dir='ltr'><em>amicae</em></span> <span class='ocrx_word' id='word_1_43' title='bbox 1102 355 1144 384; x_wconf 82' lang='lat' dir='ltr'><em>ad</em></span> 
     </span>
     <span class='ocr_line' id='line_1_7' title="bbox 263 401 1143 449; baseline -0.011 -5"><span class='ocrx_word' id='word_1_44' title='bbox 263 424 316 444; x_wconf 86' lang='lat' dir='ltr'><em>nos</em></span> <span class='ocrx_word' id='word_1_45' title='bbox 329 407 582 449; x_wconf 68' lang='lat' dir='ltr'><em>vestrae&#39;destrnart</em></span> <span class='ocrx_word' id='word_1_46' title='bbox 604 408 713 439; x_wconf 81' lang='lat' dir='ltr'><em>litterae</em></span> <span class='ocrx_word' id='word_1_47' title='bbox 725 430 736 445; x_wconf 90' lang='lat'><strong>,</strong></span> <span class='ocrx_word' id='word_1_48' title='bbox 761 403 863 447; x_wconf 69' lang='lat' dir='ltr'><em>quibus</em></span> <span class='ocrx_word' id='word_1_49' title='bbox 881 404 932 436; x_wconf 82' lang='lat' dir='ltr'><em>vel</em></span> <span class='ocrx_word' id='word_1_50' title='bbox 952 409 983 435; x_wconf 84' lang='lat' dir='ltr'><em>in</em></span> <span class='ocrx_word' id='word_1_51' title='bbox 1000 401 1143 443; x_wconf 78' lang='lat' dir='ltr'><em>Propofito</em></span> 
     </span>
     <span class='ocr_line' id='line_1_8' title="bbox 261 451 1144 502; baseline -0.011 -9"><span class='ocrx_word' id='word_1_52' title='bbox 261 461 520 502; x_wconf 82' lang='lat' dir='ltr'><em>confirmaremur,</em></span> <span class='ocrx_word' id='word_1_53' title='bbox 546 458 600 490; x_wconf 83' lang='lat' dir='ltr'><em>vel</em></span> <span class='ocrx_word' id='word_1_54' title='bbox 610 455 641 497; x_wconf 84' lang='lat' dir='ltr'><em>fi</em></span> <span class='ocrx_word' id='word_1_55' title='bbox 646 467 704 498; x_wconf 88' lang='lat' dir='ltr'><em>qua</em></span> <span class='ocrx_word' id='word_1_56' title='bbox 728 461 761 487; x_wconf 72' lang='lat' dir='ltr'><em>ln</em></span> <span class='ocrx_word' id='word_1_57' title='bbox 789 466 820 487; x_wconf 83' lang='lat' dir='ltr'><em>re</em></span> <span class='ocrx_word' id='word_1_58' title='bbox 838 451 1032 493; x_wconf 74' lang='lat' dir='ltr'><em>offendimus,</em></span> <span class='ocrx_word' id='word_1_59' title='bbox 1058 458 1144 485; x_wconf 77' lang='lat' dir='ltr'><em>corn·-</em></span> 
     </span>
     <span class='ocr_line' id='line_1_9' title="bbox 257 503 1143 554; baseline -0.01 -11"><span class='ocrx_word' id='word_1_60' title='bbox 257 521 415 554; x_wconf 81' lang='lat' dir='ltr'><em>geremur.</em></span> <span class='ocrx_word' id='word_1_61' title='bbox 441 507 543 553; x_wconf 78' lang='lat' dir='ltr'><em>Qd</em></span> <span class='ocrx_word' id='word_1_62' title='bbox 558 507 660 550; x_wconf 83' lang='lat' dir='ltr'><em>ipsum</em></span> <span class='ocrx_word' id='word_1_63' title='bbox 676 504 791 549; x_wconf 82' lang='lat' dir='ltr'><em>repetit</em></span> <span class='ocrx_word' id='word_1_64' title='bbox 814 505 847 536; x_wconf 93' lang='lat' dir='ltr'><em>in</em></span> <span class='ocrx_word' id='word_1_65' title='bbox 862 504 958 536; x_wconf 86' lang='lat' dir='ltr'><em>variis</em></span> <span class='ocrx_word' id='word_1_66' title='bbox 980 503 1143 544; x_wconf 76' lang='lat' dir='ltr'><em>epistolis.</em></span> 
     </span>
    </p>
   </div>
   <div class='ocr_carea' id='block_1_5' title="bbox 117 553 1146 598">
    <p class='ocr_par' dir='ltr' id='par_1_5' title="bbox 117 553 1146 598">
     <span class='ocr_line' id='line_1_10' title="bbox 117 553 1146 598; baseline -0.01 -5"><span class='ocrx_word' id='word_1_67' title='bbox 117 557 168 593; x_wconf 75' lang='lat' dir='ltr'><em>EP·</em></span> <span class='ocrx_word' id='word_1_68' title='bbox 182 565 246 593; x_wconf 78' lang='lat'><em>²²9·</em></span> <span class='ocrx_word' id='word_1_69' title='bbox 264 560 348 595; x_wconf 82' lang='lat' dir='ltr'><em>Una</em></span> <span class='ocrx_word' id='word_1_70' title='bbox 371 559 411 591; x_wconf 81' lang='lat' dir='ltr'><em>fic</em></span> <span class='ocrx_word' id='word_1_71' title='bbox 435 556 553 590; x_wconf 83' lang='lat' dir='ltr'><em>habet:</em></span> <span class='ocrx_word' id='word_1_72' title='bbox 583 554 708 598; x_wconf 85' lang='lat' dir='ltr'><em>Prorsus</em></span> <span class='ocrx_word' id='word_1_73' title='bbox 728 554 806 586; x_wconf 77' lang='lat' dir='ltr'><em>mhil</em></span> <span class='ocrx_word' id='word_1_74' title='bbox 826 553 1059 594; x_wconf 78' lang='lat' dir='ltr'><em>intempestivum</em></span> <span class='ocrx_word' id='word_1_75' title='bbox 1070 557 1146 593; x_wconf 78' lang='lat' dir='ltr'><em>cupi·</em></span> 
     </span>
    </p>
   </div>
   <div class='ocr_carea' id='block_1_6' title="bbox 258 601 1147 1545">
    <p class='ocr_par' dir='ltr' id='par_1_6' title="bbox 258 601 1147 1545">
     <span class='ocr_line' id='line_1_11' title="bbox 263 601 1145 650; baseline -0.011 -8"><span class='ocrx_word' id='word_1_76' title='bbox 263 620 329 643; x_wconf 87' lang='lat' dir='ltr'><em>mus</em></span> <span class='ocrx_word' id='word_1_77' title='bbox 353 632 363 648; x_wconf 93' lang='lat'>,</span> <span class='ocrx_word' id='word_1_78' title='bbox 386 607 444 650; x_wconf 81' lang='lat' dir='ltr'><em>sed</em></span> <span class='ocrx_word' id='word_1_79' title='bbox 463 608 542 649; x_wconf 87' lang='lat' dir='ltr'><em>quod</em></span> <span class='ocrx_word' id='word_1_80' title='bbox 572 607 667 639; x_wconf 76' lang='lat' dir='ltr'><em>beatis</em></span> <span class='ocrx_word' id='word_1_81' title='bbox 688 606 756 637; x_wconf 71' lang='lat' dir='ltr'><em>olim</em></span> <span class='ocrx_word' id='word_1_82' title='bbox 778 609 856 638; x_wconf 81' lang='lat' dir='ltr'><em>viris</em></span> <span class='ocrx_word' id='word_1_83' title='bbox 877 609 909 635; x_wconf 75' lang='lat' dir='ltr'><em>tn</em></span> <span class='ocrx_word' id='word_1_84' title='bbox 927 614 1001 636; x_wconf 88' lang='lat' dir='ltr'><em>more</em></span> <span class='ocrx_word' id='word_1_85' title='bbox 1021 601 1145 643; x_wconf 81' lang='lat' dir='ltr'><em>pofitum</em></span> 
     </span>
     <span class='ocr_line' id='line_1_12' title="bbox 258 650 1143 703; baseline -0.011 -11"><span class='ocrx_word' id='word_1_86' title='bbox 258 661 326 703; x_wconf 77' lang='lat' dir='ltr'><em>suit</em></span> <span class='ocrx_word' id='word_1_87' title='bbox 353 682 363 698; x_wconf 93' lang='lat'>,</span> <span class='ocrx_word' id='word_1_88' title='bbox 389 659 423 691; x_wconf 61' lang='grc' dir='ltr'><em>ὡ·</em></span> <span class='ocrx_word' id='word_1_89' title='bbox 442 663 570 690; x_wconf 85' lang='lat' dir='ltr'><em>omnium</em></span> <span class='ocrx_word' id='word_1_90' title='bbox 591 661 623 687; x_wconf 85' lang='lat' dir='ltr'><em>in</em></span> <span class='ocrx_word' id='word_1_91' title='bbox 641 660 752 697; x_wconf 81' lang='lat' dir='ltr'><em>primis</em></span> <span class='ocrx_word' id='word_1_92' title='bbox 772 654 929 695; x_wconf 77' lang='lat' dir='ltr'><em>familiare</em></span> <span class='ocrx_word' id='word_1_93' title='bbox 954 652 1038 685; x_wconf 84' lang='lat' dir='ltr'><em>vobis</em></span> <span class='ocrx_word' id='word_1_94' title='bbox 1057 650 1143 692; x_wconf 85' lang='lat' dir='ltr'><em>ipfis.</em></span> 
     </span>
     <span class='ocr_line' id='line_1_13' title="bbox 265 700 1146 747; baseline -0.012 -5"><span class='ocrx_word' id='word_1_95' title='bbox 265 714 419 742; x_wconf 79' lang='lat' dir='ltr'><em>Novimus</em></span> <span class='ocrx_word' id='word_1_96' title='bbox 430 714 508 740; x_wconf 84' lang='lat' dir='ltr'><em>enim</em></span> <span class='ocrx_word' id='word_1_97' title='bbox 515 712 632 747; x_wconf 80' lang='lat' dir='ltr'><em>partim</em></span> <span class='ocrx_word' id='word_1_98' title='bbox 644 705 777 746; x_wconf 81' lang='lat' dir='ltr'><em>beneficio</em></span> <span class='ocrx_word' id='word_1_99' title='bbox 798 710 943 736; x_wconf 81' lang='lat' dir='ltr'><em>memoriae</em></span> <span class='ocrx_word' id='word_1_100' title='bbox 954 710 1007 743; x_wconf 83' lang='lat' dir='ltr'><em>per</em></span> <span class='ocrx_word' id='word_1_101' title='bbox 1013 700 1146 743; x_wconf 83' lang='lat' dir='ltr'><em>succeffio-</em></span> 
     </span>
     <span class='ocr_line' id='line_1_14' title="bbox 266 753 1146 793; baseline -0.013 -1"><span class='ocrx_word' id='word_1_102' title='bbox 266 771 331 793; x_wconf 84' lang='lat' dir='ltr'><em>nem</em></span> <span class='ocrx_word' id='word_1_103' title='bbox 352 769 451 791; x_wconf 85' lang='lat' dir='ltr'><em>rerum</em></span> <span class='ocrx_word' id='word_1_104' title='bbox 472 759 491 789; x_wconf 79' lang='grc' dir='ltr'><em>ᾶ</em></span> <span class='ocrx_word' id='word_1_105' title='bbox 505 756 646 789; x_wconf 82' lang='lat' dir='ltr'><em>Patribus</em></span> <span class='ocrx_word' id='word_1_106' title='bbox 668 758 712 787; x_wconf 87' lang='lat' dir='ltr'><em>ad</em></span> <span class='ocrx_word' id='word_1_107' title='bbox 735 766 786 786; x_wconf 84' lang='lat' dir='ltr'><em>nos</em></span> <span class='ocrx_word' id='word_1_108' title='bbox 800 753 1009 790; x_wconf 73' lang='lat' dir='ltr'><em>deduc‘larum,</em></span> <span class='ocrx_word' id='word_1_109' title='bbox 1031 756 1146 791; x_wconf 84' lang='lat' dir='ltr'><em>partim</em></span> 
     </span>
     <span class='ocr_line' id='line_1_15' title="bbox 259 800 1146 851; baseline -0.009 -11"><span class='ocrx_word' id='word_1_110' title='bbox 259 819 318 851; x_wconf 82' lang='lat' dir='ltr'><em>per</em></span> <span class='ocrx_word' id='word_1_111' title='bbox 330 811 448 840; x_wconf 77' lang='lat' dir='ltr'><em>litteras</em></span> <span class='ocrx_word' id='word_1_112' title='bbox 460 806 551 840; x_wconf 68' lang='lat' dir='ltr'><em>edoc‘la·</em></span> <span class='ocrx_word' id='word_1_113' title='bbox 570 806 763 847; x_wconf 75' lang='lat' dir='ltr'><em>intelligimus</em></span> <span class='ocrx_word' id='word_1_114' title='bbox 775 829 785 842; x_wconf 87' lang='lat'>,</span> <span class='ocrx_word' id='word_1_115' title='bbox 813 814 878 844; x_wconf 80' lang='lat' dir='ltr'><em>quae</em></span> <span class='ocrx_word' id='word_1_116' title='bbox 895 800 966 844; x_wconf 85' lang='lat' dir='ltr'><em>sunt</em></span> <span class='ocrx_word' id='word_1_117' title='bbox 985 807 1146 833; x_wconf 70' lang='lat' dir='ltr'><em>etiamnum</em></span> 
     </span>
     <span class='ocr_line' id='line_1_16' title="bbox 264 850 1146 898; baseline -0.008 -9"><span class='ocrx_word' id='word_1_118' title='bbox 264 858 349 898; x_wconf 85' lang='lat' dir='ltr'><em>apud</em></span> <span class='ocrx_word' id='word_1_119' title='bbox 372 868 424 888; x_wconf 86' lang='lat' dir='ltr'><em>nos</em></span> <span class='ocrx_word' id='word_1_120' title='bbox 452 855 598 894; x_wconf 65' lang='lat' dir='ltr'><em>custodita:</em></span> <span class='ocrx_word' id='word_1_121' title='bbox 620 879 630 893; x_wconf 89' lang='lat'>‚</span> <span class='ocrx_word' id='word_1_122' title='bbox 659 851 820 892; x_wconf 72' lang='lat' dir='ltr'><em>Dronyfium</em></span> <span class='ocrx_word' id='word_1_123' title='bbox 846 853 928 883; x_wconf 75' lang='lat' dir='ltr'><em>illum</em></span> <span class='ocrx_word' id='word_1_124' title='bbox 958 850 1146 890; x_wconf 84' lang='lat' dir='ltr'><em>beatiffimum</em></span> 
     </span>
     <span class='ocr_line' id='line_1_17' title="bbox 265 901 1146 950; baseline -0.008 -11"><span class='ocrx_word' id='word_1_125' title='bbox 265 905 467 950; x_wconf 79' lang='lat' dir='ltr'><em>Episcopum,</em></span> <span class='ocrx_word' id='word_1_126' title='bbox 493 910 544 946; x_wconf 78' lang='lat' dir='ltr'><em>qui</em></span> <span class='ocrx_word' id='word_1_127' title='bbox 569 904 639 935; x_wconf 78' lang='lat' dir='ltr'><em>oltm</em></span> <span class='ocrx_word' id='word_1_128' title='bbox 660 904 747 944; x_wconf 80' lang='lat' dir='ltr'><em>apud</em></span> <span class='ocrx_word' id='word_1_129' title='bbox 765 913 818 934; x_wconf 83' lang='lat' dir='ltr'><em>vos</em></span> <span class='ocrx_word' id='word_1_130' title='bbox 839 901 1037 934; x_wconf 81' lang='lat' dir='ltr'><em>celeberrimus</em></span> <span class='ocrx_word' id='word_1_131' title='bbox 1058 910 1146 940; x_wconf 85' lang='lat' dir='ltr'><em>erat,</em></span> 
     </span>
     <span class='ocr_line' id='line_1_18' title="bbox 265 952 1147 997; baseline -0.008 -6"><span class='ocrx_word' id='word_1_132' title='bbox 265 968 329 991; x_wconf 84' lang='lat' dir='ltr'><em>tum</em></span> <span class='ocrx_word' id='word_1_133' title='bbox 349 953 626 997; x_wconf 81' lang='lat' dir='ltr'><em>obfidemfinceram</em></span> <span class='ocrx_word' id='word_1_134' title='bbox 646 977 656 992; x_wconf 93' lang='lat'>,</span> <span class='ocrx_word' id='word_1_135' title='bbox 683 962 746 984; x_wconf 88' lang='lat' dir='ltr'><em>tum</em></span> <span class='ocrx_word' id='word_1_136' title='bbox 770 961 901 984; x_wconf 74' lang='lat' dir='ltr'><em>vtrtutes</em></span> <span class='ocrx_word' id='word_1_137' title='bbox 925 952 1052 993; x_wconf 78' lang='lat' dir='ltr'><em>reliquas</em></span> <span class='ocrx_word' id='word_1_138' title='bbox 1070 962 1147 994; x_wconf 86' lang='lat' dir='ltr'><em>egre-</em></span> 
     </span>
     <span class='ocr_line' id='line_1_19' title="bbox 260 999 1147 1050; baseline -0.006 -12"><span class='ocrx_word' id='word_1_139' title='bbox 260 1013 330 1050; x_wconf 75' lang='lat' dir='ltr'><em>gias</em></span> <span class='ocrx_word' id='word_1_140' title='bbox 343 1031 353 1045; x_wconf 90' lang='lat'>,</span> <span class='ocrx_word' id='word_1_141' title='bbox 376 1015 432 1047; x_wconf 88' lang='lat' dir='ltr'><em>per</em></span> <span class='ocrx_word' id='word_1_142' title='bbox 439 1007 556 1037; x_wconf 81' lang='lat' dir='ltr'><em>litteras</em></span> <span class='ocrx_word' id='word_1_143' title='bbox 568 1001 641 1045; x_wconf 81' lang='lat' dir='ltr'><em>suas</em></span> <span class='ocrx_word' id='word_1_144' title='bbox 657 1000 815 1041; x_wconf 72' lang='lat' dir='ltr'><em>Ecclesiam</em></span> <span class='ocrx_word' id='word_1_145' title='bbox 839 1000 964 1040; x_wconf 85' lang='lat' dir='ltr'><em>nostram</em></span> <span class='ocrx_word' id='word_1_146' title='bbox 981 999 1147 1043; x_wconf 83' lang='lat' dir='ltr'><em>Caesareen-</em></span> 
     </span>
     <span class='ocr_line' id='line_1_20' title="bbox 260 1049 1146 1099; baseline -0.003 -13"><span class='ocrx_word' id='word_1_147' title='bbox 260 1056 323 1099; x_wconf 85' lang='lat' dir='ltr'><em>sem</em></span> <span class='ocrx_word' id='word_1_148' title='bbox 333 1055 455 1097; x_wconf 69' lang='lat' dir='ltr'><em>curasse,</em></span> <span class='ocrx_word' id='word_1_149' title='bbox 482 1053 633 1095; x_wconf 78' lang='lat' dir='ltr'><em>mififfeque</em></span> <span class='ocrx_word' id='word_1_150' title='bbox 661 1051 715 1084; x_wconf 87' lang='lat' dir='ltr'><em>buc</em></span> <span class='ocrx_word' id='word_1_151' title='bbox 736 1053 773 1084; x_wconf 88' lang='lat' dir='ltr'><em>de</em></span> <span class='ocrx_word' id='word_1_152' title='bbox 790 1049 878 1094; x_wconf 82' lang='lat' dir='ltr'><em>suis,</em></span> <span class='ocrx_word' id='word_1_153' title='bbox 903 1057 954 1093; x_wconf 82' lang='lat' dir='ltr'><em>qui</em></span> <span class='ocrx_word' id='word_1_154' title='bbox 969 1050 1090 1092; x_wconf 84' lang='lat' dir='ltr'><em>fratres</em></span> <span class='ocrx_word' id='word_1_155' title='bbox 1113 1052 1146 1084; x_wconf 76' lang='lat' dir='ltr'><em>lt-</em></span> 
     </span>
     <span class='ocr_line' id='line_1_21' title="bbox 264 1101 1147 1144; baseline -0.006 -6"><span class='ocrx_word' id='word_1_156' title='bbox 264 1108 379 1138; x_wconf 77' lang='lat' dir='ltr'><em>beraret</em></span> <span class='ocrx_word' id='word_1_157' title='bbox 403 1106 422 1136; x_wconf 81' lang='grc' dir='ltr'><em>ᾶ</em></span> <span class='ocrx_word' id='word_1_158' title='bbox 444 1109 640 1144; x_wconf 70' lang='lat' dir='ltr'><em>captivitate.</em></span> <span class='ocrx_word' id='word_1_159' title='bbox 670 1103 731 1134; x_wconf 82' lang='lat' dir='ltr'><em>Hae</em></span> <span class='ocrx_word' id='word_1_160' title='bbox 758 1112 873 1135; x_wconf 84' lang='lat' dir='ltr'><em>omnes</em></span> <span class='ocrx_word' id='word_1_161' title='bbox 893 1101 1004 1134; x_wconf 76' lang='lat' dir='ltr'><em>litterae</em></span> <span class='ocrx_word' id='word_1_162' title='bbox 1026 1101 1147 1144; x_wconf 70' lang='lat' dir='ltr'><em>scriptae</em></span> 
     </span>
     <span class='ocr_line' id='line_1_22' title="bbox 263 1150 1146 1194; baseline -0.007 -6"><span class='ocrx_word' id='word_1_163' title='bbox 263 1154 388 1188; x_wconf 84' lang='lat' dir='ltr'><em>suntad</em></span> <span class='ocrx_word' id='word_1_164' title='bbox 402 1153 583 1187; x_wconf 68' lang='lat' dir='ltr'><em>Damasum</em></span> <span class='ocrx_word' id='word_1_165' title='bbox 599 1152 795 1185; x_wconf 78' lang='lat' dir='ltr'><em>Pontificem</em></span> <span class='ocrx_word' id='word_1_166' title='bbox 810 1175 820 1190; x_wconf 88' lang='lat'>‚</span> <span class='ocrx_word' id='word_1_167' title='bbox 848 1152 918 1194; x_wconf 87' lang='lat' dir='ltr'><em>post</em></span> <span class='ocrx_word' id='word_1_168' title='bbox 932 1150 1061 1183; x_wconf 83' lang='lat' dir='ltr'>Paulini</span> <span class='ocrx_word' id='word_1_169' title='bbox 1077 1162 1146 1193; x_wconf 88' lang='lat' dir='ltr'><em>pro-</em></span> 
     </span>
     <span class='ocr_line' id='line_1_23' title="bbox 263 1200 1145 1243; baseline -0.006 -5"><span class='ocrx_word' id='word_1_170' title='bbox 263 1204 446 1238; x_wconf 75' lang='lat' dir='ltr'><em>morionem</em></span> <span class='ocrx_word' id='word_1_171' title='bbox 459 1228 468 1242; x_wconf 88' lang='lat'>,</span> <span class='ocrx_word' id='word_1_172' title='bbox 495 1202 639 1236; x_wconf 79' lang='lat' dir='ltr'><em>obnatas</em></span> <span class='ocrx_word' id='word_1_173' title='bbox 652 1202 701 1235; x_wconf 88' lang='lat' dir='ltr'><em>vel</em></span> <span class='ocrx_word' id='word_1_174' title='bbox 718 1202 803 1234; x_wconf 73' lang='lat' dir='ltr'><em>certe</em></span> <span class='ocrx_word' id='word_1_175' title='bbox 818 1203 926 1234; x_wconf 73' lang='lat' dir='ltr'><em>austas</em></span> <span class='ocrx_word' id='word_1_176' title='bbox 950 1201 990 1234; x_wconf 87' lang='lat' dir='ltr'><em>ab</em></span> <span class='ocrx_word' id='word_1_177' title='bbox 1004 1200 1070 1243; x_wconf 87' lang='lat' dir='ltr'><em>ipsa</em></span> <span class='ocrx_word' id='word_1_178' title='bbox 1084 1210 1145 1233; x_wconf 82' lang='lat' dir='ltr'><em>tur-</em></span> 
     </span>
     <span class='ocr_line' id='line_1_24' title="bbox 264 1251 1144 1293; baseline -0.007 -5"><span class='ocrx_word' id='word_1_179' title='bbox 264 1255 338 1288; x_wconf 86' lang='lat' dir='ltr'><em>bas.</em></span> <span class='ocrx_word' id='word_1_180' title='bbox 368 1255 502 1287; x_wconf 89' lang='lat' dir='ltr'>Etenim</span> <span class='ocrx_word' id='word_1_181' title='bbox 517 1253 675 1285; x_wconf 84' lang='lat' dir='ltr'><em>Paulinus</em></span> <span class='ocrx_word' id='word_1_182' title='bbox 692 1252 724 1285; x_wconf 89' lang='lat'>&amp;</span> <span class='ocrx_word' id='word_1_183' title='bbox 739 1252 898 1285; x_wconf 82' lang='lat' dir='ltr'>Damasus</span> <span class='ocrx_word' id='word_1_184' title='bbox 909 1251 981 1284; x_wconf 86' lang='lat' dir='ltr'><em>sunt</em></span> <span class='ocrx_word' id='word_1_185' title='bbox 1003 1253 1144 1293; x_wconf 78' lang='lat' dir='ltr'><em>promoti</em></span> 
     </span>
     <span class='ocr_line' id='line_1_25' title="bbox 263 1301 1145 1340; baseline -0.006 -2"><span class='ocrx_word' id='word_1_186' title='bbox 263 1305 381 1340; x_wconf 87' lang='lat' dir='ltr'><em>eodem</em></span> <span class='ocrx_word' id='word_1_187' title='bbox 405 1315 512 1337; x_wconf 81' lang='lat' dir='ltr'><em>anno.</em></span> <span class='ocrx_word' id='word_1_188' title='bbox 539 1303 583 1336; x_wconf 85' lang='lat' dir='ltr'><em>Et</em></span> <span class='ocrx_word' id='word_1_189' title='bbox 595 1303 712 1335; x_wconf 87' lang='lat' dir='ltr'><em>eodem</em></span> <span class='ocrx_word' id='word_1_190' title='bbox 737 1313 827 1337; x_wconf 83' lang='lat' dir='ltr'><em>anno</em></span> <span class='ocrx_word' id='word_1_191' title='bbox 847 1301 1005 1334; x_wconf 82' lang='lat' dir='ltr'>Eusebius</span> <span class='ocrx_word' id='word_1_192' title='bbox 1017 1301 1145 1334; x_wconf 65' lang='lat' dir='ltr'><em>Vercel-</em></span> 
     </span>
     <span class='ocr_line' id='line_1_26' title="bbox 265 1351 1145 1396; baseline -0.006 -8"><span class='ocrx_word' id='word_1_193' title='bbox 265 1355 359 1388; x_wconf 85' lang='lat' dir='ltr'><em>lenfis</em></span> <span class='ocrx_word' id='word_1_194' title='bbox 386 1354 565 1396; x_wconf 85' lang='lat' dir='ltr'><strong>Episcopus</strong></span> <span class='ocrx_word' id='word_1_195' title='bbox 590 1363 627 1385; x_wconf 89' lang='lat' dir='ltr'><em>ac</em></span> <span class='ocrx_word' id='word_1_196' title='bbox 651 1352 719 1394; x_wconf 82' lang='lat' dir='ltr'><em>ejus</em></span> <span class='ocrx_word' id='word_1_197' title='bbox 738 1351 878 1395; x_wconf 81' lang='lat' dir='ltr'>Collega</span> <span class='ocrx_word' id='word_1_198' title='bbox 896 1351 1028 1384; x_wconf 73' lang='lat' dir='ltr'><em>Lucifer</em></span> <span class='ocrx_word' id='word_1_199' title='bbox 1049 1351 1145 1383; x_wconf 81' lang='lat' dir='ltr'><em>redie—</em></span> 
     </span>
     <span class='ocr_line' id='line_1_27' title="bbox 264 1401 1145 1440; baseline -0.006 -4"><span class='ocrx_word' id='word_1_200' title='bbox 264 1415 340 1439; x_wconf 87' lang='lat' dir='ltr'><em>runt</em></span> <span class='ocrx_word' id='word_1_201' title='bbox 355 1406 387 1438; x_wconf 86' lang='lat' dir='ltr'><em>in</em></span> <span class='ocrx_word' id='word_1_202' title='bbox 413 1405 562 1437; x_wconf 83' lang='lat' dir='ltr'><em>ltaliam.</em></span> <span class='ocrx_word' id='word_1_203' title='bbox 591 1403 642 1436; x_wconf 87' lang='lat' dir='ltr'><em>Ex</em></span> <span class='ocrx_word' id='word_1_204' title='bbox 663 1402 765 1435; x_wconf 82' lang='lat' dir='ltr'><em>exilio</em></span> <span class='ocrx_word' id='word_1_205' title='bbox 781 1426 790 1440; x_wconf 90' lang='lat'>,</span> <span class='ocrx_word' id='word_1_206' title='bbox 817 1402 849 1435; x_wconf 89' lang='lat'>&amp;</span> <span class='ocrx_word' id='word_1_207' title='bbox 870 1412 936 1435; x_wconf 92' lang='lat' dir='ltr'><em>non</em></span> <span class='ocrx_word' id='word_1_208' title='bbox 961 1412 1002 1434; x_wconf 86' lang='lat' dir='ltr'><em>ex</em></span> <span class='ocrx_word' id='word_1_209' title='bbox 1025 1401 1145 1434; x_wconf 84' lang='lat' dir='ltr'><em>exilio.</em></span> 
     </span>
     <span class='ocr_line' id='line_1_28' title="bbox 265 1450 1147 1497; baseline -0.003 -11"><span class='ocrx_word' id='word_1_210' title='bbox 265 1455 399 1488; x_wconf 86' lang='lat' dir='ltr'>Etenim</span> <span class='ocrx_word' id='word_1_211' title='bbox 414 1454 554 1497; x_wconf 86' lang='lat' dir='ltr'><em>ipsorum</em></span> <span class='ocrx_word' id='word_1_212' title='bbox 566 1450 1147 1495; x_wconf 81' lang='lat' dir='ltr'><em>proscriptorConstantiusAugustus</em></span> 
     </span>
     <span class='ocr_line' id='line_1_29' title="bbox 263 1501 1147 1545; baseline -0.003 -8"><span class='ocrx_word' id='word_1_213' title='bbox 263 1505 348 1538; x_wconf 85' lang='lat' dir='ltr'><em>obiit</em></span> <span class='ocrx_word' id='word_1_214' title='bbox 371 1504 461 1536; x_wconf 87' lang='lat' dir='ltr'>istius</span> <span class='ocrx_word' id='word_1_215' title='bbox 484 1503 587 1536; x_wconf 82' lang='lat' dir='ltr'><em>saeculi</em></span> <span class='ocrx_word' id='word_1_216' title='bbox 609 1513 699 1535; x_wconf 82' lang='lat' dir='ltr'><em>anno</em></span> <span class='ocrx_word' id='word_1_217' title='bbox 726 1501 921 1545; x_wconf 69' lang='lat' dir='ltr'><em>sexagesimo</em></span> <span class='ocrx_word' id='word_1_218' title='bbox 946 1502 1052 1544; x_wconf 74' lang='lat' dir='ltr'><em>primo</em></span> <span class='ocrx_word' id='word_1_219' title='bbox 1078 1523 1088 1539; x_wconf 93' lang='lat'>,</span> <span class='ocrx_word' id='word_1_220' title='bbox 1114 1501 1147 1534; x_wconf 74' lang='grc' dir='ltr'><em>ὅ(</em></span> 
     </span>
    </p>
   </div>
   <div class='ocr_carea' id='block_1_7' title="bbox 263 1551 1151 1596">
    <p class='ocr_par' dir='ltr' id='par_1_7' title="bbox 263 1551 1151 1596">
     <span class='ocr_line' id='line_1_30' title="bbox 263 1551 1151 1596; baseline -0.006 -9"><span class='ocrx_word' id='word_1_221' title='bbox 263 1553 331 1595; x_wconf 79' lang='lat' dir='ltr'><em>ejus</em></span> <span class='ocrx_word' id='word_1_222' title='bbox 353 1554 517 1587; x_wconf 82' lang='lat' dir='ltr'><strong>Successor</strong></span> <span class='ocrx_word' id='word_1_223' title='bbox 540 1552 686 1596; x_wconf 80' lang='lat' dir='ltr'><em>Julianus</em></span> <span class='ocrx_word' id='word_1_224' title='bbox 710 1552 816 1584; x_wconf 82' lang='lat' dir='ltr'><em>statim</em></span> <span class='ocrx_word' id='word_1_225' title='bbox 837 1552 950 1584; x_wconf 86' lang='lat' dir='ltr'><em>omnia</em></span> <span class='ocrx_word' id='word_1_226' title='bbox 975 1551 1151 1593; x_wconf 79' lang='lat' dir='ltr'><em>Episcopa-</em></span> 
     </span>
    </p>
   </div>
   <div class='ocr_carea' id='block_1_8' title="bbox 261 1599 1148 1983">
    <p class='ocr_par' dir='ltr' id='par_1_8' title="bbox 261 1599 1148 1983">
     <span class='ocr_line' id='line_1_31' title="bbox 262 1599 1147 1636; baseline -0.002 -1"><span class='ocrx_word' id='word_1_227' title='bbox 262 1604 344 1636; x_wconf 80' lang='lat' dir='ltr'><em>lium</em></span> <span class='ocrx_word' id='word_1_228' title='bbox 368 1603 542 1636; x_wconf 84' lang='lat' dir='ltr'><em>exiliorum</em></span> <span class='ocrx_word' id='word_1_229' title='bbox 562 1602 801 1636; x_wconf 82' lang='lat' dir='ltr'><em>Constantiana</em></span> <span class='ocrx_word' id='word_1_230' title='bbox 829 1601 940 1634; x_wconf 67' lang='lat' dir='ltr'><em>Edicta</em></span> <span class='ocrx_word' id='word_1_231' title='bbox 968 1599 1147 1634; x_wconf 80' lang='lat' dir='ltr'><em>circumdu-</em></span> 
     </span>
     <span class='ocr_line' id='line_1_32' title="bbox 261 1651 1146 1694; baseline -0.005 -9"><span class='ocrx_word' id='word_1_232' title='bbox 261 1653 329 1686; x_wconf 87' lang='lat' dir='ltr'><em>xit.</em></span> <span class='ocrx_word' id='word_1_233' title='bbox 359 1651 402 1684; x_wconf 87' lang='lat' dir='ltr'><em>Et</em></span> <span class='ocrx_word' id='word_1_234' title='bbox 425 1663 514 1684; x_wconf 82' lang='lat' dir='ltr'><em>anno</em></span> <span class='ocrx_word' id='word_1_235' title='bbox 539 1651 735 1694; x_wconf 76' lang='lat' dir='ltr'><em>sexagesimo</em></span> <span class='ocrx_word' id='word_1_236' title='bbox 761 1661 876 1692; x_wconf 84' lang='lat' dir='ltr'><em>quarto</em></span> <span class='ocrx_word' id='word_1_237' title='bbox 901 1662 1033 1694; x_wconf 85' lang='lat' dir='ltr'><em>regnare</em></span> <span class='ocrx_word' id='word_1_238' title='bbox 1047 1651 1146 1690; x_wconf 88' lang='lat' dir='ltr'><em>coepit</em></span> 
     </span>
     <span class='ocr_line' id='line_1_33' title="bbox 262 1698 1148 1743; baseline -0.006 -8"><span class='ocrx_word' id='word_1_239' title='bbox 262 1700 683 1743; x_wconf 80' lang='lat' dir='ltr'><em>orthodoxusJovinianus</em></span> <span class='ocrx_word' id='word_1_240' title='bbox 697 1724 707 1739; x_wconf 89' lang='lat'>,</span> <span class='ocrx_word' id='word_1_241' title='bbox 734 1699 767 1733; x_wconf 77' lang='grc' dir='ltr'><em>δε</em></span> <span class='ocrx_word' id='word_1_242' title='bbox 782 1700 889 1731; x_wconf 88' lang='lat' dir='ltr'><em>statim</em></span> <span class='ocrx_word' id='word_1_243' title='bbox 902 1700 971 1741; x_wconf 86' lang='lat' dir='ltr'><em>post</em></span> <span class='ocrx_word' id='word_1_244' title='bbox 987 1698 1075 1731; x_wconf 84' lang='lat' dir='ltr'><em>hunc</em></span> <span class='ocrx_word' id='word_1_245' title='bbox 1088 1702 1148 1733; x_wconf 83' lang='lat' dir='ltr'><em>Or·</em></span> 
     </span>
     <span class='ocr_line' id='line_1_34' title="bbox 262 1748 1148 1791; baseline -0.003 -7"><span class='ocrx_word' id='word_1_246' title='bbox 262 1750 718 1789; x_wconf 73' lang='lat' dir='ltr'><em>thodoxusValentinianus‚</em></span> <span class='ocrx_word' id='word_1_247' title='bbox 746 1759 844 1791; x_wconf 83' lang='lat' dir='ltr'><em>atque</em></span> <span class='ocrx_word' id='word_1_248' title='bbox 865 1750 908 1782; x_wconf 87' lang='lat' dir='ltr'><em>ita</em></span> <span class='ocrx_word' id='word_1_249' title='bbox 936 1748 1091 1781; x_wconf 84' lang='lat' dir='ltr'><em>Eusebius</em></span> <span class='ocrx_word' id='word_1_250' title='bbox 1114 1749 1148 1781; x_wconf 72' lang='grc' dir='ltr'><em>ὅ(</em></span> 
     </span>
     <span class='ocr_line' id='line_1_35' title="bbox 263 1796 1148 1843; baseline -0.005 -9"><span class='ocrx_word' id='word_1_251' title='bbox 263 1801 396 1835; x_wconf 75' lang='lat' dir='ltr'>Lucifer</span> <span class='ocrx_word' id='word_1_252' title='bbox 416 1810 505 1832; x_wconf 85' lang='lat' dir='ltr'><em>anno</em></span> <span class='ocrx_word' id='word_1_253' title='bbox 528 1799 722 1843; x_wconf 73' lang='lat' dir='ltr'><em>sexagesimo</em></span> <span class='ocrx_word' id='word_1_254' title='bbox 746 1799 838 1831; x_wconf 85' lang='lat' dir='ltr'><em>sexto</em></span> <span class='ocrx_word' id='word_1_255' title='bbox 860 1821 871 1837; x_wconf 89' lang='lat'>‚</span> <span class='ocrx_word' id='word_1_256' title='bbox 899 1808 965 1840; x_wconf 85' lang='lat' dir='ltr'><em>quo</em></span> <span class='ocrx_word' id='word_1_257' title='bbox 987 1796 1148 1830; x_wconf 72' lang='lat' dir='ltr'><em>redierunt</em></span> 
     </span>
     <span class='ocr_line' id='line_1_36' title="bbox 262 1846 1147 1891; baseline -0.005 -8"><span class='ocrx_word' id='word_1_258' title='bbox 262 1851 296 1883; x_wconf 83' lang='lat' dir='ltr'><em>in</em></span> <span class='ocrx_word' id='word_1_259' title='bbox 308 1851 376 1883; x_wconf 81' lang='lat' dir='ltr'><em>suas</em></span> <span class='ocrx_word' id='word_1_260' title='bbox 389 1849 543 1883; x_wconf 70' lang='lat' dir='ltr'><em>Ecclesias</em></span> <span class='ocrx_word' id='word_1_261' title='bbox 554 1873 564 1889; x_wconf 88' lang='lat'><strong>,</strong></span> <span class='ocrx_word' id='word_1_262' title='bbox 590 1849 653 1891; x_wconf 74' lang='lat' dir='ltr'><em>jam</em></span> <span class='ocrx_word' id='word_1_263' title='bbox 677 1848 800 1882; x_wconf 85' lang='lat' dir='ltr'><em>dudum</em></span> <span class='ocrx_word' id='word_1_264' title='bbox 815 1858 907 1881; x_wconf 74' lang='lat' dir='ltr'><em>erant</em></span> <span class='ocrx_word' id='word_1_265' title='bbox 923 1846 1010 1879; x_wconf 83' lang='lat' dir='ltr'><em>liberi</em></span> <span class='ocrx_word' id='word_1_266' title='bbox 1028 1846 1067 1880; x_wconf 88' lang='lat' dir='ltr'><em>ab</em></span> <span class='ocrx_word' id='word_1_267' title='bbox 1081 1846 1147 1879; x_wconf 80' lang='lat' dir='ltr'><em>exi-</em></span> 
     </span>
     <span class='ocr_line' id='line_1_37' title="bbox 262 1896 1148 1942; baseline -0.005 -10"><span class='ocrx_word' id='word_1_268' title='bbox 262 1899 309 1932; x_wconf 86' lang='lat' dir='ltr'><em>lio</em></span> <span class='ocrx_word' id='word_1_269' title='bbox 321 1924 328 1931; x_wconf 93' lang='lat'><strong><em>.</em></strong></span> <span class='ocrx_word' id='word_1_270' title='bbox 357 1899 425 1932; x_wconf 88' lang='lat' dir='ltr'><em>Cur</em></span> <span class='ocrx_word' id='word_1_271' title='bbox 439 1898 540 1942; x_wconf 87' lang='lat' dir='ltr'><em>igitur</em></span> <span class='ocrx_word' id='word_1_272' title='bbox 556 1898 686 1931; x_wconf 84' lang='lat' dir='ltr'><em>tamdiu</em></span> <span class='ocrx_word' id='word_1_273' title='bbox 700 1896 856 1930; x_wconf 69' lang='lat' dir='ltr'><em>haeserunt</em></span> <span class='ocrx_word' id='word_1_274' title='bbox 870 1898 902 1929; x_wconf 87' lang='lat' dir='ltr'><em>in</em></span> <span class='ocrx_word' id='word_1_275' title='bbox 918 1898 1077 1935; x_wconf 80' lang='lat' dir='ltr'>Oriente,</span> <span class='ocrx_word' id='word_1_276' title='bbox 1091 1907 1148 1929; x_wconf 91' lang='lat' dir='ltr'><em>cur</em></span> 
     </span>
     <span class='ocr_line' id='line_1_38' title="bbox 262 1944 1145 1983; baseline -0.006 -1"><span class='ocrx_word' id='word_1_277' title='bbox 262 1950 334 1983; x_wconf 86' lang='lat' dir='ltr'><em>suas</em></span> <span class='ocrx_word' id='word_1_278' title='bbox 356 1959 434 1981; x_wconf 84' lang='lat' dir='ltr'><em>oves</em></span> <span class='ocrx_word' id='word_1_279' title='bbox 448 1958 512 1981; x_wconf 85' lang='lat' dir='ltr'><em>tam</em></span> <span class='ocrx_word' id='word_1_280' title='bbox 538 1947 595 1980; x_wconf 88' lang='lat' dir='ltr'><em>diu</em></span> <span class='ocrx_word' id='word_1_281' title='bbox 620 1946 853 1980; x_wconf 84' lang='lat' dir='ltr'><em>deseruerunt?</em></span> <span class='ocrx_word' id='word_1_282' title='bbox 882 1944 979 1979; x_wconf 72' lang='lat' dir='ltr'><em>Certe</em></span> <span class='ocrx_word' id='word_1_283' title='bbox 1002 1945 1065 1978; x_wconf 77' lang='lat' dir='ltr'><em>alia</em></span> <span class='ocrx_word' id='word_1_284' title='bbox 1079 1956 1145 1978; x_wconf 90' lang='lat' dir='ltr'><em>non</em></span> 
     </span>
    </p>
   </div>
   <div class='ocr_carea' id='block_1_9' title="bbox 1161 1881 1166 1981">
    <p class='ocr_par' dir='ltr' id='par_1_9' title="bbox 1161 1881 1166 1981">
     <span class='ocr_line' id='line_1_39' title="bbox 1161 1881 1166 1981; baseline 0 1775"><span class='ocrx_word' id='word_1_285' title='bbox 1161 1881 1166 1981; x_wconf 95' lang='lat' dir='ltr'><em> </em></span> 
     </span>
    </p>
   </div>
   <div class='ocr_carea' id='block_1_10' title="bbox 1194 1641 1198 1760">
    <p class='ocr_par' dir='ltr' id='par_1_10' title="bbox 1194 1641 1198 1760">
     <span class='ocr_line' id='line_1_40' title="bbox 1194 1641 1198 1760; baseline 0 1996"><span class='ocrx_word' id='word_1_286' title='bbox 1194 1641 1198 1760; x_wconf 95' lang='lat' dir='ltr'><em> </em></span> 
     </span>
    </p>
   </div>
   <div class='ocr_carea' id='block_1_11' title="bbox 1207 300 2091 1500">
    <p class='ocr_par' dir='ltr' id='par_1_11' title="bbox 1207 300 2091 1500">
     <span class='ocr_line' id='line_1_41' title="bbox 1214 300 2085 351; baseline 0.011 -18"><span class='ocrx_word' id='word_1_287' title='bbox 1214 301 1404 343; x_wconf 77' lang='lat' dir='ltr'><em>profitentur</em></span> <span class='ocrx_word' id='word_1_288' title='bbox 1417 300 1481 334; x_wconf 82' lang='lat' dir='ltr'><em>haec</em></span> <span class='ocrx_word' id='word_1_289' title='bbox 1491 302 1641 334; x_wconf 74' lang='lat' dir='ltr'><em>effefaeta</em></span> <span class='ocrx_word' id='word_1_290' title='bbox 1654 305 1694 336; x_wconf 86' lang='lat' dir='ltr'><em>ad</em></span> <span class='ocrx_word' id='word_1_291' title='bbox 1711 308 1779 339; x_wconf 86' lang='lat' dir='ltr'><em>suas</em></span> <span class='ocrx_word' id='word_1_292' title='bbox 1803 320 1928 349; x_wconf 82' lang='lat' dir='ltr'><em>preces,</em></span> <span class='ocrx_word' id='word_1_293' title='bbox 1956 309 2085 351; x_wconf 87' lang='lat' dir='ltr'><em>magnis</em></span> 
     </span>
     <span class='ocr_line' id='line_1_42' title="bbox 1213 350 2082 401; baseline 0.007 -17"><span class='ocrx_word' id='word_1_294' title='bbox 1213 350 1379 394; x_wconf 67' lang='lat' dir='ltr'><em>praecoriis</em></span> <span class='ocrx_word' id='word_1_295' title='bbox 1390 361 1508 385; x_wconf 87' lang='lat' dir='ltr'><em>ornant</em></span> <span class='ocrx_word' id='word_1_296' title='bbox 1521 352 1726 396; x_wconf 85' lang='lat' dir='ltr'><em>Agapetum‚</em></span> <span class='ocrx_word' id='word_1_297' title='bbox 1755 366 1792 388; x_wconf 79' lang='lat' dir='ltr'><em>ac</em></span> <span class='ocrx_word' id='word_1_298' title='bbox 1803 357 1841 389; x_wconf 86' lang='lat' dir='ltr'><em>de</em></span> <span class='ocrx_word' id='word_1_299' title='bbox 1854 358 1922 400; x_wconf 90' lang='lat' dir='ltr'><em>ipso</em></span> <span class='ocrx_word' id='word_1_300' title='bbox 1935 369 2082 401; x_wconf 83' lang='lat' dir='ltr'><em>pergunt:</em></span> 
     </span>
     <span class='ocr_line' id='line_1_43' title="bbox 1211 400 2083 447; baseline 0.008 -13"><span class='ocrx_word' id='word_1_301' title='bbox 1211 401 1264 441; x_wconf 79' lang='lat' dir='ltr'><em>Iste</em></span> <span class='ocrx_word' id='word_1_302' title='bbox 1277 401 1453 434; x_wconf 81' lang='lat' dir='ltr'><em>honorabilis</em></span> <span class='ocrx_word' id='word_1_303' title='bbox 1474 407 1548 441; x_wconf 82' lang='lat' dir='ltr'><em>vlr,</em></span> <span class='ocrx_word' id='word_1_304' title='bbox 1571 400 1667 444; x_wconf 81' lang='lat' dir='ltr'><em>sciens</em></span> <span class='ocrx_word' id='word_1_305' title='bbox 1687 410 1744 443; x_wconf 87' lang='lat' dir='ltr'><em>per</em></span> <span class='ocrx_word' id='word_1_306' title='bbox 1760 404 1867 437; x_wconf 73' lang='lat' dir='ltr'><em>libellos</em></span> <span class='ocrx_word' id='word_1_307' title='bbox 1890 410 2083 447; x_wconf 82' lang='lat' dir='ltr'><em>plurimorum</em></span> 
     </span>
     <span class='ocr_line' id='line_1_44' title="bbox 1212 451 2079 498; baseline 0.006 -15"><span class='ocrx_word' id='word_1_308' title='bbox 1212 451 1369 491; x_wconf 83' lang='lat' dir='ltr'><em>nostrorum</em></span> <span class='ocrx_word' id='word_1_309' title='bbox 1383 477 1392 492; x_wconf 86' lang='lat'>‚</span> <span class='ocrx_word' id='word_1_310' title='bbox 1419 462 1454 485; x_wconf 88' lang='lat' dir='ltr'><em>ea</em></span> <span class='ocrx_word' id='word_1_311' title='bbox 1464 453 1642 493; x_wconf 74' lang='lat' dir='ltr'><em>quaeintque</em></span> <span class='ocrx_word' id='word_1_312' title='bbox 1664 462 1764 484; x_wconf 81' lang='lat' dir='ltr'><em>contra</em></span> <span class='ocrx_word' id='word_1_313' title='bbox 1786 454 1924 493; x_wconf 81' lang='lat' dir='ltr'><em>Ecclefias</em></span> <span class='ocrx_word' id='word_1_314' title='bbox 1934 456 2079 498; x_wconf 85' lang='lat' dir='ltr'><em>praesum-</em></span> 
     </span>
     <span class='ocr_line' id='line_1_45' title="bbox 1207 499 2078 544; baseline 0.006 -11"><span class='ocrx_word' id='word_1_315' title='bbox 1207 509 1264 543; x_wconf 84' lang='lat' dir='ltr'><em>pta</em></span> <span class='ocrx_word' id='word_1_316' title='bbox 1273 501 1403 543; x_wconf 85' lang='lat' dir='ltr'><em>fuerant</em></span> <span class='ocrx_word' id='word_1_317' title='bbox 1416 526 1426 541; x_wconf 90' lang='lat'>‚</span> <span class='ocrx_word' id='word_1_318' title='bbox 1452 504 1592 543; x_wconf 78' lang='lat' dir='ltr'><em>nequead</em></span> <span class='ocrx_word' id='word_1_319' title='bbox 1603 499 1699 544; x_wconf 66' lang='lat' dir='ltr'><em>‘tusum</em></span> <span class='ocrx_word' id='word_1_320' title='bbox 1704 500 1850 544; x_wconf 71' lang='lat' dir='ltr'><em>suscipere</em></span> <span class='ocrx_word' id='word_1_321' title='bbox 1870 506 1965 536; x_wconf 80' lang='lat' dir='ltr'><em>voluit</em></span> <span class='ocrx_word' id='word_1_322' title='bbox 1975 507 2078 539; x_wconf 74' lang='lat' dir='ltr'><em>Ambl-</em></span> 
     </span>
     <span class='ocr_line' id='line_1_46' title="bbox 1213 551 2082 596; baseline 0.006 -14"><span class='ocrx_word' id='word_1_323' title='bbox 1213 563 1291 583; x_wconf 86' lang='lat' dir='ltr'><em>mum</em></span> <span class='ocrx_word' id='word_1_324' title='bbox 1306 576 1315 591; x_wconf 91' lang='lat'>‚</span> <span class='ocrx_word' id='word_1_325' title='bbox 1339 551 1490 593; x_wconf 83' lang='lat' dir='ltr'><em>furentem</em></span> <span class='ocrx_word' id='word_1_326' title='bbox 1510 553 1659 585; x_wconf 66' lang='lat' dir='ltr'><em>adversos</em></span> <span class='ocrx_word' id='word_1_327' title='bbox 1672 555 1832 590; x_wconf 87' lang='lat' dir='ltr'><em>Canones,</em></span> <span class='ocrx_word' id='word_1_328' title='bbox 1853 551 1910 595; x_wconf 71' lang='lat' dir='ltr'><em>fid</em></span> <span class='ocrx_word' id='word_1_329' title='bbox 1920 564 1993 586; x_wconf 83' lang='lat' dir='ltr'><em>nunc</em></span> <span class='ocrx_word' id='word_1_330' title='bbox 2003 556 2082 596; x_wconf 70' lang='lat' dir='ltr'><em>juste</em></span> 
     </span>
     <span class='ocr_line' id='line_1_47' title="bbox 1213 600 2084 645; baseline 0.003 -11"><span class='ocrx_word' id='word_1_331' title='bbox 1213 603 1298 641; x_wconf 78' lang='lat' dir='ltr'><em>eiecit</em></span> <span class='ocrx_word' id='word_1_332' title='bbox 1314 603 1351 634; x_wconf 86' lang='lat' dir='ltr'><em>de</em></span> <span class='ocrx_word' id='word_1_333' title='bbox 1372 603 1444 635; x_wconf 83' lang='lat' dir='ltr'><em>Sede</em></span> <span class='ocrx_word' id='word_1_334' title='bbox 1461 608 1599 635; x_wconf 78' lang='lat' dir='ltr'><em>civitatts</em></span> <span class='ocrx_word' id='word_1_335' title='bbox 1618 600 1681 645; x_wconf 60' lang='grc' dir='ltr'><em>βιῶ</em></span> <span class='ocrx_word' id='word_1_336' title='bbox 1693 627 1702 642; x_wconf 91' lang='grc'><strong>,</strong></span> <span class='ocrx_word' id='word_1_337' title='bbox 1728 602 1761 635; x_wconf 66' lang='lat' dir='ltr'><em>(J</em></span> <span class='ocrx_word' id='word_1_338' title='bbox 1772 603 1964 644; x_wconf 76' lang='lat' dir='ltr'><em>coopitulante</em></span> <span class='ocrx_word' id='word_1_339' title='bbox 1981 606 2084 637; x_wconf 72' lang='lat' dir='ltr'><em>&amp;coa-</em></span> 
     </span>
     <span class='ocr_line' id='line_1_48' title="bbox 1213 651 2084 693; baseline 0.006 -10"><span class='ocrx_word' id='word_1_340' title='bbox 1213 653 1326 683; x_wconf 88' lang='lat' dir='ltr'><em>dunato</em></span> <span class='ocrx_word' id='word_1_341' title='bbox 1341 651 1500 685; x_wconf 69' lang='lat' dir='ltr'><em>catholicae</em></span> <span class='ocrx_word' id='word_1_342' title='bbox 1515 651 1587 693; x_wconf 77' lang='lat' dir='ltr'><em>fidei</em></span> <span class='ocrx_word' id='word_1_343' title='bbox 1612 654 1645 685; x_wconf 65' lang='grc' dir='ltr'><em>(τ</em></span> <span class='ocrx_word' id='word_1_344' title='bbox 1659 655 1781 685; x_wconf 78' lang='lat' dir='ltr'><em>Divinis</em></span> <span class='ocrx_word' id='word_1_345' title='bbox 1803 653 1973 687; x_wconf 70' lang='lat' dir='ltr'><em>canonibus</em></span> <span class='ocrx_word' id='word_1_346' title='bbox 1993 654 2084 693; x_wconf 81' lang='lat' dir='ltr'><em>vestro</em></span> 
     </span>
     <span class='ocr_line' id='line_1_49' title="bbox 1213 700 2085 744; baseline 0.007 -12"><span class='ocrx_word' id='word_1_347' title='bbox 1213 705 1338 743; x_wconf 82' lang='lat' dir='ltr'><em>Imperio</em></span> <span class='ocrx_word' id='word_1_348' title='bbox 1358 726 1367 741; x_wconf 86' lang='lat'><strong>,</strong></span> <span class='ocrx_word' id='word_1_349' title='bbox 1391 702 1529 743; x_wconf 78' lang='lat' dir='ltr'><em>praefectt</em></span> <span class='ocrx_word' id='word_1_350' title='bbox 1551 700 1607 743; x_wconf 75' lang='lat' dir='ltr'><em>ipsi</em></span> <span class='ocrx_word' id='word_1_351' title='bbox 1625 700 1759 742; x_wconf 83' lang='lat' dir='ltr'><em>Ecclefiae</em></span> <span class='ocrx_word' id='word_1_352' title='bbox 1777 700 1982 744; x_wconf 67' lang='lat' dir='ltr'><em>sandliffimum</em></span> <span class='ocrx_word' id='word_1_353' title='bbox 2002 708 2085 738; x_wconf 82' lang='lat' dir='ltr'><em>Men-</em></span> 
     </span>
     <span class='ocr_line' id='line_1_50' title="bbox 1213 750 2086 796; baseline 0.006 -13"><span class='ocrx_word' id='word_1_354' title='bbox 1213 763 1304 783; x_wconf 83' lang='lat' dir='ltr'><em>nam.</em></span> <span class='ocrx_word' id='word_1_355' title='bbox 1332 751 1412 785; x_wconf 91' lang='lat' dir='ltr'><em>Non</em></span> <span class='ocrx_word' id='word_1_356' title='bbox 1436 751 1563 786; x_wconf 76' lang='lat' dir='ltr'><em>tantum</em></span> <span class='ocrx_word' id='word_1_357' title='bbox 1577 750 2006 796; x_wconf 86' lang='lat' dir='ltr'><em>Anthimidamnationem,</em></span> <span class='ocrx_word' id='word_1_358' title='bbox 2032 754 2086 790; x_wconf 87' lang='lat' dir='ltr'><em>sed</em></span> 
     </span>
     <span class='ocr_line' id='line_1_51' title="bbox 1211 800 2085 847; baseline 0.008 -14"><span class='ocrx_word' id='word_1_359' title='bbox 1211 801 1243 834; x_wconf 69' lang='grc' dir='ltr'><em>ὅ(</em></span> <span class='ocrx_word' id='word_1_360' title='bbox 1258 800 1411 844; x_wconf 86' lang='lat' dir='ltr'><em>Papalem</em></span> <span class='ocrx_word' id='word_1_361' title='bbox 1425 803 1503 835; x_wconf 90' lang='lat' dir='ltr'><em>novi</em></span> <span class='ocrx_word' id='word_1_362' title='bbox 1516 800 1706 835; x_wconf 81' lang='lat' dir='ltr'><em>Patriarchae</em></span> <span class='ocrx_word' id='word_1_363' title='bbox 1716 802 1994 839; x_wconf 87' lang='lat' dir='ltr'><em>consecrationem</em></span> <span class='ocrx_word' id='word_1_364' title='bbox 2014 815 2085 847; x_wconf 85' lang='lat' dir='ltr'><em>pro-</em></span> 
     </span>
     <span class='ocr_line' id='line_1_52' title="bbox 1214 851 2086 894; baseline 0.007 -11"><span class='ocrx_word' id='word_1_365' title='bbox 1214 852 1346 884; x_wconf 81' lang='lat' dir='ltr'><em>fitentur</em></span> <span class='ocrx_word' id='word_1_366' title='bbox 1363 851 1379 884; x_wconf 73' lang='lat' dir='ltr'><em>a</em></span> <span class='ocrx_word' id='word_1_367' title='bbox 1393 852 1423 885; x_wconf 85' lang='lat' dir='ltr'><em>se</em></span> <span class='ocrx_word' id='word_1_368' title='bbox 1444 853 1536 887; x_wconf 76' lang='lat' dir='ltr'><em>fuiss&#39;e</em></span> <span class='ocrx_word' id='word_1_369' title='bbox 1558 851 1771 894; x_wconf 81' lang='lat' dir='ltr'><em>postulatam,</em></span> <span class='ocrx_word' id='word_1_370' title='bbox 1796 852 1952 887; x_wconf 63' lang='lat' dir='ltr'><em>&amp;fastam</em></span> <span class='ocrx_word' id='word_1_371' title='bbox 1975 856 2086 889; x_wconf 89' lang='lat' dir='ltr'><em>secun-</em></span> 
     </span>
     <span class='ocr_line' id='line_1_53' title="bbox 1214 894 2085 945; baseline 0.006 -12"><span class='ocrx_word' id='word_1_372' title='bbox 1214 900 1291 933; x_wconf 74' lang='lat' dir='ltr'><em>dum</em></span> <span class='ocrx_word' id='word_1_373' title='bbox 1322 901 1476 936; x_wconf 82' lang='lat' dir='ltr'><em>Canones</em></span> <span class='ocrx_word' id='word_1_374' title='bbox 1498 927 1506 935; x_wconf 93' lang='lat'><strong>.</strong></span> <span class='ocrx_word' id='word_1_375' title='bbox 1542 901 1649 936; x_wconf 79' lang='lat' dir='ltr'><em>Fuiffe</em></span> <span class='ocrx_word' id='word_1_376' title='bbox 1685 902 1879 945; x_wconf 83' lang='lat' dir='ltr'><em>postulatam</em></span> <span class='ocrx_word' id='word_1_377' title='bbox 1905 894 2006 937; x_wconf 69' lang='lat' dir='ltr'><em>e&#39;tiam</em></span> <span class='ocrx_word' id='word_1_378' title='bbox 2043 904 2085 939; x_wconf 77' lang='lat' dir='ltr'><em>ab</em></span> 
     </span>
     <span class='ocr_line' id='line_1_54' title="bbox 1214 950 2085 996; baseline 0.008 -14"><span class='ocrx_word' id='word_1_379' title='bbox 1214 950 1410 994; x_wconf 79' lang='lat' dir='ltr'><em>Imperatore</em></span> <span class='ocrx_word' id='word_1_380' title='bbox 1439 952 1623 996; x_wconf 84' lang='lat' dir='ltr'><em>Justiniano</em></span> <span class='ocrx_word' id='word_1_381' title='bbox 1650 953 1782 986; x_wconf 81' lang='lat' dir='ltr'><em>testatur</em></span> <span class='ocrx_word' id='word_1_382' title='bbox 1807 952 1888 987; x_wconf 87' lang='lat' dir='ltr'><em>liber</em></span> <span class='ocrx_word' id='word_1_383' title='bbox 1911 953 2085 989; x_wconf 86' lang='lat' dir='ltr'><em>Pontifica-</em></span> 
     </span>
     <span class='ocr_line' id='line_1_55' title="bbox 1214 999 2085 1049; baseline 0.008 -17"><span class='ocrx_word' id='word_1_384' title='bbox 1214 999 1280 1033; x_wconf 80' lang='lat' dir='ltr'><em>lis:</em></span> <span class='ocrx_word' id='word_1_385' title='bbox 1317 1004 1398 1034; x_wconf 89' lang='lat' dir='ltr'><em>Tunc</em></span> <span class='ocrx_word' id='word_1_386' title='bbox 1422 1004 1561 1043; x_wconf 81' lang='lat' dir='ltr'><em>piiffimus</em></span> <span class='ocrx_word' id='word_1_387' title='bbox 1584 1001 1723 1045; x_wconf 81' lang='lat' dir='ltr'><em>Augustus</em></span> <span class='ocrx_word' id='word_1_388' title='bbox 1744 1002 1942 1048; x_wconf 76' lang='lat' dir='ltr'><em>Juslinianus</em></span> <span class='ocrx_word' id='word_1_389' title='bbox 1967 1011 2085 1049; x_wconf 79' lang='lat' dir='ltr'><em>rogavit</em></span> 
     </span>
     <span class='ocr_line' id='line_1_56' title="bbox 1212 1049 2087 1096; baseline 0.008 -14"><span class='ocrx_word' id='word_1_390' title='bbox 1212 1049 1397 1090; x_wconf 78' lang='lat' dir='ltr'><em>beatiffimum</em></span> <span class='ocrx_word' id='word_1_391' title='bbox 1424 1055 1542 1094; x_wconf 81' lang='lat' dir='ltr'><em>Papam</em></span> <span class='ocrx_word' id='word_1_392' title='bbox 1570 1057 1732 1096; x_wconf 85' lang='lat' dir='ltr'><em>Agapetum</em></span> <span class='ocrx_word' id='word_1_393' title='bbox 1753 1077 1763 1092; x_wconf 92' lang='lat'>,</span> <span class='ocrx_word' id='word_1_394' title='bbox 1800 1062 1834 1086; x_wconf 84' lang='lat' dir='ltr'><em>ut</em></span> <span class='ocrx_word' id='word_1_395' title='bbox 1861 1059 1892 1087; x_wconf 73' lang='lat' dir='ltr'><em>in</em></span> <span class='ocrx_word' id='word_1_396' title='bbox 1913 1055 2002 1088; x_wconf 88' lang='lat' dir='ltr'><em>locum</em></span> <span class='ocrx_word' id='word_1_397' title='bbox 2028 1059 2087 1090; x_wconf 82' lang='lat' dir='ltr'><em>An-</em></span> 
     </span>
     <span class='ocr_line' id='line_1_57' title="bbox 1214 1100 2086 1145; baseline 0.007 -12"><span class='ocrx_word' id='word_1_398' title='bbox 1214 1100 1301 1133; x_wconf 80' lang='lat' dir='ltr'><em>thimi</em></span> <span class='ocrx_word' id='word_1_399' title='bbox 1327 1100 1503 1143; x_wconf 79' lang='lat' dir='ltr'><em>consecraret</em></span> <span class='ocrx_word' id='word_1_400' title='bbox 1530 1101 1707 1144; x_wconf 69' lang='lat' dir='ltr'><em>Episcopum</em></span> <span class='ocrx_word' id='word_1_401' title='bbox 1744 1102 1927 1137; x_wconf 82' lang='lat' dir='ltr'><em>Cathollcum</em></span> <span class='ocrx_word' id='word_1_402' title='bbox 1951 1129 1962 1145; x_wconf 91' lang='lat'><strong>,</strong></span> <span class='ocrx_word' id='word_1_403' title='bbox 1997 1113 2086 1140; x_wconf 73' lang='lat' dir='ltr'><em>nomi-</em></span> 
     </span>
     <span class='ocr_line' id='line_1_58' title="bbox 1215 1152 2087 1191; baseline 0.01 -9"><span class='ocrx_word' id='word_1_404' title='bbox 1215 1161 1250 1183; x_wconf 85' lang='lat' dir='ltr'><em>ne</em></span> <span class='ocrx_word' id='word_1_405' title='bbox 1277 1155 1436 1184; x_wconf 84' lang='lat' dir='ltr'><em>Mennam.</em></span> <span class='ocrx_word' id='word_1_406' title='bbox 1464 1152 1559 1186; x_wconf 76' lang='lat' dir='ltr'><em>Certe</em></span> <span class='ocrx_word' id='word_1_407' title='bbox 1583 1162 1698 1186; x_wconf 85' lang='lat' dir='ltr'><em>contra</em></span> <span class='ocrx_word' id='word_1_408' title='bbox 1721 1153 1876 1187; x_wconf 78' lang='lat' dir='ltr'><em>Canones</em></span> <span class='ocrx_word' id='word_1_409' title='bbox 1894 1165 2004 1190; x_wconf 90' lang='lat' dir='ltr'><em>tantus</em></span> <span class='ocrx_word' id='word_1_410' title='bbox 2025 1157 2087 1191; x_wconf 79' lang='lat' dir='ltr'><em>Ca-</em></span> 
     </span>
     <span class='ocr_line' id='line_1_59' title="bbox 1218 1202 2088 1244; baseline 0.009 -11"><span class='ocrx_word' id='word_1_411' title='bbox 1218 1211 1340 1234; x_wconf 89' lang='lat' dir='ltr'><em>nonum</em></span> <span class='ocrx_word' id='word_1_412' title='bbox 1363 1213 1516 1235; x_wconf 84' lang='lat' dir='ltr'><em>executor</em></span> <span class='ocrx_word' id='word_1_413' title='bbox 1534 1209 1606 1234; x_wconf 74' lang='lat' dir='ltr'><em>¹non</em></span> <span class='ocrx_word' id='word_1_414' title='bbox 1621 1202 1807 1244; x_wconf 73' lang='lat' dir='ltr'><em>postulasset</em></span> <span class='ocrx_word' id='word_1_415' title='bbox 1820 1227 1828 1235; x_wconf 86' lang='lat'><strong>.</strong></span> <span class='ocrx_word' id='word_1_416' title='bbox 1851 1204 1896 1238; x_wconf 87' lang='lat' dir='ltr'><em>Et</em></span> <span class='ocrx_word' id='word_1_417' title='bbox 1925 1202 2002 1240; x_wconf 89' lang='lat' dir='ltr'><em>hinc</em></span> <span class='ocrx_word' id='word_1_418' title='bbox 2013 1217 2088 1241; x_wconf 81' lang='lat' dir='ltr'><em>ean-</em></span> 
     </span>
     <span class='ocr_line' id='line_1_60' title="bbox 1214 1250 2088 1291; baseline 0.009 -8"><span class='ocrx_word' id='word_1_419' title='bbox 1214 1250 1288 1283; x_wconf 96' lang='lat' dir='ltr'><em>dem</em></span> <span class='ocrx_word' id='word_1_420' title='bbox 1317 1252 1595 1286; x_wconf 87' lang='lat' dir='ltr'><em>consecrationem</em></span> <span class='ocrx_word' id='word_1_421' title='bbox 1625 1252 1758 1286; x_wconf 85' lang='lat' dir='ltr'><em>laudant</em></span> <span class='ocrx_word' id='word_1_422' title='bbox 1792 1253 1827 1286; x_wconf 86' lang='lat' dir='ltr'><em>in</em></span> <span class='ocrx_word' id='word_1_423' title='bbox 1865 1253 2088 1291; x_wconf 80' lang='lat' dir='ltr'><em>Ecclefiastica</em></span> 
     </span>
     <span class='ocr_line' id='line_1_61' title="bbox 1220 1300 2088 1344; baseline 0.008 -12"><span class='ocrx_word' id='word_1_424' title='bbox 1220 1300 1351 1333; x_wconf 83' lang='lat' dir='ltr'><em>historia</em></span> <span class='ocrx_word' id='word_1_425' title='bbox 1386 1301 1570 1335; x_wconf 76' lang='lat' dir='ltr'><em>Anastasius</em></span> <span class='ocrx_word' id='word_1_426' title='bbox 1598 1301 1873 1337; x_wconf 76' lang='lat' dir='ltr'><em>Bibliothecarius</em></span> <span class='ocrx_word' id='word_1_427' title='bbox 1894 1328 1907 1344; x_wconf 91' lang='lat'>‚</span> <span class='ocrx_word' id='word_1_428' title='bbox 1940 1316 1977 1339; x_wconf 85' lang='lat' dir='ltr'><em>ac</em></span> <span class='ocrx_word' id='word_1_429' title='bbox 1999 1307 2088 1339; x_wconf 80' lang='lat' dir='ltr'><em>Mar-</em></span> 
     </span>
     <span class='ocr_line' id='line_1_62' title="bbox 1215 1350 2088 1394; baseline 0.008 -11"><span class='ocrx_word' id='word_1_430' title='bbox 1215 1362 1268 1393; x_wconf 90' lang='lat' dir='ltr'><em>tyr</em></span> <span class='ocrx_word' id='word_1_431' title='bbox 1294 1350 1521 1394; x_wconf 85' lang='lat' dir='ltr'><em>Theophanes</em></span> <span class='ocrx_word' id='word_1_432' title='bbox 1541 1377 1552 1391; x_wconf 90' lang='lat'>,</span> <span class='ocrx_word' id='word_1_433' title='bbox 1591 1351 1689 1385; x_wconf 84' lang='lat' dir='ltr'><em>ambo</em></span> <span class='ocrx_word' id='word_1_434' title='bbox 1727 1352 1830 1386; x_wconf 74' lang='lat' dir='ltr'><em>Graeci</em></span> <span class='ocrx_word' id='word_1_435' title='bbox 1856 1377 1867 1393; x_wconf 92' lang='lat'>,</span> <span class='ocrx_word' id='word_1_436' title='bbox 1901 1365 1939 1393; x_wconf 84' lang='lat' dir='ltr'><em>ac</em></span> <span class='ocrx_word' id='word_1_437' title='bbox 1966 1356 2088 1390; x_wconf 71' lang='lat' dir='ltr'><em>eximie</em></span> 
     </span>
     <span class='ocr_line' id='line_1_63' title="bbox 1214 1400 2090 1441; baseline 0.009 -8"><span class='ocrx_word' id='word_1_438' title='bbox 1214 1400 1331 1434; x_wconf 88' lang='lat' dir='ltr'><em>eruditi</em></span> <span class='ocrx_word' id='word_1_439' title='bbox 1358 1426 1364 1433; x_wconf 96' lang='lat'><strong><em>.</em></strong></span> <span class='ocrx_word' id='word_1_440' title='bbox 1392 1402 1535 1435; x_wconf 73' lang='lat' dir='ltr'><em>Proinde</em></span> <span class='ocrx_word' id='word_1_441' title='bbox 1556 1402 1745 1436; x_wconf 83' lang='lat' dir='ltr'><em>Barlaamus</em></span> <span class='ocrx_word' id='word_1_442' title='bbox 1770 1401 1960 1439; x_wconf 79' lang='lat' dir='ltr'><em>Monachus</em></span> <span class='ocrx_word' id='word_1_443' title='bbox 1979 1406 2090 1441; x_wconf 84' lang='lat' dir='ltr'><em>Cano-</em></span> 
     </span>
     <span class='ocr_line' id='line_1_64' title="bbox 1217 1451 2091 1500; baseline 0.009 -18"><span class='ocrx_word' id='word_1_444' title='bbox 1217 1462 1290 1483; x_wconf 87' lang='lat' dir='ltr'><em>nem</em></span> <span class='ocrx_word' id='word_1_445' title='bbox 1314 1475 1325 1490; x_wconf 89' lang='lat'>‚</span> <span class='ocrx_word' id='word_1_446' title='bbox 1351 1453 1405 1493; x_wconf 82' lang='lat' dir='ltr'><em>qui</em></span> <span class='ocrx_word' id='word_1_447' title='bbox 1434 1451 1691 1486; x_wconf 81' lang='lat' dir='ltr'><em>patriarcharum</em></span> <span class='ocrx_word' id='word_1_448' title='bbox 1719 1453 1995 1489; x_wconf 84' lang='lat' dir='ltr'><em>consecrationem</em></span> <span class='ocrx_word' id='word_1_449' title='bbox 2022 1467 2091 1500; x_wconf 82' lang='lat' dir='ltr'><em>per-</em></span> 
     </span>
    </p>
   </div>
   <div class='ocr_carea' id='block_1_12' title="bbox 1235 250 2086 294">
    <p class='ocr_par' dir='ltr' id='par_1_12' title="bbox 1191 242 2086 946">
     <span class='ocr_line' id='line_1_65' title="bbox 1235 250 2086 294; baseline 0.012 -10.459"><span class='ocrx_word' id='word_1_450' title='bbox 1235 250 1337 284; x_wconf 75' lang='lat' dir='ltr'><em>bcus</em></span> <span class='ocrx_word' id='word_1_451' title='bbox 1352 274 1362 289; x_wconf 93' lang='lat'><strong><em>,</em></strong></span> <span class='ocrx_word' id='word_1_452' title='bbox 1382 262 1449 294; x_wconf 84' lang='lat' dir='ltr'><em>quo</em></span> <span class='ocrx_word' id='word_1_453' title='bbox 1469 261 1585 285; x_wconf 89' lang='lat' dir='ltr'><em>omnes</em></span> <span class='ocrx_word' id='word_1_454' title='bbox 1604 257 1784 292; x_wconf 80' lang='lat' dir='ltr'><em>orientales</em></span> <span class='ocrx_word' id='word_1_455' title='bbox 1796 257 2086 294; x_wconf 79' lang='lat' dir='ltr'><em>Archi-Mandritae</em></span> 
     </span>
    </p>
   </div>
   <div class='ocr_carea' id='block_1_13' title="bbox 1194 1489 2092 1640">
    <p class='ocr_par' dir='ltr' id='par_1_13' title="bbox 1194 1489 2092 1640">
     <span class='ocr_line' id='line_1_66' title="bbox 1194 1489 2090 1545; baseline 0.008 -12"><span class='ocrx_word' id='word_1_456' title='bbox 1194 1489 1198 1533; x_wconf 71' lang='lat' dir='ltr'>i</span> <span class='ocrx_word' id='word_1_457' title='bbox 1215 1501 1317 1534; x_wconf 87' lang='lat' dir='ltr'><em>mittit</em></span> <span class='ocrx_word' id='word_1_458' title='bbox 1340 1500 1495 1536; x_wconf 85' lang='lat' dir='ltr'><em>Romano</em></span> <span class='ocrx_word' id='word_1_459' title='bbox 1511 1503 1688 1541; x_wconf 85' lang='lat' dir='ltr'><em>Pontifici,</em></span> <span class='ocrx_word' id='word_1_460' title='bbox 1717 1503 1810 1545; x_wconf 85' lang='lat' dir='ltr'><em>poffit</em></span> <span class='ocrx_word' id='word_1_461' title='bbox 1822 1502 1865 1537; x_wconf 87' lang='lat' dir='ltr'><em>ab</em></span> <span class='ocrx_word' id='word_1_462' title='bbox 1884 1504 1951 1538; x_wconf 83' lang='lat' dir='ltr'>istis</span> <span class='ocrx_word' id='word_1_463' title='bbox 1971 1504 2090 1540; x_wconf 87' lang='lat' dir='ltr'><em>Archi-</em></span> 
     </span>
     <span class='ocr_line' id='line_1_67' title="bbox 1194 1539 2092 1640; baseline 0.009 -58"><span class='ocrx_word' id='word_1_464' title='bbox 1194 1539 1198 1640; x_wconf 72' lang='grc' dir='ltr'><strong>ἰ</strong></span> <span class='ocrx_word' id='word_1_465' title='bbox 1217 1551 1415 1590; x_wconf 65' lang='grc' dir='ltr'><em>Μαηάῐὶῑίς,</em></span> <span class='ocrx_word' id='word_1_466' title='bbox 1444 1565 1481 1586; x_wconf 84' lang='lat' dir='ltr'><em>ac</em></span> <span class='ocrx_word' id='word_1_467' title='bbox 1494 1553 1560 1595; x_wconf 90' lang='lat' dir='ltr'><em>ipso</em></span> <span class='ocrx_word' id='word_1_468' title='bbox 1582 1554 1682 1586; x_wconf 83' lang='lat' dir='ltr'><em>etiam</em></span> <span class='ocrx_word' id='word_1_469' title='bbox 1696 1553 1891 1595; x_wconf 80' lang='lat' dir='ltr'><em>Imperatore</em></span> <span class='ocrx_word' id='word_1_470' title='bbox 1906 1555 2092 1599; x_wconf 86' lang='lat' dir='ltr'><em>Justiniano</em></span> 
     </span>
    </p>
   </div>
   <div class='ocr_carea' id='block_1_14' title="bbox 1213 1602 2092 1749">
    <p class='ocr_par' dir='ltr' id='par_1_14' title="bbox 1213 1602 2092 1749">
     <span class='ocr_line' id='line_1_68' title="bbox 1216 1602 2092 1650; baseline 0.01 -18"><span class='ocrx_word' id='word_1_471' title='bbox 1216 1611 1322 1643; x_wconf 81' lang='lat' dir='ltr'><em>perere</em></span> <span class='ocrx_word' id='word_1_472' title='bbox 1347 1613 1383 1635; x_wconf 81' lang='lat' dir='ltr'><em>ac</em></span> <span class='ocrx_word' id='word_1_473' title='bbox 1402 1602 1543 1635; x_wconf 77' lang='lat' dir='ltr'><em>discere.</em></span> <span class='ocrx_word' id='word_1_474' title='bbox 1572 1602 1657 1636; x_wconf 90' lang='lat' dir='ltr'><em>Eum</em></span> <span class='ocrx_word' id='word_1_475' title='bbox 1680 1602 1780 1636; x_wconf 87' lang='lat' dir='ltr'><em>edicit</em></span> <span class='ocrx_word' id='word_1_476' title='bbox 1805 1604 1869 1647; x_wconf 89' lang='lat' dir='ltr'><em>ipse</em></span> <span class='ocrx_word' id='word_1_477' title='bbox 1892 1606 1979 1649; x_wconf 84' lang='lat' dir='ltr'><em>Papa</em></span> <span class='ocrx_word' id='word_1_478' title='bbox 2002 1604 2092 1650; x_wconf 82' lang='lat' dir='ltr'><em>Aga-</em></span> 
     </span>
     <span class='ocr_line' id='line_1_69' title="bbox 1216 1651 2090 1691; baseline 0.008 -8"><span class='ocrx_word' id='word_1_479' title='bbox 1216 1661 1306 1690; x_wconf 83' lang='lat' dir='ltr'><em>petus</em></span> <span class='ocrx_word' id='word_1_480' title='bbox 1333 1651 1366 1683; x_wconf 88' lang='lat' dir='ltr'><em>in</em></span> <span class='ocrx_word' id='word_1_481' title='bbox 1386 1652 1590 1686; x_wconf 81' lang='lat' dir='ltr'><em>exstantibus</em></span> <span class='ocrx_word' id='word_1_482' title='bbox 1609 1651 1730 1686; x_wconf 82' lang='lat' dir='ltr'>ibidem</span> <span class='ocrx_word' id='word_1_483' title='bbox 1755 1653 1871 1688; x_wconf 86' lang='lat' dir='ltr'><em>litteris</em></span> <span class='ocrx_word' id='word_1_484' title='bbox 1888 1653 1927 1689; x_wconf 89' lang='lat' dir='ltr'><em>ad</em></span> <span class='ocrx_word' id='word_1_485' title='bbox 1953 1654 2090 1691; x_wconf 88' lang='lat' dir='ltr'><em>Petrum</em></span> 
     </span>
     <span class='ocr_line' id='line_1_70' title="bbox 1213 1698 2091 1749; baseline 0.013 -20"><span class='ocrx_word' id='word_1_486' title='bbox 1213 1698 1453 1741; x_wconf 83' lang='lat' dir='ltr'><em>Hierosolymae</em></span> <span class='ocrx_word' id='word_1_487' title='bbox 1466 1701 1684 1736; x_wconf 74' lang='lat' dir='ltr'>patriarcham</span> <span class='ocrx_word' id='word_1_488' title='bbox 1699 1729 1705 1735; x_wconf 94' lang='lat'><em>.</em></span> <span class='ocrx_word' id='word_1_489' title='bbox 1733 1703 1861 1748; x_wconf 73' lang='lat' dir='ltr'><em>Menne</em></span> <span class='ocrx_word' id='word_1_490' title='bbox 1872 1706 2040 1749; x_wconf 74' lang='lat' dir='ltr'><em>personam</em></span> <span class='ocrx_word' id='word_1_491' title='bbox 2052 1718 2091 1740; x_wconf 84' lang='lat' dir='ltr'><em>ac</em></span> 
     </span>
    </p>
   </div>
   <div class='ocr_carea' id='block_1_15' title="bbox 1206 1796 2093 1992">
    <p class='ocr_par' dir='ltr' id='par_1_15' title="bbox 1206 1796 2093 1992">
     <span class='ocr_line' id='line_1_71' title="bbox 1213 1796 2093 1849; baseline 0.013 -21"><span class='ocrx_word' id='word_1_492' title='bbox 1213 1796 1263 1829; x_wconf 85' lang='lat' dir='ltr'><em>hoc</em></span> <span class='ocrx_word' id='word_1_493' title='bbox 1273 1800 1337 1837; x_wconf 80' lang='lat' dir='ltr'><em>ejus</em></span> <span class='ocrx_word' id='word_1_494' title='bbox 1361 1800 1505 1841; x_wconf 72' lang='lat' dir='ltr'><em>dignltatl</em></span> <span class='ocrx_word' id='word_1_495' title='bbox 1527 1802 1638 1834; x_wconf 80' lang='lat' dir='ltr'><em>addere</em></span> <span class='ocrx_word' id='word_1_496' title='bbox 1651 1802 1821 1843; x_wconf 79' lang='lat' dir='ltr'><em>credimus,</em></span> <span class='ocrx_word' id='word_1_497' title='bbox 1846 1806 1927 1849; x_wconf 79' lang='lat' dir='ltr'><em>quod</em></span> <span class='ocrx_word' id='word_1_498' title='bbox 1944 1807 1963 1838; x_wconf 78' lang='grc' dir='ltr'><em>ἆ</em></span> <span class='ocrx_word' id='word_1_499' title='bbox 1986 1815 2093 1849; x_wconf 84' lang='lat' dir='ltr'><em>tempo-</em></span> 
     </span>
     <span class='ocr_line' id='line_1_72' title="bbox 1213 1847 2091 1891; baseline 0.015 -13"><span class='ocrx_word' id='word_1_500' title='bbox 1213 1847 1294 1879; x_wconf 83' lang='lat' dir='ltr'><em>ribus</em></span> <span class='ocrx_word' id='word_1_501' title='bbox 1308 1849 1392 1880; x_wconf 79' lang='lat' dir='ltr'><em>Petri</em></span> <span class='ocrx_word' id='word_1_502' title='bbox 1410 1849 1531 1890; x_wconf 74' lang='lat' dir='ltr'><em>Apostoli</em></span> <span class='ocrx_word' id='word_1_503' title='bbox 1555 1852 1665 1883; x_wconf 86' lang='lat' dir='ltr'><em>nullum</em></span> <span class='ocrx_word' id='word_1_504' title='bbox 1689 1854 1782 1884; x_wconf 84' lang='lat' dir='ltr'><em>alium</em></span> <span class='ocrx_word' id='word_1_505' title='bbox 1807 1857 1971 1887; x_wconf 69' lang='lat' dir='ltr'><em>Orientalts</em></span> <span class='ocrx_word' id='word_1_506' title='bbox 1992 1858 2091 1891; x_wconf 83' lang='lat' dir='ltr'><em>Eccle-</em></span> 
     </span>
     <span class='ocr_line' id='line_1_73' title="bbox 1206 1894 2090 1943; baseline 0.015 -16"><span class='ocrx_word' id='word_1_507' title='bbox 1206 1894 1250 1936; x_wconf 86' lang='lat' dir='ltr'><em>fia</em></span> <span class='ocrx_word' id='word_1_508' title='bbox 1257 1895 1384 1939; x_wconf 82' lang='lat' dir='ltr'><em>suscepit</em></span> <span class='ocrx_word' id='word_1_509' title='bbox 1398 1898 1574 1942; x_wconf 81' lang='lat' dir='ltr'><em>Episcopum</em></span> <span class='ocrx_word' id='word_1_510' title='bbox 1597 1901 1733 1934; x_wconf 83' lang='lat' dir='ltr'><em>manibus</em></span> <span class='ocrx_word' id='word_1_511' title='bbox 1758 1903 1858 1943; x_wconf 81' lang='lat' dir='ltr'><em>nostrae</em></span> <span class='ocrx_word' id='word_1_512' title='bbox 1871 1907 1889 1937; x_wconf 87' lang='lat'><em>5</em></span> <span class='ocrx_word' id='word_1_513' title='bbox 1891 1907 1954 1937; x_wconf 79' lang='lat' dir='ltr'><em>edis</em></span> <span class='ocrx_word' id='word_1_514' title='bbox 1968 1908 2090 1941; x_wconf 77' lang='lat' dir='ltr'><em>ordina-</em></span> 
     </span>
     <span class='ocr_line' id='line_1_74' title="bbox 1212 1948 2090 1992; baseline 0.015 -15"><span class='ocrx_word' id='word_1_515' title='bbox 1212 1954 1276 1978; x_wconf 86' lang='lat' dir='ltr'><em>tum</em></span> <span class='ocrx_word' id='word_1_516' title='bbox 1301 1971 1307 1978; x_wconf 88' lang='lat'><strong>.</strong></span> <span class='ocrx_word' id='word_1_517' title='bbox 1336 1951 1381 1979; x_wconf 87' lang='lat' dir='ltr'><em>Et</em></span> <span class='ocrx_word' id='word_1_518' title='bbox 1398 1948 1525 1990; x_wconf 75' lang='lat' dir='ltr'><em>forsitan</em></span> <span class='ocrx_word' id='word_1_519' title='bbox 1550 1952 1603 1983; x_wconf 78' lang='lat' dir='ltr'><em>vel</em></span> <span class='ocrx_word' id='word_1_520' title='bbox 1622 1953 1667 1983; x_wconf 80' lang='lat' dir='ltr'><em>ad</em></span> <span class='ocrx_word' id='word_1_521' title='bbox 1688 1953 1959 1992; x_wconf 81' lang='lat' dir='ltr'><em>demonstrationem</em></span> <span class='ocrx_word' id='word_1_522' title='bbox 1985 1959 2090 1990; x_wconf 69' lang='lat' dir='ltr'><em>laudit-</em></span> 
     </span>
    </p>
   </div>
   <div class='ocr_carea' id='block_1_16' title="bbox 261 1983 1165 2187">
    <p class='ocr_par' dir='ltr' id='par_1_16' title="bbox 261 1983 1165 2187">
     <span class='ocr_line' id='line_1_75' title="bbox 261 1983 1165 2046; baseline -0.002 -15"><span class='ocrx_word' id='word_1_523' title='bbox 261 1999 450 2036; x_wconf 64' lang='lat' dir='ltr'><em>fuimzusa,</em></span> <span class='ocrx_word' id='word_1_524' title='bbox 476 1997 575 2039; x_wconf 67' lang='lat' dir='ltr'><em>quam</em></span> <span class='ocrx_word' id='word_1_525' title='bbox 589 1995 779 2037; x_wconf 81' lang='lat' dir='ltr'><em>Apostolica</em></span> <span class='ocrx_word' id='word_1_526' title='bbox 803 1996 877 2038; x_wconf 85' lang='lat' dir='ltr'><em>ipfis</em></span> <span class='ocrx_word' id='word_1_527' title='bbox 901 2005 954 2037; x_wconf 86' lang='lat' dir='ltr'><em>per</em></span> <span class='ocrx_word' id='word_1_528' title='bbox 978 1983 1165 2046; x_wconf 56' lang='lat' dir='ltr'><em>Liberium}</em></span> 
     </span>
     <span class='ocr_line' id='line_1_76' title="bbox 262 2043 1162 2090; baseline -0.004 -9"><span class='ocrx_word' id='word_1_529' title='bbox 262 2045 583 2090; x_wconf 87' lang='lat' dir='ltr'><em>impofitaLegatio.</em></span> <span class='ocrx_word' id='word_1_530' title='bbox 612 2044 748 2077; x_wconf 87' lang='lat' dir='ltr'><em>Ethinc</em></span> <span class='ocrx_word' id='word_1_531' title='bbox 772 2043 881 2077; x_wconf 85' lang='lat' dir='ltr'><em>statim</em></span> <span class='ocrx_word' id='word_1_532' title='bbox 904 2044 974 2086; x_wconf 87' lang='lat' dir='ltr'><em>post</em></span> <span class='ocrx_word' id='word_1_533' title='bbox 1004 2045 1162 2086; x_wconf 70' lang='lat' dir='ltr'><em>ipsorum*</em></span> 
     </span>
     <span class='ocr_line' id='line_1_77' title="bbox 262 2092 1148 2139; baseline -0.003 -8"><span class='ocrx_word' id='word_1_534' title='bbox 262 2097 401 2131; x_wconf 82' lang='lat' dir='ltr'><em>reditum</em></span> <span class='ocrx_word' id='word_1_535' title='bbox 424 2096 456 2130; x_wconf 91' lang='lat'>&amp;</span> <span class='ocrx_word' id='word_1_536' title='bbox 471 2096 614 2139; x_wconf 86' lang='lat' dir='ltr'><em>Magnus</em></span> <span class='ocrx_word' id='word_1_537' title='bbox 626 2094 783 2134; x_wconf 74' lang='lat' dir='ltr'><em>Bafilius,</em></span> <span class='ocrx_word' id='word_1_538' title='bbox 813 2094 988 2127; x_wconf 69' lang='lat' dir='ltr'><em>&amp;Sanetus</em></span> <span class='ocrx_word' id='word_1_539' title='bbox 1001 2092 1148 2128; x_wconf 80' lang='lat' dir='ltr'><em>Athana-</em></span> 
     </span>
     <span class='ocr_line' id='line_1_78' title="bbox 263 2143 1148 2187; baseline -0.003 -7"><span class='ocrx_word' id='word_1_540' title='bbox 263 2149 347 2187; x_wconf 72' lang='lat' dir='ltr'><em>sius,</em></span> <span class='ocrx_word' id='word_1_541' title='bbox 374 2146 473 2180; x_wconf 84' lang='lat' dir='ltr'><em>&amp;alii</em></span> <span class='ocrx_word' id='word_1_542' title='bbox 496 2143 717 2179; x_wconf 84' lang='lat' dir='ltr'>Orientalium</span> <span class='ocrx_word' id='word_1_543' title='bbox 735 2144 973 2187; x_wconf 63' lang='lat' dir='ltr'><em>Epist-oporam</em></span> <span class='ocrx_word' id='word_1_544' title='bbox 987 2143 1148 2185; x_wconf 70' lang='lat' dir='ltr'><em>primates</em></span> 
     </span>
    </p>
   </div>
   <div class='ocr_carea' id='block_1_17' title="bbox 1212 1995 2087 2044">
    <p class='ocr_par' dir='ltr' id='par_1_17' title="bbox 1212 1995 2087 2044">
     <span class='ocr_line' id='line_1_79' title="bbox 1212 1995 2087 2044; baseline 0.014 -17"><span class='ocrx_word' id='word_1_545' title='bbox 1212 1995 1298 2037; x_wconf 67' lang='lat' dir='ltr'><em>ipsius</em></span> <span class='ocrx_word' id='word_1_546' title='bbox 1310 2020 1320 2036; x_wconf 93' lang='lat'>‚</span> <span class='ocrx_word' id='word_1_547' title='bbox 1348 1999 1399 2030; x_wconf 76' lang='lat' dir='ltr'><em>vel</em></span> <span class='ocrx_word' id='word_1_548' title='bbox 1410 2000 1454 2030; x_wconf 84' lang='lat' dir='ltr'><em>ad</em></span> <span class='ocrx_word' id='word_1_549' title='bbox 1466 1998 1681 2038; x_wconf 66' lang='lat' dir='ltr'><em>destrut‘lionem</em></span> <span class='ocrx_word' id='word_1_550' title='bbox 1703 2007 1887 2036; x_wconf 74' lang='lat' dir='ltr'><em>inimicorum</em></span> <span class='ocrx_word' id='word_1_551' title='bbox 1903 2005 2016 2044; x_wconf 73' lang='lat' dir='ltr'><em>instans</em></span> <span class='ocrx_word' id='word_1_552' title='bbox 2038 2018 2087 2040; x_wconf 80' lang='lat' dir='ltr'><em>res</em></span> 
     </span>
    </p>
   </div>
   <div class='ocr_carea' id='block_1_18' title="bbox 1212 2049 2087 2096">
    <p class='ocr_par' dir='ltr' id='par_1_18' title="bbox 1212 2049 2087 2096">
     <span class='ocr_line' id='line_1_80' title="bbox 1212 2049 2087 2096; baseline 0.014 -20"><span class='ocrx_word' id='word_1_553' title='bbox 1212 2055 1301 2077; x_wconf 83' lang='lat' dir='ltr'><em>tanta</em></span> <span class='ocrx_word' id='word_1_554' title='bbox 1310 2054 1476 2088; x_wconf 78' lang='lat' dir='ltr'><em>pervenit,</em></span> <span class='ocrx_word' id='word_1_555' title='bbox 1503 2056 1535 2081; x_wconf 86' lang='lat' dir='ltr'><em>ut</em></span> <span class='ocrx_word' id='word_1_556' title='bbox 1556 2050 1615 2082; x_wconf 74' lang='lat' dir='ltr'><em>illis</em></span> <span class='ocrx_word' id='word_1_557' title='bbox 1638 2049 1704 2092; x_wconf 77' lang='lat' dir='ltr'><em>ipfis</em></span> <span class='ocrx_word' id='word_1_558' title='bbox 1723 2051 1828 2092; x_wconf 64' lang='lat' dir='ltr'><em>fimllis</em></span> <span class='ocrx_word' id='word_1_559' title='bbox 1850 2055 1902 2096; x_wconf 79' lang='lat' dir='ltr'><em>effi·</em></span> <span class='ocrx_word' id='word_1_560' title='bbox 1921 2056 2087 2096; x_wconf 67' lang='lat' dir='ltr'><em>videatur,</em></span> 
     </span>
    </p>
   </div>
   <div class='ocr_carea' id='block_1_19' title="bbox 1211 2096 2086 2197">
    <p class='ocr_par' dir='ltr' id='par_1_19' title="bbox 1211 2096 2086 2197">
     <span class='ocr_line' id='line_1_81' title="bbox 1211 2096 2086 2144; baseline 0.016 -19"><span class='ocrx_word' id='word_1_561' title='bbox 1211 2106 1283 2136; x_wconf 81' lang='lat' dir='ltr'><em>quos</em></span> <span class='ocrx_word' id='word_1_562' title='bbox 1306 2101 1338 2127; x_wconf 80' lang='lat' dir='ltr'><em>in</em></span> <span class='ocrx_word' id='word_1_563' title='bbox 1358 2096 1403 2127; x_wconf 80' lang='lat' dir='ltr'><em>hts</em></span> <span class='ocrx_word' id='word_1_564' title='bbox 1426 2099 1599 2138; x_wconf 78' lang='lat' dir='ltr'><em>quandoque</em></span> <span class='ocrx_word' id='word_1_565' title='bbox 1619 2101 1757 2139; x_wconf 84' lang='lat' dir='ltr'><em>partibus</em></span> <span class='ocrx_word' id='word_1_566' title='bbox 1785 2102 1870 2143; x_wconf 80' lang='lat' dir='ltr'><em>ipsius</em></span> <span class='ocrx_word' id='word_1_567' title='bbox 1892 2104 2086 2144; x_wconf 84' lang='lat' dir='ltr'><em>Apostolorum</em></span> 
     </span>
     <span class='ocr_line' id='line_1_82' title="bbox 1214 2146 2084 2197; baseline 0.014 -22"><span class='ocrx_word' id='word_1_568' title='bbox 1214 2147 1310 2176; x_wconf 77' lang='lat' dir='ltr'><em>Primi</em></span> <span class='ocrx_word' id='word_1_569' title='bbox 1321 2146 1421 2179; x_wconf 59' lang='lat' dir='ltr'><em>electro</em></span> <span class='ocrx_word' id='word_1_570' title='bbox 1429 2148 1590 2179; x_wconf 79' lang='lat' dir='ltr'><em>ordinavit</em></span> <span class='ocrx_word' id='word_1_571' title='bbox 1601 2173 1608 2179; x_wconf 93' lang='lat'>.</span> <span class='ocrx_word' id='word_1_572' title='bbox 1638 2153 1798 2183; x_wconf 86' lang='lat' dir='ltr'><em>Commune</em></span> <span class='ocrx_word' id='word_1_573' title='bbox 1808 2158 1909 2195; x_wconf 89' lang='lat' dir='ltr'><em>itaque</em></span> <span class='ocrx_word' id='word_1_574' title='bbox 1916 2155 2062 2197; x_wconf 81' lang='lat' dir='ltr'><em>gaudium</em></span> <span class='ocrx_word' id='word_1_575' title='bbox 2072 2181 2084 2197; x_wconf 84' lang='lat'><em>,</em></span> 
     </span>
    </p>
   </div>
   <div class='ocr_carea' id='block_1_20' title="bbox 1157 2066 1162 2165">
    <p class='ocr_par' dir='ltr' id='par_1_20' title="bbox 1157 2066 1162 2165">
     <span class='ocr_line' id='line_1_83' title="bbox 1157 2066 1162 2165; baseline 0 1591"><span class='ocrx_word' id='word_1_576' title='bbox 1157 2066 1162 2165; x_wconf 95' lang='lat' dir='ltr'><em> </em></span> 
     </span>
    </p>
   </div>
   <div class='ocr_carea' id='block_1_21' title="bbox 1190 1749 2094 2213">
    <p class='ocr_par' dir='ltr' id='par_1_21' title="bbox 1190 1748 2094 2213">
     <span class='ocr_line' id='line_1_84' title="bbox 1190 1749 2094 2213; baseline 0.01 -433"><span class='ocrx_word' id='word_1_577' title='bbox 1190 1749 1405 2213; x_wconf 54' lang='lat' dir='ltr'><em>&#39;effeminem</em></span> <span class='ocrx_word' id='word_1_578' title='bbox 1418 1750 1558 1783; x_wconf 59' lang='lat' dir='ltr'><em>facunde</em></span> <span class='ocrx_word' id='word_1_579' title='bbox 1570 1750 1701 1791; x_wconf 78' lang='lat' dir='ltr'><em>laudat,</em></span> <span class='ocrx_word' id='word_1_580' title='bbox 1725 1761 1823 1796; x_wconf 84' lang='lat' dir='ltr'><em>atque</em></span> <span class='ocrx_word' id='word_1_581' title='bbox 1845 1756 2018 1798; x_wconf 72' lang='lat' dir='ltr'><em>adjungit:</em></span> <span class='ocrx_word' id='word_1_582' title='bbox 2043 1760 2094 1789; x_wconf 74' lang='lat' dir='ltr'><em>Et</em></span> 
     </span>
    </p>
   </div>
   <div class='ocr_carea' id='block_1_22' title="bbox 1157 2170 1162 2213">
    <p class='ocr_par' dir='ltr' id='par_1_22' title="bbox 1157 2170 1162 2213">
     <span class='ocr_line' id='line_1_85' title="bbox 1157 2170 1162 2213; baseline 0 0"><span class='ocrx_word' id='word_1_583' title='bbox 1157 2170 1162 2213; x_wconf 69' lang='lat' dir='ltr'>ff</span> 
     </span>
    </p>
   </div>
   <div class='ocr_carea' id='block_1_23' title="bbox 263 2193 2084 2245">
    <p class='ocr_par' dir='ltr' id='par_1_23' title="bbox 263 2193 2084 2245">
     <span class='ocr_line' id='line_1_86' title="bbox 263 2193 2084 2245; baseline 0.004 -17"><span class='ocrx_word' id='word_1_584' title='bbox 263 2194 490 2230; x_wconf 72' lang='lat' dir='ltr'><em>instantissime</em></span> <span class='ocrx_word' id='word_1_585' title='bbox 502 2204 671 2237; x_wconf 83' lang='lat' dir='ltr'><em>coeperunt</em></span> <span class='ocrx_word' id='word_1_586' title='bbox 685 2204 786 2227; x_wconf 87' lang='lat' dir='ltr'><em>novos</em></span> <span class='ocrx_word' id='word_1_587' title='bbox 802 2194 944 2237; x_wconf 88' lang='lat' dir='ltr'>Legatos</span> <span class='ocrx_word' id='word_1_588' title='bbox 964 2193 1161 2239; x_wconf 61' lang='lat' dir='ltr'><em>postulare-9</em></span> <span class='ocrx_word' id='word_1_589' title='bbox 1213 2199 1339 2228; x_wconf 78' lang='lat' dir='ltr'><em>Fratres</em></span> <span class='ocrx_word' id='word_1_590' title='bbox 1360 2219 1368 2234; x_wconf 90' lang='lat'><strong><em>‚</em></strong></span> <span class='ocrx_word' id='word_1_591' title='bbox 1393 2201 1447 2236; x_wconf 79' lang='lat' dir='ltr'><em>pta</em></span> <span class='ocrx_word' id='word_1_592' title='bbox 1470 2197 1653 2230; x_wconf 75' lang='lat' dir='ltr'><em>exultatione</em></span> <span class='ocrx_word' id='word_1_593' title='bbox 1676 2198 1811 2242; x_wconf 78' lang='lat' dir='ltr'><em>suscipite</em></span> <span class='ocrx_word' id='word_1_594' title='bbox 1829 2225 1840 2242; x_wconf 91' lang='lat'>,</span> <span class='ocrx_word' id='word_1_595' title='bbox 1878 2204 1912 2235; x_wconf 60' lang='grc' dir='ltr'><em>ἐν</em></span> <span class='ocrx_word' id='word_1_596' title='bbox 1935 2206 2084 2245; x_wconf 70' lang='lat' dir='ltr'><em>quantum</em></span> 
     </span>
    </p>
   </div>
   <div class='ocr_carea' id='block_1_24' title="bbox 261 2243 2081 2346">
    <p class='ocr_par' dir='ltr' id='par_1_24' title="bbox 261 2243 2081 2346">
     <span class='ocr_line' id='line_1_87' title="bbox 262 2243 2081 2300; baseline 0.007 -25"><span class='ocrx_word' id='word_1_597' title='bbox 262 2247 430 2280; x_wconf 80' lang='lat' dir='ltr'><em>Laudatus</em></span> <span class='ocrx_word' id='word_1_598' title='bbox 460 2244 593 2300; x_wconf 60' lang='lat' dir='ltr'><em>sssafilius</em></span> <span class='ocrx_word' id='word_1_599' title='bbox 618 2245 651 2278; x_wconf 77' lang='grc' dir='ltr'><em>δε</em></span> <span class='ocrx_word' id='word_1_600' title='bbox 673 2243 746 2300; x_wconf 38' lang='lat' dir='ltr'><em>alii.</em></span> <span class='ocrx_word' id='word_1_601' title='bbox 762 2243 866 2287; x_wconf 80' lang='lat' dir='ltr'><em>plures</em></span> <span class='ocrx_word' id='word_1_602' title='bbox 894 2255 948 2286; x_wconf 85' lang='lat' dir='ltr'><em>per</em></span> <span class='ocrx_word' id='word_1_603' title='bbox 973 2243 1161 2286; x_wconf 72' lang='lat' dir='ltr'><em>Orientem}</em></span> <span class='ocrx_word' id='word_1_604' title='bbox 1210 2255 1265 2277; x_wconf 83' lang='lat' dir='ltr'><em>vos</em></span> <span class='ocrx_word' id='word_1_605' title='bbox 1289 2245 1449 2286; x_wconf 76' lang='lat' dir='ltr'><em>Apostolicae</em></span> <span class='ocrx_word' id='word_1_606' title='bbox 1470 2248 1553 2279; x_wconf 77' lang='lat' dir='ltr'><em>Sedis</em></span> <span class='ocrx_word' id='word_1_607' title='bbox 1582 2247 1682 2287; x_wconf 79' lang='lat' dir='ltr'><em>nostrae</em></span> <span class='ocrx_word' id='word_1_608' title='bbox 1695 2251 1844 2290; x_wconf 71' lang='lat' dir='ltr'><em>judicium</em></span> <span class='ocrx_word' id='word_1_609' title='bbox 1865 2256 2081 2298; x_wconf 76' lang='lat' dir='ltr'><em>comprobatis,</em></span> 
     </span>
     <span class='ocr_line' id='line_1_88' title="bbox 261 2293 2080 2346; baseline 0.004 -17"><span class='ocrx_word' id='word_1_610' title='bbox 261 2296 383 2340; x_wconf 87' lang='lat' dir='ltr'>Magni</span> <span class='ocrx_word' id='word_1_611' title='bbox 412 2295 561 2336; x_wconf 80' lang='lat' dir='ltr'><em>Episcopi</em></span> <span class='ocrx_word' id='word_1_612' title='bbox 593 2294 798 2337; x_wconf 76' lang='lat' dir='ltr'><em>pertinaciter</em></span> <span class='ocrx_word' id='word_1_613' title='bbox 820 2305 934 2326; x_wconf 85' lang='lat' dir='ltr'><em>contra</em></span> <span class='ocrx_word' id='word_1_614' title='bbox 963 2293 1139 2327; x_wconf 61' lang='lat' dir='ltr'><em>PauEinum</em></span> <span class='ocrx_word' id='word_1_615' title='bbox 1190 2293 1342 2336; x_wconf 76' lang='lat' dir='ltr'><em>,consueta</em></span> <span class='ocrx_word' id='word_1_616' title='bbox 1353 2294 1538 2338; x_wconf 80' lang='lat' dir='ltr'><em>rescriptione</em></span> <span class='ocrx_word' id='word_1_617' title='bbox 1551 2295 1724 2340; x_wconf 71' lang='lat' dir='ltr'><em>significate.</em></span> <span class='ocrx_word' id='word_1_618' title='bbox 1759 2302 1912 2335; x_wconf 77' lang='lat' dir='ltr'><em>Habentes</em></span> <span class='ocrx_word' id='word_1_619' title='bbox 1936 2305 2080 2346; x_wconf 77' lang='lat' dir='ltr'><em>duplicem</em></span> 
     </span>
    </p>
   </div>
   <div class='ocr_carea' id='block_1_25' title="bbox 262 2336 2080 2439">
    <p class='ocr_par' dir='ltr' id='par_1_25' title="bbox 262 2336 2080 2439">
     <span class='ocr_line' id='line_1_89' title="bbox 263 2336 2080 2392; baseline 0.002 -14"><span class='ocrx_word' id='word_1_620' title='bbox 263 2347 409 2379; x_wconf 86' lang='lat' dir='ltr'><em>faverunt</em></span> <span class='ocrx_word' id='word_1_621' title='bbox 431 2343 571 2378; x_wconf 77' lang='lat' dir='ltr'><em>Meletio</em></span> <span class='ocrx_word' id='word_1_622' title='bbox 590 2368 601 2383; x_wconf 92' lang='lat'>‚</span> <span class='ocrx_word' id='word_1_623' title='bbox 627 2343 659 2376; x_wconf 75' lang='grc' dir='ltr'><em>δε</em></span> <span class='ocrx_word' id='word_1_624' title='bbox 679 2343 748 2385; x_wconf 80' lang='lat' dir='ltr'><em>ejus</em></span> <span class='ocrx_word' id='word_1_625' title='bbox 770 2344 1014 2377; x_wconf 82' lang='lat' dir='ltr'><em>ordinationem</em></span> <span class='ocrx_word' id='word_1_626' title='bbox 1037 2344 1141 2387; x_wconf 87' lang='lat' dir='ltr'><em>impu·</em></span> <span class='ocrx_word' id='word_1_627' title='bbox 1189 2336 1399 2391; x_wconf 60' lang='lat' dir='ltr'><em>{exultationis</em></span> <span class='ocrx_word' id='word_1_628' title='bbox 1410 2344 1545 2388; x_wconf 82' lang='lat' dir='ltr'><em>causam:</em></span> <span class='ocrx_word' id='word_1_629' title='bbox 1573 2349 1618 2378; x_wconf 86' lang='lat' dir='ltr'><em>Et</em></span> <span class='ocrx_word' id='word_1_630' title='bbox 1632 2350 1715 2389; x_wconf 66' lang='lat' dir='ltr'><em>quod</em></span> <span class='ocrx_word' id='word_1_631' title='bbox 1723 2351 1803 2382; x_wconf 80' lang='lat' dir='ltr'><em>mala</em></span> <span class='ocrx_word' id='word_1_632' title='bbox 1818 2351 1880 2392; x_wconf 77' lang='lat' dir='ltr'><em>sine</em></span> <span class='ocrx_word' id='word_1_633' title='bbox 1891 2365 1971 2388; x_wconf 69' lang='lat' dir='ltr'><em>mora</em></span> <span class='ocrx_word' id='word_1_634' title='bbox 1992 2362 2080 2390; x_wconf 66' lang='lat' dir='ltr'><em>com,</em></span> 
     </span>
     <span class='ocr_line' id='line_1_90' title="bbox 262 2393 1140 2439; baseline -0.003 -11"><span class='ocrx_word' id='word_1_635' title='bbox 262 2404 445 2439; x_wconf 80' lang='lat' dir='ltr'><em>gnaverunt</em></span> <span class='ocrx_word' id='word_1_636' title='bbox 465 2406 505 2427; x_wconf 86' lang='lat' dir='ltr'><em>ex</em></span> <span class='ocrx_word' id='word_1_637' title='bbox 528 2394 621 2427; x_wconf 89' lang='lat' dir='ltr'><em>omni</em></span> <span class='ocrx_word' id='word_1_638' title='bbox 644 2393 742 2427; x_wconf 79' lang='lat' dir='ltr'><em>latere</em></span> <span class='ocrx_word' id='word_1_639' title='bbox 765 2404 772 2424; x_wconf 75' lang='grc' dir='ltr'>ε</span> <span class='ocrx_word' id='word_1_640' title='bbox 804 2393 845 2427; x_wconf 87' lang='lat' dir='ltr'><em>Et</em></span> <span class='ocrx_word' id='word_1_641' title='bbox 868 2403 976 2427; x_wconf 83' lang='lat' dir='ltr'><em>tamen</em></span> <span class='ocrx_word' id='word_1_642' title='bbox 999 2394 1140 2436; x_wconf 88' lang='lat' dir='ltr'><em>ipsorum</em></span> 
     </span>
    </p>
   </div>
   <div class='ocr_carea' id='block_1_26' title="bbox 1189 2395 2076 2444">
    <p class='ocr_par' dir='ltr' id='par_1_26' title="bbox 1189 2395 2076 2444">
     <span class='ocr_line' id='line_1_91' title="bbox 1189 2395 2076 2444; baseline 0.016 -19"><span class='ocrx_word' id='word_1_643' title='bbox 1189 2401 1191 2405; x_wconf 67' lang='lat'><strong><em>⁴</em></strong></span> <span class='ocrx_word' id='word_1_644' title='bbox 1203 2401 1316 2437; x_wconf 84' lang='lat' dir='ltr'><em>gantur</em></span> <span class='ocrx_word' id='word_1_645' title='bbox 1329 2420 1338 2435; x_wconf 88' lang='lat'><em>‚</em></span> <span class='ocrx_word' id='word_1_646' title='bbox 1358 2397 1391 2428; x_wconf 61' lang='grc' dir='ltr'>Θ</span> <span class='ocrx_word' id='word_1_647' title='bbox 1409 2404 1464 2437; x_wconf 83' lang='lat' dir='ltr'><em>pro</em></span> <span class='ocrx_word' id='word_1_648' title='bbox 1488 2395 1535 2428; x_wconf 75' lang='lat' dir='ltr'><em>bis</em></span> <span class='ocrx_word' id='word_1_649' title='bbox 1555 2405 1657 2438; x_wconf 85' lang='lat' dir='ltr'><em>optata</em></span> <span class='ocrx_word' id='word_1_650' title='bbox 1674 2397 1826 2441; x_wconf 61' lang='lat' dir='ltr'><em>subsecuta</em></span> <span class='ocrx_word' id='word_1_651' title='bbox 1837 2403 1962 2444; x_wconf 83' lang='lat' dir='ltr'><em>fuerint</em></span> <span class='ocrx_word' id='word_1_652' title='bbox 1982 2430 1988 2436; x_wconf 94' lang='lat'>.</span> <span class='ocrx_word' id='word_1_653' title='bbox 2030 2410 2076 2442; x_wconf 84' lang='lat' dir='ltr'><em>De</em></span> 
     </span>
    </p>
   </div>
   <div class='ocr_carea' id='block_1_27' title="bbox 140 3264 246 3292">
    <p class='ocr_par' dir='ltr' id='par_1_27' title="bbox 140 3264 246 3292">
     <span class='ocr_line' id='line_1_92' title="bbox 140 3264 246 3292; baseline 0.028 -9"><span class='ocrx_word' id='word_1_654' title='bbox 140 3264 170 3292; x_wconf 55' lang='grc' dir='ltr'><em>η·</em></span> <span class='ocrx_word' id='word_1_655' title='bbox 199 3267 246 3286; x_wconf 86' lang='lat'><em>21.</em></span> 
     </span>
    </p>
   </div>
   <div class='ocr_carea' id='block_1_28' title="bbox 259 2442 1141 3438">
    <p class='ocr_par' dir='ltr' id='par_1_28' title="bbox 263 2442 1141 2839">
     <span class='ocr_line' id='line_1_93' title="bbox 264 2442 1138 2486; baseline -0.002 -8"><span class='ocrx_word' id='word_1_656' title='bbox 264 2446 373 2478; x_wconf 77' lang='lat' dir='ltr'><em>nullus</em></span> <span class='ocrx_word' id='word_1_657' title='bbox 390 2444 525 2477; x_wconf 77' lang='lat' dir='ltr'><em>adduxit</em></span> <span class='ocrx_word' id='word_1_658' title='bbox 547 2443 737 2476; x_wconf 86' lang='lat' dir='ltr'><em>Luciferum</em></span> <span class='ocrx_word' id='word_1_659' title='bbox 753 2454 820 2476; x_wconf 84' lang='lat' dir='ltr'><em>non</em></span> <span class='ocrx_word' id='word_1_660' title='bbox 845 2442 938 2476; x_wconf 75' lang='lat' dir='ltr'><em>fuiffe</em></span> <span class='ocrx_word' id='word_1_661' title='bbox 949 2442 1138 2486; x_wconf 84' lang='lat' dir='ltr'><em>legitimum</em></span> 
     </span>
     <span class='ocr_line' id='line_1_94' title="bbox 265 2491 1140 2539; baseline -0.005 -10"><span class='ocrx_word' id='word_1_662' title='bbox 265 2493 548 2529; x_wconf 80' lang='lat' dir='ltr'><em>Consecratorem.</em></span> <span class='ocrx_word' id='word_1_663' title='bbox 575 2493 664 2539; x_wconf 88' lang='lat' dir='ltr'><em>Qia</em></span> <span class='ocrx_word' id='word_1_664' title='bbox 679 2493 794 2535; x_wconf 72' lang='lat' dir='ltr'><em>nempe</em></span> <span class='ocrx_word' id='word_1_665' title='bbox 807 2505 874 2525; x_wconf 87' lang='lat' dir='ltr'><em>non</em></span> <span class='ocrx_word' id='word_1_666' title='bbox 887 2493 959 2532; x_wconf 85' lang='lat' dir='ltr'><em>sua,</em></span> <span class='ocrx_word' id='word_1_667' title='bbox 992 2491 1044 2526; x_wconf 86' lang='lat' dir='ltr'><em>sed</em></span> <span class='ocrx_word' id='word_1_668' title='bbox 1057 2493 1140 2527; x_wconf 75' lang='lat' dir='ltr'><em>dele-</em></span> 
     </span>
     <span class='ocr_line' id='line_1_95' title="bbox 263 2542 1141 2589; baseline -0.003 -11"><span class='ocrx_word' id='word_1_669' title='bbox 263 2557 339 2589; x_wconf 86' lang='lat' dir='ltr'><em>gata</em></span> <span class='ocrx_word' id='word_1_670' title='bbox 352 2544 474 2578; x_wconf 84' lang='lat' dir='ltr'><em>Liberii</em></span> <span class='ocrx_word' id='word_1_671' title='bbox 495 2544 654 2586; x_wconf 85' lang='lat' dir='ltr'><em>potestate</em></span> <span class='ocrx_word' id='word_1_672' title='bbox 676 2544 916 2576; x_wconf 79' lang='lat' dir='ltr'><em>consecraverat</em></span> <span class='ocrx_word' id='word_1_673' title='bbox 928 2567 935 2573; x_wconf 93' lang='lat'><em>.</em></span> <span class='ocrx_word' id='word_1_674' title='bbox 964 2543 1006 2575; x_wconf 89' lang='lat' dir='ltr'><em>Et</em></span> <span class='ocrx_word' id='word_1_675' title='bbox 1021 2542 1141 2576; x_wconf 82' lang='lat' dir='ltr'><em>Roma·</em></span> 
     </span>
     <span class='ocr_line' id='line_1_96' title="bbox 265 2592 1139 2638; baseline -0.002 -10"><span class='ocrx_word' id='word_1_676' title='bbox 265 2607 322 2628; x_wconf 83' lang='lat' dir='ltr'><em>nas</em></span> <span class='ocrx_word' id='word_1_677' title='bbox 334 2595 532 2638; x_wconf 62' lang='lat' dir='ltr'><em>Legationes</em></span> <span class='ocrx_word' id='word_1_678' title='bbox 552 2593 636 2636; x_wconf 78' lang='lat' dir='ltr'><em>apud</em></span> <span class='ocrx_word' id='word_1_679' title='bbox 650 2593 822 2626; x_wconf 88' lang='lat' dir='ltr'><em>Orientem</em></span> <span class='ocrx_word' id='word_1_680' title='bbox 849 2592 940 2625; x_wconf 62' lang='lat' dir='ltr'><em>fuisse</em></span> <span class='ocrx_word' id='word_1_681' title='bbox 961 2592 1082 2634; x_wconf 86' lang='lat' dir='ltr'><em>semper</em></span> <span class='ocrx_word' id='word_1_682' title='bbox 1097 2594 1139 2626; x_wconf 83' lang='lat' dir='ltr'><em>fa·</em></span> 
     </span>
     <span class='ocr_line' id='line_1_97' title="bbox 265 2641 1140 2685; baseline 0 -8"><span class='ocrx_word' id='word_1_683' title='bbox 265 2646 404 2678; x_wconf 72' lang='lat' dir='ltr'><em>minares</em></span> <span class='ocrx_word' id='word_1_684' title='bbox 418 2668 428 2683; x_wconf 91' lang='lat'>‚</span> <span class='ocrx_word' id='word_1_685' title='bbox 455 2644 517 2685; x_wconf 80' lang='lat' dir='ltr'><em>jam</em></span> <span class='ocrx_word' id='word_1_686' title='bbox 538 2642 622 2676; x_wconf 79' lang='lat' dir='ltr'><em>dixit</em></span> <span class='ocrx_word' id='word_1_687' title='bbox 643 2643 777 2676; x_wconf 66' lang='lat' dir='ltr'><em>Sanetus</em></span> <span class='ocrx_word' id='word_1_688' title='bbox 803 2641 938 2675; x_wconf 78' lang='lat' dir='ltr'><em>Bafilius</em></span> <span class='ocrx_word' id='word_1_689' title='bbox 956 2665 964 2673; x_wconf 89' lang='lat'><strong><em>.</em></strong></span> <span class='ocrx_word' id='word_1_690' title='bbox 996 2642 1037 2674; x_wconf 87' lang='lat' dir='ltr'><em>Et</em></span> <span class='ocrx_word' id='word_1_691' title='bbox 1060 2655 1140 2677; x_wconf 89' lang='lat' dir='ltr'><em>nota</em></span> 
     </span>
     <span class='ocr_line' id='line_1_98' title="bbox 264 2691 1139 2737; baseline -0.002 -8"><span class='ocrx_word' id='word_1_692' title='bbox 264 2695 330 2729; x_wconf 75' lang='lat' dir='ltr'><em>haee</em></span> <span class='ocrx_word' id='word_1_693' title='bbox 341 2694 408 2737; x_wconf 77' lang='lat' dir='ltr'><em>ejus</em></span> <span class='ocrx_word' id='word_1_694' title='bbox 422 2691 512 2726; x_wconf 84' lang='lat' dir='ltr'><em>verba</em></span> <span class='ocrx_word' id='word_1_695' title='bbox 528 2706 534 2725; x_wconf 89' lang='lat'>:</span> <span class='ocrx_word' id='word_1_696' title='bbox 562 2694 592 2724; x_wconf 78' lang='lat'><em>51‘</em></span> <span class='ocrx_word' id='word_1_697' title='bbox 604 2704 664 2734; x_wconf 83' lang='lat' dir='ltr'><em>qua</em></span> <span class='ocrx_word' id='word_1_698' title='bbox 676 2698 708 2724; x_wconf 72' lang='lat' dir='ltr'><em>in</em></span> <span class='ocrx_word' id='word_1_699' title='bbox 718 2703 749 2725; x_wconf 87' lang='lat' dir='ltr'><em>re</em></span> <span class='ocrx_word' id='word_1_700' title='bbox 769 2691 941 2732; x_wconf 70' lang='lat' dir='ltr'><em>offendimus</em></span> <span class='ocrx_word' id='word_1_701' title='bbox 954 2715 965 2730; x_wconf 94' lang='lat'>,</span> <span class='ocrx_word' id='word_1_702' title='bbox 989 2698 1139 2736; x_wconf 78' lang='lat' dir='ltr'><em>corrigere-</em></span> 
     </span>
     <span class='ocr_line' id='line_1_99' title="bbox 263 2742 1138 2787; baseline 0 -10"><span class='ocrx_word' id='word_1_703' title='bbox 263 2756 327 2778; x_wconf 80' lang='lat' dir='ltr'><em>mur</em></span> <span class='ocrx_word' id='word_1_704' title='bbox 340 2769 347 2776; x_wconf 83' lang='lat'><strong>.</strong></span> <span class='ocrx_word' id='word_1_705' title='bbox 376 2743 521 2777; x_wconf 83' lang='lat' dir='ltr'><em>Edicunt</em></span> <span class='ocrx_word' id='word_1_706' title='bbox 545 2743 704 2776; x_wconf 85' lang='lat' dir='ltr'><em>Romanis</em></span> <span class='ocrx_word' id='word_1_707' title='bbox 725 2743 945 2787; x_wconf 86' lang='lat' dir='ltr'><em>Legatistunc</em></span> <span class='ocrx_word' id='word_1_708' title='bbox 965 2742 1056 2775; x_wconf 79' lang='lat' dir='ltr'><em>fuisse</em></span> <span class='ocrx_word' id='word_1_709' title='bbox 1069 2755 1138 2786; x_wconf 83' lang='lat' dir='ltr'><em>pro·</em></span> 
     </span>
     <span class='ocr_line' id='line_1_100' title="bbox 263 2791 768 2839; baseline -0.008 -12"><span class='ocrx_word' id='word_1_710' title='bbox 263 2795 368 2839; x_wconf 73' lang='lat' dir='ltr'><em>prium</em></span> <span class='ocrx_word' id='word_1_711' title='bbox 391 2794 424 2826; x_wconf 90' lang='lat' dir='ltr'><em>in</em></span> <span class='ocrx_word' id='word_1_712' title='bbox 438 2794 576 2828; x_wconf 85' lang='lat' dir='ltr'><em>Oriente</em></span> <span class='ocrx_word' id='word_1_713' title='bbox 587 2791 768 2825; x_wconf 85' lang='lat' dir='ltr'><em>Tribunal.</em></span> 
     </span>
    </p>

    <p class='ocr_par' dir='ltr' id='par_1_29' title="bbox 259 2841 1137 3438">
     <span class='ocr_line' id='line_1_101' title="bbox 314 2841 1137 2887; baseline -0.001 -10"><span class='ocrx_word' id='word_1_714' title='bbox 314 2845 438 2877; x_wconf 85' lang='lat' dir='ltr'><em>Eadem</em></span> <span class='ocrx_word' id='word_1_715' title='bbox 450 2841 659 2876; x_wconf 81' lang='lat' dir='ltr'><em>consecrandi</em></span> <span class='ocrx_word' id='word_1_716' title='bbox 674 2841 870 2876; x_wconf 82' lang='lat' dir='ltr'><em>authoritate</em></span> <span class='ocrx_word' id='word_1_717' title='bbox 882 2843 957 2875; x_wconf 84' lang='lat' dir='ltr'><em>usus</em></span> <span class='ocrx_word' id='word_1_718' title='bbox 976 2842 1039 2878; x_wconf 85' lang='lat' dir='ltr'><em>fuit</em></span> <span class='ocrx_word' id='word_1_719' title='bbox 1051 2841 1137 2887; x_wconf 84' lang='lat' dir='ltr'><em>Aga·</em></span> 
     </span>
     <span class='ocr_line' id='line_1_102' title="bbox 264 2891 1135 2938; baseline -0.001 -10"><span class='ocrx_word' id='word_1_720' title='bbox 264 2906 356 2938; x_wconf 87' lang='lat' dir='ltr'><em>petus</em></span> <span class='ocrx_word' id='word_1_721' title='bbox 379 2894 555 2927; x_wconf 74' lang='lat' dir='ltr'><em>Pontifex.</em></span> <span class='ocrx_word' id='word_1_722' title='bbox 583 2892 767 2938; x_wconf 85' lang='lat' dir='ltr'><em>Qomodo</em></span> <span class='ocrx_word' id='word_1_723' title='bbox 789 2891 985 2926; x_wconf 80' lang='lat' dir='ltr'><em>Theodatus</em></span> <span class='ocrx_word' id='word_1_724' title='bbox 1008 2893 1135 2927; x_wconf 79' lang='lat' dir='ltr'><em>Gotho-</em></span> 
     </span>
     <span class='ocr_line' id='line_1_103' title="bbox 264 2942 1137 2986; baseline -0.002 -8"><span class='ocrx_word' id='word_1_725' title='bbox 264 2956 336 2978; x_wconf 90' lang='lat' dir='ltr'><em>rum</em></span> <span class='ocrx_word' id='word_1_726' title='bbox 351 2947 381 2976; x_wconf 88' lang='lat' dir='ltr'><em>in</em></span> <span class='ocrx_word' id='word_1_727' title='bbox 395 2944 485 2977; x_wconf 64' lang='lat' dir='ltr'><em>ltalia</em></span> <span class='ocrx_word' id='word_1_728' title='bbox 500 2942 642 2976; x_wconf 84' lang='lat' dir='ltr'><em>Arianus</em></span> <span class='ocrx_word' id='word_1_729' title='bbox 657 2942 840 2985; x_wconf 82' lang='lat' dir='ltr'><em>Rexipsum</em></span> <span class='ocrx_word' id='word_1_730' title='bbox 854 2942 968 2986; x_wconf 78' lang='lat' dir='ltr'><em>legarit</em></span> <span class='ocrx_word' id='word_1_731' title='bbox 979 2943 1137 2977; x_wconf 86' lang='lat' dir='ltr'><em>Constan-</em></span> 
     </span>
     <span class='ocr_line' id='line_1_104' title="bbox 263 2991 1136 3036; baseline 0.001 -9"><span class='ocrx_word' id='word_1_732' title='bbox 263 2993 440 3036; x_wconf 76' lang='lat' dir='ltr'><em>tinopolim</em></span> <span class='ocrx_word' id='word_1_733' title='bbox 465 3016 476 3031; x_wconf 89' lang='lat'><strong>,</strong></span> <span class='ocrx_word' id='word_1_734' title='bbox 501 2993 535 3026; x_wconf 71' lang='grc' dir='ltr'><em>ὅ(</em></span> <span class='ocrx_word' id='word_1_735' title='bbox 557 2991 728 3033; x_wconf 88' lang='lat' dir='ltr'><em>quomodo</em></span> <span class='ocrx_word' id='word_1_736' title='bbox 757 2992 823 3034; x_wconf 84' lang='lat' dir='ltr'><em>ipse</em></span> <span class='ocrx_word' id='word_1_737' title='bbox 844 2991 911 3025; x_wconf 80' lang='lat' dir='ltr'><em>illic</em></span> <span class='ocrx_word' id='word_1_738' title='bbox 937 2992 1136 3027; x_wconf 84' lang='lat' dir='ltr'><em>Anthimum</em></span> 
     </span>
     <span class='ocr_line' id='line_1_105' title="bbox 262 3042 1134 3086; baseline 0 -9"><span class='ocrx_word' id='word_1_739' title='bbox 262 3042 547 3086; x_wconf 85' lang='lat' dir='ltr'><em>Trapezuntinum</em></span> <span class='ocrx_word' id='word_1_740' title='bbox 571 3043 767 3086; x_wconf 78' lang='lat' dir='ltr'><em>Episcopum</em></span> <span class='ocrx_word' id='word_1_741' title='bbox 788 3066 799 3081; x_wconf 92' lang='lat'>‚</span> <span class='ocrx_word' id='word_1_742' title='bbox 826 3052 923 3084; x_wconf 81' lang='lat' dir='ltr'><em>quem</em></span> <span class='ocrx_word' id='word_1_743' title='bbox 947 3042 1134 3085; x_wconf 82' lang='lat' dir='ltr'><em>Imperatrix</em></span> 
     </span>
     <span class='ocr_line' id='line_1_106' title="bbox 263 3092 1134 3135; baseline 0.001 -9"><span class='ocrx_word' id='word_1_744' title='bbox 263 3092 444 3126; x_wconf 81' lang='lat' dir='ltr'><em>Theodora</em></span> <span class='ocrx_word' id='word_1_745' title='bbox 469 3092 638 3125; x_wconf 85' lang='lat' dir='ltr'><em>intruserat</em></span> <span class='ocrx_word' id='word_1_746' title='bbox 660 3093 692 3125; x_wconf 88' lang='lat' dir='ltr'><em>in</em></span> <span class='ocrx_word' id='word_1_747' title='bbox 717 3092 828 3135; x_wconf 82' lang='lat' dir='ltr'><em>Regiae</em></span> <span class='ocrx_word' id='word_1_748' title='bbox 855 3092 994 3126; x_wconf 85' lang='lat' dir='ltr'><em>civitatis</em></span> <span class='ocrx_word' id='word_1_749' title='bbox 1020 3092 1134 3127; x_wconf 77' lang='lat' dir='ltr'><em>Cathe-</em></span> 
     </span>
     <span class='ocr_line' id='line_1_107' title="bbox 262 3140 1134 3185; baseline 0.001 -8"><span class='ocrx_word' id='word_1_750' title='bbox 262 3144 352 3177; x_wconf 86' lang='lat' dir='ltr'><em>dram</em></span> <span class='ocrx_word' id='word_1_751' title='bbox 365 3167 374 3181; x_wconf 85' lang='lat'>‚</span> <span class='ocrx_word' id='word_1_752' title='bbox 399 3140 622 3184; x_wconf 74' lang='lat' dir='ltr'><em>degradaverit</em></span> <span class='ocrx_word' id='word_1_753' title='bbox 641 3151 738 3182; x_wconf 78' lang='lat' dir='ltr'><em>atque</em></span> <span class='ocrx_word' id='word_1_754' title='bbox 759 3142 886 3184; x_wconf 80' lang='lat' dir='ltr'><em>ejecerit</em></span> <span class='ocrx_word' id='word_1_755' title='bbox 902 3141 947 3175; x_wconf 89' lang='lat' dir='ltr'><em>ob</em></span> <span class='ocrx_word' id='word_1_756' title='bbox 961 3142 1134 3185; x_wconf 79' lang='lat' dir='ltr'><em>Eutychia·</em></span> 
     </span>
     <span class='ocr_line' id='line_1_108' title="bbox 263 3190 1131 3229; baseline 0 -3"><span class='ocrx_word' id='word_1_757' title='bbox 263 3204 336 3226; x_wconf 85' lang='lat' dir='ltr'><em>nam</em></span> <span class='ocrx_word' id='word_1_758' title='bbox 351 3190 486 3224; x_wconf 74' lang='lat' dir='ltr'><em>haerefim</em></span> <span class='ocrx_word' id='word_1_759' title='bbox 498 3216 507 3229; x_wconf 91' lang='lat'>,</span> <span class='ocrx_word' id='word_1_760' title='bbox 535 3191 629 3223; x_wconf 85' lang='lat' dir='ltr'><em>refert</em></span> <span class='ocrx_word' id='word_1_761' title='bbox 653 3191 684 3222; x_wconf 89' lang='lat' dir='ltr'><em>in</em></span> <span class='ocrx_word' id='word_1_762' title='bbox 698 3190 862 3224; x_wconf 76' lang='lat' dir='ltr'><em>Breviario</em></span> <span class='ocrx_word' id='word_1_763' title='bbox 878 3192 1045 3225; x_wconf 80' lang='lat' dir='ltr'><em>Liberatus</em></span> <span class='ocrx_word' id='word_1_764' title='bbox 1057 3194 1131 3229; x_wconf 83' lang='lat' dir='ltr'><em>Dia-</em></span> 
     </span>
     <span class='ocr_line' id='line_1_109' title="bbox 262 3240 1135 3284; baseline -0.003 -7"><span class='ocrx_word' id='word_1_765' title='bbox 262 3253 365 3277; x_wconf 88' lang='lat' dir='ltr'><em>conus</em></span> <span class='ocrx_word' id='word_1_766' title='bbox 378 3266 387 3280; x_wconf 95' lang='lat'>,</span> <span class='ocrx_word' id='word_1_767' title='bbox 415 3241 447 3274; x_wconf 86' lang='lat'>&amp;</span> <span class='ocrx_word' id='word_1_768' title='bbox 459 3240 605 3284; x_wconf 85' lang='lat' dir='ltr'><em>adjungit</em></span> <span class='ocrx_word' id='word_1_769' title='bbox 620 3253 630 3272; x_wconf 88' lang='lat'><em>:</em></span> <span class='ocrx_word' id='word_1_770' title='bbox 657 3244 736 3272; x_wconf 81' lang='lat' dir='ltr'><em>Tunc</em></span> <span class='ocrx_word' id='word_1_771' title='bbox 759 3243 846 3281; x_wconf 73' lang='lat' dir='ltr'><em>Papa</em></span> <span class='ocrx_word' id='word_1_772' title='bbox 870 3245 1014 3282; x_wconf 78' lang='lat' dir='ltr'><em>Principis</em></span> <span class='ocrx_word' id='word_1_773' title='bbox 1021 3242 1135 3283; x_wconf 69' lang='lat' dir='ltr'><em>favore</em></span> 
     </span>
     <span class='ocr_line' id='line_1_110' title="bbox 262 3290 1130 3334; baseline -0.001 -8"><span class='ocrx_word' id='word_1_774' title='bbox 262 3298 404 3326; x_wconf 80' lang='lat' dir='ltr'><em>Mennam</em></span> <span class='ocrx_word' id='word_1_775' title='bbox 426 3300 481 3332; x_wconf 90' lang='lat' dir='ltr'><em>pro</em></span> <span class='ocrx_word' id='word_1_776' title='bbox 505 3301 535 3322; x_wconf 88' lang='lat' dir='ltr'><em>eo</em></span> <span class='ocrx_word' id='word_1_777' title='bbox 556 3290 711 3322; x_wconf 80' lang='lat' dir='ltr'><em>ordinavit</em></span> <span class='ocrx_word' id='word_1_778' title='bbox 739 3290 903 3329; x_wconf 69' lang='lat' dir='ltr'><em>Antrstr&#39;tem</em></span> <span class='ocrx_word' id='word_1_779' title='bbox 926 3317 935 3331; x_wconf 92' lang='lat'>,</span> <span class='ocrx_word' id='word_1_780' title='bbox 961 3291 1130 3334; x_wconf 70' lang='lat' dir='ltr'><em>consecrans</em></span> 
     </span>
     <span class='ocr_line' id='line_1_111' title="bbox 260 3338 1131 3383; baseline 0.002 -7"><span class='ocrx_word' id='word_1_781' title='bbox 260 3355 324 3376; x_wconf 87' lang='lat' dir='ltr'><em>eum</em></span> <span class='ocrx_word' id='word_1_782' title='bbox 336 3354 424 3374; x_wconf 78' lang='lat' dir='ltr'><em>manu</em></span> <span class='ocrx_word' id='word_1_783' title='bbox 444 3340 500 3383; x_wconf 84' lang='lat' dir='ltr'><em>sua</em></span> <span class='ocrx_word' id='word_1_784' title='bbox 513 3338 679 3380; x_wconf 73' lang='lat' dir='ltr'><em>inBafilica</em></span> <span class='ocrx_word' id='word_1_785' title='bbox 698 3338 813 3381; x_wconf 76' lang='lat' dir='ltr'><em>sanc‘lae</em></span> <span class='ocrx_word' id='word_1_786' title='bbox 838 3345 964 3374; x_wconf 57' lang='grc' dir='ltr'><em>Μανία.</em></span> <span class='ocrx_word' id='word_1_787' title='bbox 994 3343 1028 3375; x_wconf 82' lang='lat' dir='ltr'><em>ln</em></span> <span class='ocrx_word' id='word_1_788' title='bbox 1044 3343 1131 3378; x_wconf 85' lang='lat' dir='ltr'><em>Con·</em></span> 
     </span>
     <span class='ocr_line' id='line_1_112' title="bbox 259 3389 1129 3438; baseline 0 -11"><span class='ocrx_word' id='word_1_789' title='bbox 259 3390 546 3435; x_wconf 77' lang='lat' dir='ltr'><em>stantinopolitana</em></span> <span class='ocrx_word' id='word_1_790' title='bbox 561 3389 649 3423; x_wconf 86' lang='lat' dir='ltr'>istius</span> <span class='ocrx_word' id='word_1_791' title='bbox 663 3389 792 3424; x_wconf 81' lang='lat' dir='ltr'><em>Mennae</em></span> <span class='ocrx_word' id='word_1_792' title='bbox 804 3390 939 3434; x_wconf 89' lang='lat' dir='ltr'><em>Synodo</em></span> <span class='ocrx_word' id='word_1_793' title='bbox 950 3391 1050 3427; x_wconf 85' lang='lat' dir='ltr'><em>exstat</em></span> <span class='ocrx_word' id='word_1_794' title='bbox 1060 3397 1129 3438; x_wconf 84' lang='lat' dir='ltr'><em>post</em></span> 
     </span>
    </p>
   </div>
   <div class='ocr_carea' id='block_1_29' title="bbox 1154 2317 1161 2514">
    <p class='ocr_par' dir='ltr' id='par_1_30' title="bbox 1154 2317 1161 2514">
     <span class='ocr_line' id='line_1_113' title="bbox 1154 2317 1161 2514; baseline 0 1242"><span class='ocrx_word' id='word_1_795' title='bbox 1154 2317 1161 2514; x_wconf 95' lang='lat' dir='ltr'><em> </em></span> 
     </span>
    </p>
   </div>
   <div class='ocr_carea' id='block_1_30' title="bbox 1153 2517 1157 2666">
    <p class='ocr_par' dir='ltr' id='par_1_31' title="bbox 1153 2517 1157 2666">
     <span class='ocr_line' id='line_1_114' title="bbox 1153 2517 1157 2666; baseline 0 1090"><span class='ocrx_word' id='word_1_796' title='bbox 1153 2517 1157 2666; x_wconf 95' lang='lat' dir='ltr'><em> </em></span> 
     </span>
    </p>
   </div>
   <div class='ocr_carea' id='block_1_31' title="bbox 1184 2493 1189 2580">
    <p class='ocr_par' dir='ltr' id='par_1_32' title="bbox 1184 2493 1189 2580">
     <span class='ocr_line' id='line_1_115' title="bbox 1184 2493 1189 2580; baseline 0 1176"><span class='ocrx_word' id='word_1_797' title='bbox 1184 2493 1189 2580; x_wconf 95' lang='lat' dir='ltr'><em> </em></span> 
     </span>
    </p>
   </div>
   <div class='ocr_carea' id='block_1_32' title="bbox 1203 2450 2076 2544">
    <p class='ocr_par' dir='ltr' id='par_1_33' title="bbox 1203 2450 2076 2544">
     <span class='ocr_line' id='line_1_116' title="bbox 1206 2450 2076 2497; baseline 0.016 -21"><span class='ocrx_word' id='word_1_798' title='bbox 1206 2453 1312 2476; x_wconf 81' lang='lat' dir='ltr'><em>caetero</em></span> <span class='ocrx_word' id='word_1_799' title='bbox 1319 2453 1529 2485; x_wconf 78' lang='lat' dir='ltr'><em>praecaventes</em></span> <span class='ocrx_word' id='word_1_800' title='bbox 1540 2470 1550 2486; x_wconf 90' lang='lat'><strong>,</strong></span> <span class='ocrx_word' id='word_1_801' title='bbox 1576 2458 1613 2479; x_wconf 89' lang='lat' dir='ltr'><em>ne</em></span> <span class='ocrx_word' id='word_1_802' title='bbox 1621 2450 1741 2481; x_wconf 60' lang='lat' dir='ltr'><em>rursum</em></span> <span class='ocrx_word' id='word_1_803' title='bbox 1748 2453 1905 2486; x_wconf 77' lang='lat' dir='ltr'><em>canonicis</em></span> <span class='ocrx_word' id='word_1_804' title='bbox 1919 2453 2076 2497; x_wconf 58' lang='lat' dir='ltr'><em>sancqr&#39;om-</em></span> 
     </span>
     <span class='ocr_line' id='line_1_117' title="bbox 1203 2493 2074 2544; baseline 0.018 -19"><span class='ocrx_word' id='word_1_805' title='bbox 1203 2493 1254 2525; x_wconf 83' lang='lat' dir='ltr'><em>bus</em></span> <span class='ocrx_word' id='word_1_806' title='bbox 1277 2496 1352 2535; x_wconf 73' lang='lat' dir='ltr'><em>quid</em></span> <span class='ocrx_word' id='word_1_807' title='bbox 1361 2502 1541 2529; x_wconf 81' lang='lat' dir='ltr'><em>contrarium</em></span> <span class='ocrx_word' id='word_1_808' title='bbox 1560 2507 1619 2539; x_wconf 82' lang='lat' dir='ltr'><em>per</em></span> <span class='ocrx_word' id='word_1_809' title='bbox 1629 2509 1683 2531; x_wconf 85' lang='lat' dir='ltr'><em>vos</em></span> <span class='ocrx_word' id='word_1_810' title='bbox 1703 2499 1784 2542; x_wconf 86' lang='lat' dir='ltr'><em>fiat,</em></span> <span class='ocrx_word' id='word_1_811' title='bbox 1811 2503 1905 2544; x_wconf 85' lang='lat' dir='ltr'><em>vestro</em></span> <span class='ocrx_word' id='word_1_812' title='bbox 1924 2507 2074 2541; x_wconf 80' lang='lat' dir='ltr'><em>accedente</em></span> 
     </span>
    </p>
   </div>
   <div class='ocr_carea' id='block_1_33' title="bbox 1197 2542 2112 3486">
    <p class='ocr_par' dir='ltr' id='par_1_34' title="bbox 1201 2542 1355 2586">
     <span class='ocr_line' id='line_1_118' title="bbox 1201 2542 1355 2586; baseline 0.013 -11"><span class='ocrx_word' id='word_1_813' title='bbox 1201 2542 1355 2586; x_wconf 82' lang='lat' dir='ltr'><em>consensu.</em></span> 
     </span>
    </p>

    <p class='ocr_par' dir='ltr' id='par_1_35' title="bbox 1197 2593 2112 3445">
     <span class='ocr_line' id='line_1_119' title="bbox 1252 2593 2078 2650; baseline 0.021 -24"><span class='ocrx_word' id='word_1_814' title='bbox 1252 2593 1409 2629; x_wconf 82' lang='lat' dir='ltr'><em>Notanda</em></span> <span class='ocrx_word' id='word_1_815' title='bbox 1427 2598 1471 2631; x_wconf 86' lang='lat' dir='ltr'><em>est</em></span> <span class='ocrx_word' id='word_1_816' title='bbox 1496 2609 1582 2638; x_wconf 83' lang='lat' dir='ltr'><em>vox,</em></span> <span class='ocrx_word' id='word_1_817' title='bbox 1611 2604 1762 2634; x_wconf 85' lang='lat' dir='ltr'><em>Fratres.</em></span> <span class='ocrx_word' id='word_1_818' title='bbox 1792 2604 1925 2640; x_wconf 85' lang='lat' dir='ltr'><em>Evincit</em></span> <span class='ocrx_word' id='word_1_819' title='bbox 1947 2607 2078 2650; x_wconf 74' lang='lat' dir='ltr'><em>Episto-</em></span> 
     </span>
     <span class='ocr_line' id='line_1_120' title="bbox 1205 2644 2072 2699; baseline 0.02 -24"><span class='ocrx_word' id='word_1_820' title='bbox 1205 2644 1266 2676; x_wconf 84' lang='lat' dir='ltr'><em>lam</em></span> <span class='ocrx_word' id='word_1_821' title='bbox 1284 2655 1348 2678; x_wconf 85' lang='lat' dir='ltr'><em>non</em></span> <span class='ocrx_word' id='word_1_822' title='bbox 1363 2645 1402 2678; x_wconf 88' lang='lat' dir='ltr'><em>ad</em></span> <span class='ocrx_word' id='word_1_823' title='bbox 1419 2647 1521 2680; x_wconf 78' lang='lat' dir='ltr'><em>solum</em></span> <span class='ocrx_word' id='word_1_824' title='bbox 1538 2647 1670 2683; x_wconf 88' lang='lat' dir='ltr'><em>Petrum</em></span> <span class='ocrx_word' id='word_1_825' title='bbox 1683 2674 1693 2689; x_wconf 92' lang='lat'>,</span> <span class='ocrx_word' id='word_1_826' title='bbox 1721 2652 1773 2687; x_wconf 89' lang='lat' dir='ltr'><em>sed</em></span> <span class='ocrx_word' id='word_1_827' title='bbox 1787 2654 1937 2699; x_wconf 80' lang='lat' dir='ltr'><em>scriptam</em></span> <span class='ocrx_word' id='word_1_828' title='bbox 1948 2658 2011 2691; x_wconf 78' lang='lat' dir='ltr'><em>esse</em></span> <span class='ocrx_word' id='word_1_829' title='bbox 2030 2656 2072 2691; x_wconf 86' lang='lat' dir='ltr'><em>ad</em></span> 
     </span>
     <span class='ocr_line' id='line_1_121' title="bbox 1202 2697 2070 2750; baseline 0.016 -25"><span class='ocrx_word' id='word_1_830' title='bbox 1202 2704 1317 2727; x_wconf 83' lang='lat' dir='ltr'><em>omnes</em></span> <span class='ocrx_word' id='word_1_831' title='bbox 1336 2697 1522 2732; x_wconf 77' lang='lat' dir='ltr'><em>Orientales</em></span> <span class='ocrx_word' id='word_1_832' title='bbox 1533 2697 1733 2735; x_wconf 79' lang='lat' dir='ltr'><em>patriarchas</em></span> <span class='ocrx_word' id='word_1_833' title='bbox 1753 2713 1849 2747; x_wconf 83' lang='lat' dir='ltr'><em>atque</em></span> <span class='ocrx_word' id='word_1_834' title='bbox 1873 2705 2070 2750; x_wconf 85' lang='lat' dir='ltr'><em>Episcopos.</em></span> 
     </span>
     <span class='ocr_line' id='line_1_122' title="bbox 1203 2743 2070 2797; baseline 0.018 -21"><span class='ocrx_word' id='word_1_835' title='bbox 1203 2744 1245 2776; x_wconf 83' lang='lat' dir='ltr'><em>Et</em></span> <span class='ocrx_word' id='word_1_836' title='bbox 1272 2743 1350 2778; x_wconf 88' lang='lat' dir='ltr'><em>hinc</em></span> <span class='ocrx_word' id='word_1_837' title='bbox 1377 2748 1497 2780; x_wconf 68' lang='lat' dir='ltr'><em>testum</em></span> <span class='ocrx_word' id='word_1_838' title='bbox 1518 2749 1563 2781; x_wconf 85' lang='lat' dir='ltr'><em>est</em></span> <span class='ocrx_word' id='word_1_839' title='bbox 1590 2749 1658 2792; x_wconf 82' lang='lat' dir='ltr'><em>ejus</em></span> <span class='ocrx_word' id='word_1_840' title='bbox 1684 2755 1861 2797; x_wconf 87' lang='lat' dir='ltr'><em>marginale</em></span> <span class='ocrx_word' id='word_1_841' title='bbox 1887 2756 2043 2790; x_wconf 84' lang='lat' dir='ltr'><em>Scholion</em></span> <span class='ocrx_word' id='word_1_842' title='bbox 2059 2771 2070 2790; x_wconf 93' lang='lat'><em>:</em></span> 
     </span>
     <span class='ocr_line' id='line_1_123' title="bbox 1203 2795 2068 2849; baseline 0.018 -25"><span class='ocrx_word' id='word_1_843' title='bbox 1203 2795 1353 2832; x_wconf 70' lang='lat' dir='ltr'><em>Encyclr&#39;ca</em></span> <span class='ocrx_word' id='word_1_844' title='bbox 1364 2796 1496 2838; x_wconf 83' lang='lat' dir='ltr'><em>Epistola</em></span> <span class='ocrx_word' id='word_1_845' title='bbox 1509 2802 1634 2841; x_wconf 74' lang='lat' dir='ltr'><em>Agapett</em></span> <span class='ocrx_word' id='word_1_846' title='bbox 1646 2802 1739 2842; x_wconf 75' lang='lat' dir='ltr'><em>Papae</em></span> <span class='ocrx_word' id='word_1_847' title='bbox 1753 2827 1765 2834; x_wconf 87' lang='lat'><em>..</em></span> <span class='ocrx_word' id='word_1_848' title='bbox 1784 2805 1826 2838; x_wconf 90' lang='lat' dir='ltr'><em>Et</em></span> <span class='ocrx_word' id='word_1_849' title='bbox 1839 2817 1879 2839; x_wconf 81' lang='lat' dir='ltr'><em>ex</em></span> <span class='ocrx_word' id='word_1_850' title='bbox 1892 2806 1956 2849; x_wconf 76' lang='lat' dir='ltr'><em>ipsa</em></span> <span class='ocrx_word' id='word_1_851' title='bbox 1973 2807 2068 2841; x_wconf 88' lang='lat' dir='ltr'><em>disci-</em></span> 
     </span>
     <span class='ocr_line' id='line_1_124' title="bbox 1201 2847 2069 2892; baseline 0.018 -17"><span class='ocrx_word' id='word_1_852' title='bbox 1201 2855 1273 2876; x_wconf 83' lang='lat' dir='ltr'><em>mus</em></span> <span class='ocrx_word' id='word_1_853' title='bbox 1288 2847 1373 2878; x_wconf 85' lang='lat' dir='ltr'><em>varia</em></span> <span class='ocrx_word' id='word_1_854' title='bbox 1387 2872 1397 2878; x_wconf 93' lang='lat'><em>..</em></span> <span class='ocrx_word' id='word_1_855' title='bbox 1422 2847 1534 2880; x_wconf 82' lang='lat' dir='ltr'><em>Primo</em></span> <span class='ocrx_word' id='word_1_856' title='bbox 1546 2872 1558 2887; x_wconf 85' lang='lat'>,</span> <span class='ocrx_word' id='word_1_857' title='bbox 1570 2850 1659 2892; x_wconf 88' lang='lat' dir='ltr'><em>quod</em></span> <span class='ocrx_word' id='word_1_858' title='bbox 1672 2853 1717 2886; x_wconf 87' lang='lat' dir='ltr'><em>uti</em></span> <span class='ocrx_word' id='word_1_859' title='bbox 1731 2853 1885 2889; x_wconf 87' lang='lat' dir='ltr'><em>Anthimi</em></span> <span class='ocrx_word' id='word_1_860' title='bbox 1899 2857 2069 2890; x_wconf 73' lang='lat' dir='ltr'><em>translatio</em></span> 
     </span>
     <span class='ocr_line' id='line_1_125' title="bbox 1200 2893 2069 2940; baseline 0.016 -15"><span class='ocrx_word' id='word_1_861' title='bbox 1200 2893 1260 2926; x_wconf 90' lang='lat' dir='ltr'><em>fuit</em></span> <span class='ocrx_word' id='word_1_862' title='bbox 1277 2895 1403 2929; x_wconf 85' lang='lat' dir='ltr'><em>adversa</em></span> <span class='ocrx_word' id='word_1_863' title='bbox 1416 2897 1628 2937; x_wconf 75' lang='lat' dir='ltr'><em>canonibus,</em></span> <span class='ocrx_word' id='word_1_864' title='bbox 1655 2901 1701 2934; x_wconf 82' lang='lat' dir='ltr'><em>ita</em></span> <span class='ocrx_word' id='word_1_865' title='bbox 1713 2902 1845 2938; x_wconf 86' lang='lat' dir='ltr'><em>Mennae</em></span> <span class='ocrx_word' id='word_1_866' title='bbox 1866 2907 2069 2940; x_wconf 84' lang='lat' dir='ltr'><em>consecratio</em></span> 
     </span>
     <span class='ocr_line' id='line_1_126' title="bbox 1200 2943 2067 2999; baseline 0.018 -25"><span class='ocrx_word' id='word_1_867' title='bbox 1200 2943 1320 2978; x_wconf 85' lang='lat' dir='ltr'><em>eisdem</em></span> <span class='ocrx_word' id='word_1_868' title='bbox 1334 2946 1431 2979; x_wconf 87' lang='lat' dir='ltr'><em>fuerit</em></span> <span class='ocrx_word' id='word_1_869' title='bbox 1447 2949 1644 2982; x_wconf 87' lang='lat' dir='ltr'><em>conformis.</em></span> <span class='ocrx_word' id='word_1_870' title='bbox 1672 2951 1846 2993; x_wconf 71' lang='lat' dir='ltr'><em>Secundo,</em></span> <span class='ocrx_word' id='word_1_871' title='bbox 1867 2955 1954 2998; x_wconf 74' lang='lat' dir='ltr'><em>quod</em></span> <span class='ocrx_word' id='word_1_872' title='bbox 1967 2954 2067 2999; x_wconf 83' lang='lat' dir='ltr'><em>Papa-</em></span> 
     </span>
     <span class='ocr_line' id='line_1_127' title="bbox 1199 2992 2067 3047; baseline 0.017 -22"><span class='ocrx_word' id='word_1_873' title='bbox 1199 2992 1285 3027; x_wconf 83' lang='lat' dir='ltr'>libus</span> <span class='ocrx_word' id='word_1_874' title='bbox 1298 2996 1449 3031; x_wconf 83' lang='lat' dir='ltr'><em>manibus</em></span> <span class='ocrx_word' id='word_1_875' title='bbox 1458 2998 1531 3031; x_wconf 85' lang='lat' dir='ltr'><em>data</em></span> <span class='ocrx_word' id='word_1_876' title='bbox 1551 3002 1755 3036; x_wconf 84' lang='lat' dir='ltr'><em>consecratio</em></span> <span class='ocrx_word' id='word_1_877' title='bbox 1768 3004 1804 3037; x_wconf 83' lang='lat' dir='ltr'><em>fit</em></span> <span class='ocrx_word' id='word_1_878' title='bbox 1823 3014 1941 3047; x_wconf 82' lang='lat' dir='ltr'><em>magna</em></span> <span class='ocrx_word' id='word_1_879' title='bbox 1956 3006 2067 3042; x_wconf 88' lang='lat' dir='ltr'><em>conse-</em></span> 
     </span>
     <span class='ocr_line' id='line_1_128' title="bbox 1197 3044 2112 3095; baseline 0.015 -19"><span class='ocrx_word' id='word_1_880' title='bbox 1197 3044 1297 3086; x_wconf 88' lang='lat' dir='ltr'><em>crati,</em></span> <span class='ocrx_word' id='word_1_881' title='bbox 1322 3046 1641 3090; x_wconf 76' lang='lat' dir='ltr'><em>etiarnPatriarchae‚</em></span> <span class='ocrx_word' id='word_1_882' title='bbox 1669 3051 1829 3095; x_wconf 78' lang='lat' dir='ltr'><em>dignitas.</em></span> <span class='ocrx_word' id='word_1_883' title='bbox 1851 3052 1902 3087; x_wconf 87' lang='lat' dir='ltr'><em>-Et</em></span> <span class='ocrx_word' id='word_1_884' title='bbox 1922 3053 2002 3088; x_wconf 90' lang='lat' dir='ltr'><em>hinc</em></span> <span class='ocrx_word' id='word_1_885' title='bbox 2017 3055 2066 3089; x_wconf 87' lang='lat' dir='ltr'><em>iu·</em></span> <span class='ocrx_word' id='word_1_886' title='bbox 2106 3079 2112 3086; x_wconf 89' lang='lat'><em>-</em></span> 
     </span>
     <span class='ocr_line' id='line_1_129' title="bbox 1197 3096 2063 3149; baseline 0.014 -22"><span class='ocrx_word' id='word_1_887' title='bbox 1197 3104 1245 3127; x_wconf 88' lang='lat' dir='ltr'><em>ter</em></span> <span class='ocrx_word' id='word_1_888' title='bbox 1266 3096 1373 3140; x_wconf 85' lang='lat' dir='ltr'><em>ampla</em></span> <span class='ocrx_word' id='word_1_889' title='bbox 1397 3096 1685 3143; x_wconf 82' lang='lat' dir='ltr'><em>Magdeburgenfis</em></span> <span class='ocrx_word' id='word_1_890' title='bbox 1711 3102 1853 3135; x_wconf 80' lang='lat' dir='ltr'><em>Ecclefiae</em></span> <span class='ocrx_word' id='word_1_891' title='bbox 1874 3104 2063 3149; x_wconf 82' lang='lat' dir='ltr'><em>privilegia,</em></span> 
     </span>
     <span class='ocr_line' id='line_1_130' title="bbox 1198 3145 2063 3192; baseline 0.013 -14"><span class='ocrx_word' id='word_1_892' title='bbox 1198 3145 1284 3187; x_wconf 77' lang='lat' dir='ltr'><em>quod</em></span> <span class='ocrx_word' id='word_1_893' title='bbox 1295 3147 1362 3188; x_wconf 81' lang='lat' dir='ltr'><em>ejus</em></span> <span class='ocrx_word' id='word_1_894' title='bbox 1378 3145 1650 3192; x_wconf 70' lang='lat' dir='ltr'><em>Archiepiscopus</em></span> <span class='ocrx_word' id='word_1_895' title='bbox 1672 3151 1765 3192; x_wconf 84' lang='lat' dir='ltr'><em>poffit</em></span> <span class='ocrx_word' id='word_1_896' title='bbox 1788 3151 1804 3183; x_wconf 64' lang='lat'><em>:⁸1</em></span> <span class='ocrx_word' id='word_1_897' title='bbox 1826 3152 1895 3186; x_wconf 90' lang='lat' dir='ltr'><em>solo</em></span> <span class='ocrx_word' id='word_1_898' title='bbox 1907 3153 2063 3190; x_wconf 83' lang='lat' dir='ltr'><em>Romano</em></span> 
     </span>
     <span class='ocr_line' id='line_1_131' title="bbox 1198 3195 2064 3248; baseline 0.01 -19"><span class='ocrx_word' id='word_1_899' title='bbox 1198 3195 1360 3230; x_wconf 83' lang='lat' dir='ltr'><em>Pontifice</em></span> <span class='ocrx_word' id='word_1_900' title='bbox 1371 3199 1571 3237; x_wconf 63' lang='lat' dir='ltr'><em>consecrari,</em></span> <span class='ocrx_word' id='word_1_901' title='bbox 1594 3210 1739 3233; x_wconf 86' lang='lat' dir='ltr'><em>numerat</em></span> <span class='ocrx_word' id='word_1_902' title='bbox 1752 3201 2064 3248; x_wconf 76' lang='lat' dir='ltr'><em>DxtmarusEpisco-</em></span> 
     </span>
     <span class='ocr_line' id='line_1_132' title="bbox 1199 3246 2065 3291; baseline 0.012 -12"><span class='ocrx_word' id='word_1_903' title='bbox 1199 3259 1256 3291; x_wconf 86' lang='lat' dir='ltr'><em>pus</em></span> <span class='ocrx_word' id='word_1_904' title='bbox 1269 3246 1557 3291; x_wconf 69' lang='lat' dir='ltr'><em>Merfeburgensrs.</em></span> <span class='ocrx_word' id='word_1_905' title='bbox 1588 3248 1675 3285; x_wconf 85' lang='lat' dir='ltr'><em>Nam</em></span> <span class='ocrx_word' id='word_1_906' title='bbox 1687 3249 1719 3282; x_wconf 78' lang='grc' dir='ltr'><em>δε</em></span> <span class='ocrx_word' id='word_1_907' title='bbox 1732 3262 1771 3283; x_wconf 81' lang='lat' dir='ltr'><em>ex</em></span> <span class='ocrx_word' id='word_1_908' title='bbox 1784 3251 1840 3284; x_wconf 80' lang='lat' dir='ltr'><em>ista</em></span> <span class='ocrx_word' id='word_1_909' title='bbox 1853 3254 2065 3290; x_wconf 86' lang='lat' dir='ltr'><em>consecratio-</em></span> 
     </span>
     <span class='ocr_line' id='line_1_133' title="bbox 1200 3296 2064 3341; baseline 0.008 -10"><span class='ocrx_word' id='word_1_910' title='bbox 1200 3310 1238 3331; x_wconf 88' lang='lat' dir='ltr'><em>ne</em></span> <span class='ocrx_word' id='word_1_911' title='bbox 1252 3296 1353 3339; x_wconf 85' lang='lat' dir='ltr'><em>plures</em></span> <span class='ocrx_word' id='word_1_912' title='bbox 1373 3297 1453 3330; x_wconf 85' lang='lat' dir='ltr'><em>olim</em></span> <span class='ocrx_word' id='word_1_913' title='bbox 1472 3297 1619 3340; x_wconf 59' lang='lat' dir='ltr'><em>Episcopi</em></span> <span class='ocrx_word' id='word_1_914' title='bbox 1643 3300 1876 3341; x_wconf 60' lang='lat' dir='ltr'><em>praetenderunt</em></span> <span class='ocrx_word' id='word_1_915' title='bbox 1886 3305 1947 3337; x_wconf 81' lang='lat' dir='ltr'><em>effe</em></span> <span class='ocrx_word' id='word_1_916' title='bbox 1958 3316 2064 3338; x_wconf 85' lang='lat' dir='ltr'><em>exem·</em></span> 
     </span>
     <span class='ocr_line' id='line_1_134' title="bbox 1199 3346 2063 3393; baseline 0.01 -13"><span class='ocrx_word' id='word_1_917' title='bbox 1199 3349 1243 3393; x_wconf 80' lang='lat' dir='ltr'><em>pti</em></span> <span class='ocrx_word' id='word_1_918' title='bbox 1255 3347 1295 3380; x_wconf 87' lang='lat' dir='ltr'><em>ab</em></span> <span class='ocrx_word' id='word_1_919' title='bbox 1308 3348 1400 3380; x_wconf 86' lang='lat' dir='ltr'><em>omni</em></span> <span class='ocrx_word' id='word_1_920' title='bbox 1427 3346 1580 3388; x_wconf 79' lang='lat' dir='ltr'><em>potestate</em></span> <span class='ocrx_word' id='word_1_921' title='bbox 1598 3349 1860 3391; x_wconf 77' lang='lat' dir='ltr'><em>Metropolitica.</em></span> <span class='ocrx_word' id='word_1_922' title='bbox 1888 3353 2006 3388; x_wconf 78' lang='lat' dir='ltr'><em>Tertio</em></span> <span class='ocrx_word' id='word_1_923' title='bbox 2016 3354 2063 3388; x_wconf 80' lang='lat' dir='ltr'><em>di·</em></span> 
     </span>
     <span class='ocr_line' id='line_1_135' title="bbox 1198 3397 2062 3445; baseline 0.003 -11"><span class='ocrx_word' id='word_1_924' title='bbox 1198 3400 1314 3434; x_wconf 84' lang='lat' dir='ltr'><em>scimus</em></span> <span class='ocrx_word' id='word_1_925' title='bbox 1324 3423 1334 3440; x_wconf 88' lang='lat'>‚</span> <span class='ocrx_word' id='word_1_926' title='bbox 1361 3397 1450 3442; x_wconf 82' lang='lat' dir='ltr'><em>quod</em></span> <span class='ocrx_word' id='word_1_927' title='bbox 1461 3398 1593 3431; x_wconf 62' lang='lat' dir='ltr'><em>Sanetus</em></span> <span class='ocrx_word' id='word_1_928' title='bbox 1606 3399 1718 3434; x_wconf 84' lang='lat' dir='ltr'><em>Petrus</em></span> <span class='ocrx_word' id='word_1_929' title='bbox 1730 3399 1907 3445; x_wconf 79' lang='lat' dir='ltr'><em>Apostolus</em></span> <span class='ocrx_word' id='word_1_930' title='bbox 1916 3404 2012 3436; x_wconf 77' lang='lat' dir='ltr'><em>etiam</em></span> <span class='ocrx_word' id='word_1_931' title='bbox 2026 3411 2062 3443; x_wconf 62' lang='lat' dir='ltr'><em>ja</em></span> 
     </span>
    </p>

    <p class='ocr_par' dir='ltr' id='par_1_36' title="bbox 1898 3452 2014 3486">
     <span class='ocr_line' id='line_1_136' title="bbox 1898 3452 2014 3486; baseline 0 0"><span class='ocrx_word' id='word_1_932' title='bbox 1898 3452 2014 3486; x_wconf 85' lang='lat' dir='ltr'><em>Orien-</em></span> 
     </span>
    </p>
   </div>
   <div class='ocr_carea' id='block_1_34' title="bbox 2081 3080 2182 3113">
    <p class='ocr_par' dir='ltr' id='par_1_37' title="bbox 2081 3080 2182 3113">
     <span class='ocr_line' id='line_1_137' title="bbox 2081 3080 2182 3113; baseline 0.02 -2"><span class='ocrx_word' id='word_1_933' title='bbox 2081 3080 2141 3112; x_wconf 73' lang='grc' dir='ltr'><em>[ὼ.</em></span> <span class='ocrx_word' id='word_1_934' title='bbox 2158 3092 2182 3113; x_wconf 83' lang='lat'><em>1.</em></span> 
     </span>
    </p>
   </div>
  </div>
 </body>
</html>
