2372 3756
422 107 520 158 196

347 194 424 231 gem
448 207 459 223 ,
497 178 586 214 aliud
608 177 756 219 accedere
777 178 880 225 Regis
901 177 1081 226 imaginem
1104 205 1111 212 .
1137 181 1170 214 Si
1196 181 1229 218 in

352 231 555 270 Eucharistia
567 231 604 267 fit
617 229 683 265 sola
695 229 835 269 Domini
848 230 960 275 imago
970 256 982 276 ,
998 243 1056 265 cur
1066 241 1147 275 opus
1159 241 1229 264 tan.-

348 294 380 320 ta
394 281 596 319 reverentia?
620 281 689 315 Cur
699 280 954 316 consecrationis
967 291 1170 316 momentum
1182 280 1226 314 est

346 333 426 368 hora
441 331 635 370 tremenda?
661 331 731 366 Cur
745 330 927 367 Cherubim
938 341 975 364 ac
987 329 1153 373 Seraphim
1167 341 1228 363 tre>

345 393 440 418 munt
452 406 464 426 ‚
485 383 521 421 ἀ
540 383 609 420 suas
622 382 731 416 velant
744 380 865 414 facies?
885 380 995 417 Sancti
1010 380 1144 427 Joannis
1161 391 1224 413 ver-

344 432 469 471 banon.
488 444 587 478 egent
613 430 871 467 commentario.
901 430 953 466 Ex
977 431 1048 474 ipsis
1069 429 1159 465 vides
1173 441 1225 473 pa-

341 495 418 520 nem
428 485 461 522 ὃς
479 484 593 518 vinum
607 483 678 525 post
690 480 970 515 consecrationem
983 491 1051 513 non
1073 482 1135 513 este
1158 491 1223 514 am·

340 534 425 579 plius
436 545 554 581 panem
565 533 597 565 &
612 532 723 563 vinum
735 555 745 570 ,
771 528 858 564 nihil
871 529 941 572 ipsis
964 540 1129 566 remanere
1153 530 1223 565 sub-

339 584 464 621 stantiae
476 609 486 624 ,
508 582 563 620 sed
573 582 636 615 esse
647 580 816 628 absumpta
828 579 861 616 in
876 579 1087 616 substantiam
1109 590 1220 623 corpo·

339 635 402 671 tiss
426 634 469 670 Et
481 632 561 668 hinc
575 641 643 667 non
655 630 700 664 ire
714 631 748 664 in
772 631 925 665 secessum
937 653 945 666 ,.
972 630 1052 663 Haec
1077 630 1220 678 Joannes

339 683 455 721 docuit
468 684 504 717 in
528 678 744 718 Antiochena
768 679 912 717 Ecciefia
926 704 934 713 .
962 680 1074 726 Quare
1093 688 1220 714 certum

336 734 384 769 est
397 732 652 770 Theodoretum
663 729 703 765 ab
717 731 777 765 hac
798 730 944 766 doctrina
966 741 1035 766 non
1058 727 1198 764 deviasse
1210 756 1218 767 ,

337 784 508 822 Educatus
520 783 609 820 enim
619 782 682 816 fuit
695 782 729 819 in
742 781 799 815 ista
814 779 956 817 Ecclesia
968 803 975 815 .
1001 778 1104 815 Vides
1115 781 1223 815 secun·

333 834 382 870 do
394 859 406 879 ‚
425 833 622 877 Praeceptum
636 830 677 866 de
687 830 853 868 audiendo
867 840 920 874 pet·
939 830 1081 874 singulas
1105 831 1220 866 Domi.

334 885 426 923 micas
439 885 544 918 Miiiae
555 882 713 917 sacrificio
726 883 790 915 esse
800 880 1059 924 antiquissimum
1071 892 1126 925 per
1149 893 1217 916 om·

335 945 393 969 nes
405 934 561 971 Ecclefias
575 957 582 966 .
607 932 651 968 Et
672 931 775 977 ipsum
802 929 950 965 auditum
969 940 1120 974 oportere
1140 943 1217 966 cum

333 986 458 1021 summa
470 981 668 1020 reverentia.
691 981 736 1016 Et
748 980 867 1018 mixtas
875 980 933 1015 sub
944 981 1112 1021 tremenda
1136 981 1216 1021 hora

331 1034 460 1073 fabulas
470 1034 532 1067 effe
544 1043 642 1080 grave
658 1042 844 1077 peccatum,

382 1084 495 1118 Sermo
506 1108 517 1124 ,
542 1083 599 1128 qui
621 1083 718 1119 docet
731 1094 799 1118 non
814 1082 1083 1119 concionandum
1096 1081 1136 1116 ad
1150 1092 1217 1128 gra·

332 1134 415 1171 tiam
428 1158 440 1175 ,
462 1134 587 1168 videtur
609 1132 712 1168 dictus
736 1132 1050 1176 Constantinopoli.
1073 1132 1216 1169 Videtur

331 1184 421 1220 enirn
435 1183 549 1219 invehi
563 1184 597 1218 in
611 1183 819 1219 Severianum
838 1183 1074 1222 Gabalensem·
1086 1184 1120 1223 ἀ
1145 1183 1215 1221 An—

329 1233 483 1270 tiochum
495 1234 715 1269 ptolomaidis
725 1234 760 1268 in
786 1234 878 1276 Syria
904 1234 1085 1279 Episcopos
1094 1258 1105 1279 ,
1131 1244 1214 1278 quos

331 1285 472 1328 quaestus
483 1286 576 1320 causa
588 1285 681 1323 fuiffe
694 1285 914 1322 concionatos
929 1286 962 1320 in
977 1284 1093 1318 alienis
1105 1284 1213 1317 Eccle-

327 1335 379 1369 fiis
392 1360 402 1376 ‚
428 1336 569 1383 ideoque
581 1334 723 1381 graviter
734 1336 900 1379 impetitos
911 1336 928 1367 a
942 1335 1068 1376 Joanne
1083 1333 1212 1377 Episco-

327 1397 393 1429 po,
418 1386 561 1423 scribunt
573 1388 741 1425 Socrates,
763 1385 916 1423 Hermias
926 1383 1157 1422 Zozomenus‚
1178 1383 1211 1418 δε

324 1434 491 1469 Palladius
517 1436 695 1481 Episcopus
726 1434 1036 1478 Helenopolitanus
1054 1459 1063 1468 .
1095 1434 1209 1473 Sermo

323 1484 381 1519 iste
402 1486 513 1521 laudat
539 1484 731 1527 Apostolica
755 1483 948 1529 deindigne
959 1485 1210 1521 communican-

323 1534 412 1571 tibus
435 1535 550 1569 verba:
574 1537 640 1578 ,Qui
651 1535 812 1568 manducat
823 1536 858 1569 (5
869 1534 944 1567 bibit
957 1536 1082 1579 indigne*
1091 1560 1102 1577 ‚
1124 1536 1209 1575 judi-

145 1603 227 1636 figrm
257 1607 300 1642 53,
320 1591 398 1623 cium
403 1585 460 1628 fibi
471 1586 633 1621 manducat
665 1584 805 1629 &bibit‚
833 1596 891 1621 non
910 1587 1084 1626 dijudicans
1106 1593 1209 1627 corpus

323 1641 461 1674 Domini,
493 1636 537 1672 Et
552 1636 779 1679 prosequitur:
809 1640 895 1672 Hanc
905 1635 990 1673 vobis
1001 1637 1093 1683 legem
1104 1641 1208 1670 recita-

324 1695 449 1728 vimus,
473 1689 508 1721 t&
521 1686 680 1724 verborum
691 1683 811 1733 sensum
832 1684 1036 1728 exposuimus.
1067 1689 1209 1719 Diximus

323 1741 401 1781 quid
406 1737 467 1782 fit,
492 1741 574 1772 Reus
600 1741 661 1773 erit
687 1742 814 1778 corporis
836 1737 870 1771 ὁ*
889 1734 1047 1781 sanguinis
1070 1739 1207 1770 Domini.

321 1787 458 1832 Easdem
480 1787 622 1822 nimirum
643 1795 754 1831 poenas
777 1788 922 1821 daturum
945 1810 957 1827 ,
981 1797 1059 1831 quas
1083 1788 1117 1820 (θ’
1140 1787 1208 1828 illi,

308 1845 373 1884 ¹‘qui
397 1836 550 1878 ‘Christum
570 1836 741 1879 crucifixere
766 1860 776 1876 ‚
803 1835 987 1882 sustinebunt
1001 1862 1008 1869 .
1036 1841 1122 1873 Nam
1144 1846 1209 1879 que·

319 1890 512 1926 madmoclum
522 1887 679 1923 homicidae
691 1889 735 1921 illi
742 1884 901 1933 suntfatffi
913 1893 956 1919 rei
965 1885 1126 1931 sanguinis
1139 1909 1150 1927 ,
1169 1883 1209 1929 fic

320 1941 355 1977 t&
376 1939 421 1982 isti
439 1944 491 1982 qui
516 1942 715 1973 sacramentis
736 1938 861 1981 indigne
885 1943 1099 1971 communicant
1112 1961 1119 1970 .
1148 1943 1209 1972 Hoc

318 1982 400 2027 enim
413 1990 473 2030 est:
498 1992 576 2024 Reus
598 1994 656 2025 erit
678 1992 804 2028 corporIs
829 1989 863 2021 (9‘
880 1986 1041 2030 sanguinis
1066 1990 1206 2021 Domini,

318 2041 487 2079 Videbatur
524 2039 639 2075 dilium
678 2037 754 2081 istud
770 2039 864 2079 plane
890 2038 1007 2070 modum
1045 2039 1206 2078 excedere,

318 2101 412 2134 atque
444 2090 643 2125 intolerabiles
671 2094 761 2120 minae
788 2086 981 2129 censebantur
1001 2110 1009 2120 .
1048 2091 1206 2120 Rationem

318 2144 518 2183 adiunximus
553 2139 677 2174 dubiam
713 2136 752 2171 ab
788 2137 921 2181 exemplo
944 2158 954 2175 ,
990 2148 1058 2180 quae
1084 2136 1205 2178 mirifice*

316 2191 491 2235 quadrabat
513 2213 520 2220 .
558 2193 597 2221 Ut
615 2194 692 2220 enim
708 2185 772 2228 five
796 2192 862 2228 quis
888 2191 1013 2230 Regiam
1034 2195 1206 2231 purpuram

317 2240 470 2285 discindat
495 2265 506 2281 ‚
542 2237 714 2280 inquiebam
732 2260 743 2278 ‚
773 2235 837 2277 five
856 2238 920 2273 luto
942 2241 1107 2279 coinquinet
1130 2261 1141 2276 ‚
1167 2249 1206 2271 ex

317 2303 402 2335 aquo
425 2295 532 2334 Regem
545 2314 554 2328 ‚
581 2294 632 2330 qui
654 2299 690 2320 ea
712 2288 839 2320 indutus
862 2287 922 2327 est,
950 2288 1041 2329 afficit
1062 2295 1205 2321 contume-

319 2344 379 2376 lia:
407 2344 452 2374 sic
473 2339 613 2373 nimirum
638 2337 691 2371 hoc
712 2338 769 2370 loco
787 2338 852 2370 cum
864 2339 930 2377 illi,
954 2340 1204 2382 quiDominicum

319 2400 422 2434 corpus
445 2399 590 2425 necarunt
603 2411 613 2427 ‚
637 2394 700 2421 tum
721 2392 775 2431 qui
796 2389 952 2421 immunda
970 2392 1112 2431 recipiunt
1138 2392 1204 2419 ani-

320 2454 370 2478 ma
385 2467 395 2483 ‚
418 2450 525 2483 parem
546 2442 696 2478 injuriam
721 2440 869 2471 Dominico
893 2437 1027 2479 inferunt
1048 2437 1202 2477 vestimen·

319 2501 369 2528 to.
399 2490 590 2535 Disciderunt
609 2489 731 2534 quidem
749 2488 868 2522 illudin
878 2488 1079 2529 cruceJudaet
1091 2511 1102 2529 ,
1127 2493 1203 2520 coin-

321 2548 430 2586 quinat
452 2550 553 2574 autem
572 2545 601 2573 is
624 2561 633 2577 ,
670 2543 722 2582 qui
746 2539 902 2571 immunda
922 2536 1047 2583 fieftipit
1081 2542 1199 2570 anima.

323 2598 429 2636 Itaque
449 2593 516 2626 licet
536 2587 660 2631 diversa
685 2587 746 2630 fint
763 2595 883 2629 peccata
905 2612 915 2628 ,
954 2589 1080 2633 aequalis
1101 2597 1202 2620 tamen

324 2643 361 2686 est
384 2645 500 2685 injuria
520 2665 527 2672 .
566 2639 782 2681 Adsumptam
804 2636 1042 2672 humanitatem
1065 2638 1203 2672 affirmat

326 2694 389 2727 effe
413 2693 514 2736 Regis
535 2690 662 2731 nostri,
687 2687 800 2732 utique
821 2688 886 2723 Dei
911 2687 1013 2722 Verbi
1035 2688 1206 2723 vestimen·

327 2752 399 2777 turn
421 2743 454 2775 &
478 2750 651 2784 purpuram
673 2750 682 2771 :
722 2738 874 2773 Affirmat
907 2737 1009 2784 ipsam
1032 2738 1051 2773 ἐι
1078 2737 1203 2772 crucifi-

327 2791 479 2837 gentibus
501 2789 615 2832 Judaeis
638 2788 730 2821 fuisse
740 2787 935 2831 laceratam,
961 2787 1075 2825 foedari
1090 2798 1200 2823 autem

323 2843 346 2881 a
369 2840 451 2875 male
471 2837 796 2874 communicantibus
826 2862 837 2878 ‚
871 2836 1009 2882 ideoque
1026 2837 1200 2874 amborum

325 2892 391 2927 esse
412 2890 530 2934 aequa'le
553 2898 737 2933 peccatum.
767 2889 851 2934 Qae
874 2888 1066 2934 Apostolica
1090 2889 1203 2922 doctri·

328 2953 371 2977 na
398 2941 505 2985 palam
531 2939 682 2985 supponit
711 2937 921 2973 Eucharistiae
948 2939 1131 2973 veritatem.
1161 2939 1204 2972 Et

324 3004 371 3027 ex
394 2992 463 3035 ipsa
498 2990 587 3033 supra
622 2988 750 3021 locutus
771 2987 816 3021 est
840 2988 938 3020 etiam
973 2988 1205 3023 Theodoretus

325 3043 363 3077 in
387 3044 537 3077 sermone
565 3039 609 3074 de
633 3037 744 3083 Lapfis
765 3062 778 3080 ‚
812 3038 949 3075 Sanctus
971 3039 1051 3073 item
1072 3037 1207 3084 Cypria-

327 3103 405 3128 nus.

379 3141 549 3177 Adeamus
572 3140 702 3175 sextum
722 3147 852 3172 tomum
866 3162 873 3170 .
898 3139 937 3173 ln
958 3140 1108 3174 sermone
1120 3138 1209 3173 deli·

329 3190 460 3227 brorum
477 3189 590 3236 figillis
609 3189 744 3237 exponit
758 3188 1046 3230 Emmaunticam‚
1071 3189 1125 3223 ubi
1139 3190 1208 3223 Do-

332 3241 459 3276 minum
486 3240 647 3284 Discipuli
670 3249 880 3284 agnoverunt
914 3251 953 3273 ex
974 3240 1130 3274 fractione
1156 3250 1208 3283 pa-

331 3291 407 3330 nis,
433 3300 583 3331 coenam,
605 3292 642 3326 ,ἀ
660 3289 773 3326 addit:
797 3291 949 3332 ,Quoniam
968 3290 1049 3323 cibus
1071 3291 1119 3323 ille
1130 3290 1209 3322 Ada-

333 3346 375 3373 mi
398 3341 489 3372 oculos
505 3342 667 3382 perniciose
690 3345 830 3382 aperuit,
856 3350 931 3374 nunc
945 3341 1029 3374 ‚illius
1052 3341 1109 3374 loco
1130 3341 1207 3374 alius

328 3390 413 3427 cibus
430 3387 581 3430 institutus
599 3390 637 3432 est
649 3414 661 3432 ‚
686 3396 737 3435 qui
758 3400 834 3425 novo
853 3392 983 3435 quodam
994 3390 1208 3426 &admirabili

939 97 1572 148 D1ss1÷1mixt1o

1292 181 1374 214 modo
1397 180 1496 223 visum
1515 181 1654 221 restituit.
1680 181 1719 217 In
1743 183 1847 220 vetito
1868 195 1968 231 pomo
1991 186 2090 222 latere
2117 188 2172 222 ad·

1293 229 1475 265 mirabilem
1490 255 1500 270 ‚
1527 242 1596 274 quae
1619 232 1749 274 plenam
1771 233 1951 270 libertatem
1973 249 2011 272 ac
2033 239 2168 272 immor-

1292 281 1452 314 talitatem
1472 281 1690 324 impartiretur
1714 306 1725 322 ,
1764 283 1919 318 virtutem
1942 289 2098 322 mentitus
2122 289 2169 323 est

1292 331 1442 372 serpens:
1481 331 1524 364 Et
1551 331 1786 376 circumscripti
1805 332 2001 379 Protoplasti
2025 339 2169 373 credide·

1286 389 1383 414 runt.
1411 381 1455 414 Et
1477 380 1522 415 ita
1542 381 1709 425 utriusque
1721 384 1781 416 suae
1794 384 2168 430 substantiae&primam

1288 430 1321 463 &
1343 430 1741 467 secundam-comederunt
1753 444 1910 468 mortem.
1938 436 2032 470 Hinc
2044 437 2142 472 alium
2158 464 2169 480 ,

1289 480 1323 515 in
1344 491 1411 525 quo
1426 481 1492 525 ipse
1515 483 1770 519 immortalitatis
1786 483 1917 519 Author
1928 485 2087 521 habitaret
2100 512 2110 528 ,
2134 489 2168 523 δε

1286 540 1358 564 eam
1375 531 1553 575 impartiret
1574 532 1673 578 digne
1704 533 1904 569 sumentibus
1926 561 1936 576 ,
1973 536 2085 571 cibum
2110 549 2170 572 no-

1290 578 1340 615 bis
1363 582 1509 625 providit
1527 582 1653 618 Divina
1675 584 1840 619 miseratio
1855 611 1862 618 .
1893 585 1925 619 A
1948 587 2042 621 nobis
2065 611 2076 627 ,
2110 588 2168 631 qui

1290 631 1470 667 mentienti
1497 631 1644 667 Diabolo
1666 634 1924 674 credideramus,
1949 637 2036 671 credi
2061 637 2167 671 voluit

1286 681 1385 716 etiam
1409 682 1466 718 fibi
1487 693 1561 717 vera
1584 684 1809 727 promittenti.
1839 685 1907 719 Uti
1928 687 2050 720 trinam
2077 686 2167 722 Petri

1289 732 1499 777 negationem
1520 733 1605 768 trina
1626 734 1824 769 confeffione
1848 760 1859 776 ‚
1878 732 1930 771 'ita
1957 737 2099 771 nostram
2119 748 2165 772 te·

1284 783 1455 817 merariam
1477 783 1701 818 credulitatem
1723 785 1828 820 voluit
1851 796 1921 821 vera
1934 787 2000 821 fide
2013 788 2159 832 purgari.

1283 832 1386 880 Qod
1406 834 1509 877 ipsum
1522 833 1612 877 supra
1624 834 1739 869 docuit
1750 836 1883 869 Sanctus
1897 837 2165 881 GregoriusAEpi·

1285 882 1402 926 scopus
1423 884 1589 927 Nyffenus
1610 910 1617 919 .
1656 885 1759 921 Hunc
1779 885 1889 919 cibum
1916 887 2027 922 laudat
2051 887 2084 920 in
2106 889 2165 921 ser-

1281 941 1381 966 mone
1401 932 1442 967 de
1463 934 1552 968 Filio
1573 934 1710 979 prodigo
1732 935 1819 969 idem
1844 937 1975 970 Santtus
1997 937 2161 981 Joannes,

1281 982 1315 1016 ὃς
1337 982 1446 1017 scribit
1468 983 1509 1017 de
1525 983 1635 1018 occiso
1651 985 1722 1019 istic
1742 986 1892 1030 saginato
1906 986 2034 1021 vitulo:
2063 989 2161 1030 ,Quem

1280 1033 1403 1066 tandem
1423 1034 1555 1066 vitulum
1575 1035 1649 1066 dicit
1667 1032 1839 1078 saginatum
1862 1038 1874 1070 ?
1898 1039 2009 1081 'Quem
2023 1039 2160 1077 juvenca

1280 1086 1380 1118 Maria
1400 1086 1488 1127 Virgo
1505 1088 1638 1126 peperit.
1669 1083 1805 1126 Proferte
1815 1086 1943 1119 vitulum
1959 1088 2135 1120 indomitum
2147 1108 2158 1127 ‚

1280 1139 1331 1175 qui
1364 1134 1492 1167 nondum
1519 1138 1636 1176 peccati
1668 1132 1770 1177 jugum
1792 1133 1956 1178 sustinuit;
1987 1141 2158 1180 Virginem,

1278 1184 1312 1216 (5
1335 1194 1374 1218 ex
1402 1187 1531 1230 Virgine
1558 1193 1661 1217 natum
1685 1195 1699 1226 ,·
1735 1190 1785 1226 qui
1808 1183 1943 1229 sequitur
1968 1197 2014 1218 eos
2039 1196 2091 1228 qui
2116 1186 2161 1229 se-

1278 1242 1410 1275 quuntur
1429 1232 1480 1276 se,
1507 1245 1564 1268 non
1583 1245 1620 1268 ex
1643 1234 1797 1274 necesstiate
1821 1259 1831 1276 ‚
1863 1234 1923 1280 sed
1935 1234 2042 1279 sponte=
2073 1248 2082 1278 3
2107 1241 2160 1278 qut

1277 1294 1335 1316 non
1357 1288 1453 1316 utitur·
1475 1283 1574 1317 robore
1589 1282 1642 1327 suo
1656 1307 1666 1324 ,
1691 1295 1783 1326 neque
1804 1285 1961 1325 cornibus,
1984 1284 2044 1328 sed
2060 1294 2160 1328 prom-

1275 1334 1330 1374 pte
1353 1338 1493 1367 cervicem
1519 1335 1644 1366 inclinat
1664 1338 1706 1366 eis
1729 1357 1740 1374 ,
1766 1340 1815 1375 qui
1838 1336 1971 1368 maflare
1990 1334 2085 1378 ipsum
2107 1347 2160 1369 vo-

1277 1384 1359 1416 lunt.
1388 1386 1519 1418 occidite
1545 1388 1646 1426 itaque
1655 1393 1720 1416 eum
1742 1389 1795 1425 qui
1810 1382 2090 1427 sponte‘occiditum
2117 1396 2159 1418 oo—

1285 1434 1373 1467 tidite
1396 1446 1484 1475 eum,
1510 1440 1561 1477 qui
1583 1433 1723 1475 vivificat
1746 1445 1793 1467 cos
1814 1439 1865 1476 qui
1883 1432 1916 1477 Je
1935 1435 2090 1477 occidunt;
2116 1446 2159 1469 oc-

1286 1485 1380 1520 cidite
1399 1495 1465 1521 etim
1490 1493 1544 1527 qui
1566 1485 1705 1518 occiditur
1718 1507 1729 1524 ‚
1750 1482 1807 1527 sed
1823 1494 1882 1518 non
1900 1490 2022 1518 moritur
2041 1496 2050 1526 3
2088 1489 2158 1518 occi·—

1274 1535 1337 1568 dite
1355 1546 1439 1576 eum,
1469 1544 1523 1580 qut
1545 1534 1733 1569 membratim
1752 1536 1932 1575 conciditur,
1961 1536 1997 1568 Θ
2017 1546 2064 1568 eos
2083 1533 2156 1577 san·

1276 1584 1384 1626 &ficar
1407 1591 1457 1628 qui
1477 1584 1511 1627 se
1536 1585 1707 1618 concidunt.
1735 1586 1865 1618 occidite
1883 1596 1972 1625 eum,
1999 1590 2049 1627 qui
2067 1595 2157 1619 come-

1277 1636 1362 1669 ditur
1381 1636 1421 1669 ab
1443 1641 1485 1669 eis
1505 1641 1558 1679 qui
1573 1633 1669 1678 ipsum
1699 1642 1829 1675 norunt,
1857 1636 1893 1669 e·
1914 1641 2067 1678 nunquam
2091 1644 2157 1667 con-

1266 1683 1422 1726 sumitur¹
1451 1686 1581 1719 occidite
1603 1695 1691 1725 eum,
1716 1690 1768 1727 qui
1790 1686 1969 1719 comedentes
1994 1683 2096 1718 beatos
2101 1684 2157 1726 sa-

1271 1740 1312 1770 cit
1331 1759 1339 1767 .
1385 1734 1513 1770 Laudat
1537 1735 1696 1770 conflatas
1717 1745 1760 1767 ex
1782 1736 1892 1768 occiso
1921 1733 2024 1768 hocce
2046 1734 2156 1769 vitulo

1273 1785 1403 1828 epulas,
1428 1786 1461 1819 ὅς
1485 1785 1705 1829 prosequitur:
1732 1783 1833 1821 Nostis
1841 1782 1996 1827 spiritales
2008 1785 2155 1825 delicias,

1274 1841 1328 1879 qui
1350 1847 1401 1868 eas
1431 1834 1594 1879 degustatis
1614 1860 1624 1876 ,
1660 1836 1695 1869 ὑ·
1715 1836 1912 1868 recordamini
1934 1836 2154 1868 tremendorum

1276 1885 1490 1925 mysteriorum,
1519 1896 1553 1918 ac
1573 1884 1770 1925 ministrorum
1787 1883 1871 1927 sacri
1894 1885 1975 1926 officii
1995 1909 2006 1925 ,
2033 1891 2156 1917 imitan-

1271 1939 1347 1967 tium
1375 1935 1548 1979 Angelorum
1569 1936 1635 1969 alas
1643 1935 1780 1968 tenuibus
1790 1933 1853 1977 suis
1866 1936 1952 1968 lineis
1964 1936 2038 1967 velis
2050 1959 2060 1974 ‚
2086 1944 2154 1977 quae

1267 1983 1393 2026 finlstris
1432 1985 1560 2019 humeris
1586 1983 1711 2026 insident
1730 2007 1741 2023 ‚
1778 1986 1813 2018 δ’
1832 1990 1883 2027 qui
1907 1990 1938 2017 in
1962 1983 2088 2026 Ecclefia
2108 1985 2153 2017 di·

1268 2033 1432 2078 scutrum,>
1456 2037 1490 2069 ό·
1522 2037 1672 2069 clamant:
1701 2039 1753 2068 Ne
1775 2041 1843 2076 quis
1856 2045 1893 2067 ex
1904 2034 2151 2072 eatechuments,

1273 2095 1309 2117 ne
1330 2091 1398 2127 quis
1420 2096 1517 2118 eorum
1537 2090 1590 2127 qui
1613 2095 1671 2117 non
1694 2085 1809 2124 edunt,
1834 2085 1933 2117 nullus
1952 2095 1992 2118 ex
2015 2086 2152 2126 explora·

1272 2135 1383 2168 toribus
1415 2161 1425 2176 ,
1461 2146 1498 2169 ne
1519 2141 1585 2177 quis
1613 2144 1710 2168 eorum
1738 2139 1790 2176 qui
1811 2145 1868 2167 non
1884 2134 1999 2177 possunt
2014 2132 2152 2176 spellaere

1275 2185 1412 2224 coelestem
1443 2183 1620 2229 sanguinem
1650 2189 1708 2226 qui·
1727 2183 1890 2225 effunditur
1912 2189 1945 2217 in
1967 2185 2150 2224 remiffionem

1269 2243 1456 2277 peccatorum
1469 2259 1480 2275 ,
1507 2247 1543 2268 ne
1562 2241 1630 2277 quis
1654 2235 1800 2277 indignus
1819 2232 1909 2273 hostia
1930 2238 2055 2267 vivente
2077 2257 2088 2274 ,
2114 2245 2151 2267 ne

1274 2290 1338 2327 quis
1362 2297 1420 2318 non
1440 2290 1601 2324 initiatus,
1629 2294 1667 2316 ne
1678 2290 1745 2325 quis
1768 2293 1864 2316 eorum
1886 2287 1938 2325 qui
1957 2294 2015 2315 non
2032 2283 2150 2327 poffiint

1271 2336 1430 2376 impollutis
1453 2335 1540 2368 labiis
1564 2334 1719 2369 tremenda
1739 2332 1869 2373 mysteria
1878 2337 2036 2376 attingere.
2067 2334 2150 2368 Haec

1271 2385 1383 2420 omnia
1405 2384 1572 2420 manifeste
1599 2383 1733 2418 laudant
1756 2396 1820 2417 non
1845 2383 1961 2417 fastam
1976 2383 2010 2417 in
2025 2383 2150 2423 Cmce,

1270 2434 1323 2468 sed
1345 2434 1492 2478 quotidie
1514 2434 1548 2466 in
1572 2432 1676 2468 Altari
1700 2433 1828 2467 solitam
1852 2433 1920 2466 fieti
1943 2457 1954 2473 ‚
1990 2434 2024 2468 &
2050 2434 2151 2477 ustlue

1267 2485 1308 2519 ad
1331 2485 1436 2518 saeculi
1461 2485 1559 2518 finem
1584 2483 1766 2518 faciendam
1791 2483 2007 2517 occifionem:
2036 2484 2074 2517 ln
2087 2484 2148 2518 hac

1266 2536 1354 2569 enim
1378 2535 1443 2568 sola
1470 2536 1636 2579 saginatus
1658 2533 1779 2568 vitulus
1801 2535 1940 2567 occiditur
1960 2559 1970 2574 ,
2003 2531 2063 2576 sed
2090 2542 2148 2567 non

1267 2591 1391 2618 moritur
1413 2609 1420 2617 .
1459 2585 1636 2618 Affirmant
1659 2583 1730 2617 istic
1751 2583 1857 2617 occidi
1881 2583 1915 2617 ec
1939 2583 2146 2617 membratim

1269 2636 1402 2669 concidi
1423 2635 1528 2678 ipsum
1564 2632 1606 2668 de
1643 2633 1783 2678 Virgine
1803 2643 1915 2668 natum
1938 2633 2146 2672 Dominum,

1268 2696 1305 2720 ac
1325 2685 1448 2721 effundi
1473 2684 1635 2720 coelestem
1646 2684 1713 2726 ejus
1727 2684 1939 2728 sanguinem.
1970 2682 2147 2717 Manifesse

1266 2737 1465 2771 confirmant
1481 2735 1705 2779 profeffionem
1718 2759 1728 2774 ‚
1753 2744 1849 2777 quam
1878 2732 2091 2778 Berengarius
2102 2733 2146 2766 fe-

1267 2787 1311 2821 cit
1326 2811 1336 2826 ‚
1363 2788 1395 2821 δε
1417 2796 1527 2819 coram
1551 2785 1695 2819 Nicolao
1723 2782 1887 2823 secundo,
1915 2783 1949 2816 δε
1970 2793 2079 2817 coram
2103 2783 2148 2816 se·

1268 2838 1373 2882 ptimo
1387 2836 1551 2881 Gregorio
1564 2859 1571 2867 .

1318 2887 1484 2922 Discimus
1507 2884 1585 2921 hinc
1605 2883 1689 2919 varia
1704 2909 1711 2917 .
1739 2881 1851 2916 Primo
1871 2907 1882 2923 ,
1911 2881 1999 2926 quod
2028 2881 2146 2916 Domi*

1268 2948 1328 2971 nus
1360 2937 1446 2981 apud
1472 2935 1704 2970 Emmauntem
1730 2933 1965 2966 consecraverit
1992 2930 2147 2966 Euchari—

1267 2988 1360 3022 stiam
1374 3012 1385 3028 ,
1412 2988 1446 3021 &
1468 2996 1508 3021 ex
1531 2985 1600 3028 ejus
1621 2985 1684 3018 ritu
1703 2984 1801 3017 fuerit
1823 2982 2146 3027 agnitusaDiscipu·

1268 3038 1323 3072 lis.
1353 3038 1402 3073 Hi
1419 3047 1509 3070 erant
1521 3036 1627 3069 Lucas
1649 3035 1683 3067 r&
1705 3032 1893 3076 cleophas,
1918 3044 2000 3076 quos
2021 3037 2144 3066 certum

1266 3089 1309 3121 est
1323 3087 1499 3122 noviffimae
1511 3096 1611 3120 coenae
1625 3095 1692 3117 non
1706 3083 1842 3118 adfuisse
1854 3108 1861 3116 .
1891 3082 2033 3116 Proinde
2044 3083 2144 3116 ritum

1268 3138 1362 3172 illum
1375 3137 1555 3172 didicerant
1576 3134 1618 3168 ab
1641 3133 1825 3178 Apostolis.
1857 3133 1911 3167 De
1936 3130 2143 3166 Emmauntis

1268 3200 1361 3223 coena
1374 3185 1481 3222 scribit
1491 3185 1530 3219 ad
1543 3186 1695 3221 Sanitum
1708 3183 1885 3217 Paulinum
1896 3183 1996 3216 etiam
2010 3182 2143 3216 sanetus
2160 3167 2212 3205 Ep·
2230 3175 2276 3203 ‘⁹‘

1269 3237 1475 3284 Augustinus
1490 3250 1500 3270 .·
1529 3236 1623 3279 ‚Quod
1632 3237 1777 3268 Dominus
1791 3233 1900 3266 abillis
1910 3232 2022 3265 duobus
2034 3238 2066 3264 in
2073 3230 2144 3272 fra—
2161 3217 2178 3246 q

1269 3289 1361 3322 Hione
1369 3293 1460 3331 panis
1474 3284 1511 3326 est
1521 3292 1642 3333 agnitus
1654 3309 1665 3325 ‚
1693 3286 1914 3317 Sacramentum
1926 3282 1977 3325 effe
1987 3305 1998 3320 ,
2024 3292 2079 3323 quo
2091 3291 2144 3312 nos

1265 3347 1301 3374 ,in
1314 3345 1491 3384 agnitionem
1499 3335 1588 3380 suam
1600 3343 1754 3379 congregat
1766 3357 1776 3373 ,
1801 3333 1896 3365 nullus
1909 3331 1993 3364 debet
2016 3330 2146 3373 ambige-

1270 3402 1317 3424 re.
1346 3388 1449 3438 Qod
1463 3388 1566 3433 ipsum
1578 3385 1686 3422 scribit
1698 3385 1733 3419 in
1746 3382 1887 3419 secundo
1897 3382 2046 3469 tractatus
2059 3381 2147 3422 supet

2048 3442 2102 3468 an-

2181 3211 2255 3237 u8.
