2372 3756
55 1580 120 1614 nb.
135 1585 174 1615 ·3.,

55 1623 106 1662 ΕΡ·
132 1630 179 1661 59·

58 2301 127 2334 Lib.
150 2310 177 2338 3.

57 2347 107 2381 Ep.
135 2352 180 2371 ιι.

583 156 862 204 Qumrum
897 144 985 189 Ro
1006 157 1211 187 MANUM
1248 144 1679 201 CONCILIUM..

218 232 338 276 >ntique
357 230 399 266 de
418 231 604 266 investitura
632 257 639 264 .
666 231 790 280 Qales
809 231 843 266 &
858 231 973 274 quanti
995 239 1105 263 motus

217 284 325 317 etiam
346 282 379 316 in
403 282 527 328 Anglia
545 282 688 322 fuerint,
713 281 833 316 docent
858 281 963 323 plures
976 280 1104 322 Episto-

224 331 542 368 laeSanCtiAnselmi
569 331 820 376 Archiepiscopi
844 330 1105 364 Cantuarienfis.

224 382 283 416 Ad
304 383 380 418 illos
399 384 500 427 igitur
518 382 767 426 componendos
785 381 974 424 praesentem
994 378 1104 414 denuo

225 433 401 468 Canonem
412 434 519 466 emisit
531 433 638 469 noster
649 431 841 475 Gregorius.

273 483 348 517 Nec
360 483 425 516 sine
437 484 540 519 frustu
553 509 561 516 .
590 484 643 517 Ex
663 480 758 523 hujus
778 480 868 514 enim
890 479 1040 514 Canonis
1061 489 1104 513 re-

221 532 372 568 verentia
405 533 519 567 Petrus
539 533 661 571 Comes
684 530 915 575 Melgoriensis
936 530 1104 575 Gregorio

224 583 338 618 nostro
350 594 386 617 ac
398 582 472 618 Sedi
485 580 681 626 Apostolicae
690 578 781 618 dedit
805 578 1014 615 Comitatum
1026 577 1104 617 Sub-

221 632 480 668 stantionensem
492 656 502 675 ,
512 644 549 666 ac
561 631 796 674 Episcopatum
809 630 1083 675 Magalonensem
1093 653 1103 669 ,

224 683 461 719 &donationis
479 681 697 716 instrumento
722 680 845 719 indidit
869 681 960 715 hunc
987 681 1104 714 articu-

223 734 295 773 lum
311 748 321 767 .·
347 737 393 768 sit
412 739 445 769 ln
460 730 603 774 potestate
623 734 752 764 Romani
781 731 933 773 Pontificis
947 755 958 771 ,
983 736 1016 763 in
1028 732 1103 772 Epi·

220 784 346 829 scopam
366 779 570 827 Magalanenfi
576 792 663 824 quem
672 782 821 824 placuerit
835 784 865 813 E
864 780 1017 823 piscopum
1024 779 1105 821 juste

226 833 419 868 &Canonice'
440 832 581 865 ordinare
593 856 604 872 ‚
630 832 665 865 (9
682 839 738 873 per
760 841 827 863 eam
846 831 1054 866 audoritatem
1077 834 1104 862 'ei

220 884 313 916 liceat
334 878 535 925 Magalonenfi
552 879 706 922 Ecclefiae,
726 883 826 922 juxta
845 879 1059 921 constitutiones
1071 881 1105 914 (⁴5

224 936 354 976 Decreta
377 931 548 970 sanc‘lorum
573 934 723 971 Patrum,
746 929 905 974 personam
920 929 1105 973 probabilem

225 984 262 1016 (τ
283 983 421 1018 idoneam
438 982 482 1019 ad
501 983 659 1026 regendum
681 982 821 1023 populum
844 982 880 1016 3
900 992 947 1015 res
966 979 1107 1022 Ecclefia·

221 1031 311 1074 sticas
324 1045 338 1074 ‚·
364 1033 450 1066 liceat
461 1056 473 1073 ‚
484 1037 608 1074 inquam
620 1056 631 1071 ‚
656 1042 694 1065 ex
704 1031 754 1064 hoc
767 1033 801 1065 3
814 1032 951 1073 deinceps
965 1054 976 1072 ,
987 1032 1105 1074 qualem

226 1083 382 1122 diximus,
405 1082 589 1124 probabilem
606 1079 717 1125 scilicet
741 1083 775 1116 (θ’
795 1082 932 1116 idoneam
949 1079 1105 1125 personam

226 1139 266 1168 in·
274 1130 454 1176 Episcopum
464 1132 568 1175 eligere
581 1131 690 1175 absque
700 1133 762 1165 ulla
771 1138 828 1165 mei
839 1133 892 1166 vel
899 1133 1026 1172 alicujus
1046 1130 1106 1163 hae-

226 1179 350 1222 redum,
370 1191 424 1216 aut
436 1182 619 1226 Succefforum
629 1192 756 1216 meorum
764 1182 992 1215 contradimone
1004 1205 1011 1213 .
1042 1181 1106 1214 Ex-

227 1232 290 1267 stat
310 1234 489 1272 Decretum
514 1233 548 1266 in
568 1231 856 1278 Magalonensium
869 1232 1105 1276 Episcoporum

228 1282 394 1328 Catalogo
407 1307 419 1322 ‚
443 1281 613 1327 publicato
634 1293 690 1327 per
713 1281 908 1327 Philippum
918 1281 1105 1316 Labbeum.

225 1331 357 1368 Ibidem
378 1331 478 1367 habes
498 1331 708 1368 Cot'nitatum
724 1331 822 1366 istum
844 1330 955 1375 postea
977 1330 1019 1365 ab
1038 1330 1107 1365 Ur-

227 1381 318 1417 bano
341 1382 487 1420 secundo
508 1382 622 1417 datum
653 1381 828 1422 Cathedrae
858 1380 1105 1426 Magalonenfi.

228 1431 285 1465 Ex
304 1431 419 1470 eadem
435 1432 617 1474 reverentia
633 1433 712 1473 fecit
722 1431 969 1471 Flandrensium
982 1430 1107 1465 Comes

229 1480 398 1516 Rnbertus
417 1480 745 1522 Hierosolymitanus
755 1504 767 1521 ,
794 1479 885 1524 quod
896 1479 936 1515 ad
948 1479 1015 1523 ejus
1027 1490 1106 1514 uxo-

227 1541 299 1571 rem
314 1529 540 1564 Clementiam
560 1529 670 1565 scribit
685 1529 818 1564 Sanstus
829 1529 1024 1565 Anselmus:
1049 1534 1107 1563 Re-

227 1582 324 1616 latum
340 1577 416 1612 mibi
439 1579 478 1620 est
490 1602 500 1619 ,
525 1578 668 1623 quosdam
690 1578 820 1615 Abbaetes
841 1586 874 1613 in
899 1580 1052 1617 Flandria
1066 1579 1107 1622 fic

228 1629 394 1674 constituros
407 1653 419 1670 ,
442 1637 477 1662 ur
499 1633 604 1664 Comes
623 1636 675 1664 vir
697 1630 793 1671 vester
816 1631 932 1665 nullam
948 1636 991 1670 eir
1014 1641 1106 1664 manu

222 1679 285 1726 sua
302 1680 392 1714 daret
403 1679 609 1721 investituram
625 1704 632 1712 .
659 1678 848 1716 Clementia
865 1678 933 1715 haec
944 1681 1008 1716 fuit
1021 1680 1107 1714 Gui-

228 1730 336 1766 lielmi
354 1730 551 1776 Burgundiae
569 1729 675 1766 Ducis
694 1730 762 1766 filia
785 1755 798 1772 ,
834 1730 942 1775 neptis
966 1729 1106 1766 Roberti

228 1782 432 1816 Francorum
444 1781 547 1826 Regis
561 1804 573 1822 ‚
584 1782 673 1818 soror
684 1781 811 1816 Calixti
822 1780 957 1817 secundi
969 1780 1107 1815 Pontifi-

229 1831 278 1866 cis
288 1855 300 1872 ‚
325 1831 383 1875 qui
395 1831 539 1875 peffimas
552 1831 593 1866 de
604 1830 791 1866 investitura
802 1830 875 1866 lites
883 1831 1019 1866 tandem
1030 1842 1107 1866 cum

229 1877 383 1916 Henrico
393 1881 512 1924 quinto
522 1881 718 1925 Imperatore
729 1882 914 1925 composuit
933 1882 969 1916 &
989 1881 1109 1915 exstin-

228 1931 294 1966 xit.
323 1930 464 1967 Roberti
476 1932 619 1967 Comitis
629 1932 783 1977 pietatem
794 1932 895 1974 etiam
905 1931 961 1968 alii
983 1930 1107 1967 Princi-

228 1992 285 2027 pes
293 1981 428 2015 fuerunt
439 1982 559 2022 imitati
573 2007 582 2021 .,

281 2031 426 2078 Quaestio
435 2032 480 2071 est
493 2056 506 2073 ,
532 2032 587 2067 An
601 2031 655 2067 hic
666 2033 706 2068 sit
720 2033 777 2069 ille
786 2032 908 2070 Canon
923 2059 935 2076 ,
959 2044 1058 2078 quem
1072 2032 1107 2067 in

229 2081 637 2125 secundosuoopuscmo,
666 2084 873 2118 &inlitteris
896 2084 937 2118 ad
961 2083 1108 2128 Raynal·

231 2131 312 2165 dum
331 2131 602 2175 Andegavensem
627 2132 826 2176 Episcopum
849 2132 958 2167 laudat
983 2133 1110 2167 Goffre-

231 2179 293 2214 dus
314 2178 428 2214 Abbas
452 2179 727 2215 Vindocinensis?
752 2184 818 2226 ,Qui
832 2181 993 2226 cognoscere
1015 2184 1109 2216 volue—

231 2235 274 2263 rIt
283 2252 296 2270 ,
321 2231 401 2271 quid
406 2229 561 2262 catholica
575 2232 610 2263 3
621 2230 779 2271 Apostoltca
791 2231 917 2273 Ecclefia
929 2234 967 2264 de
989 2230 1106 2272 investi-

231 2287 302 2313 tura
317 2276 468 2322 senserit,
493 2280 570 2321 quid
590 2280 742 2320 docuerit,
769 2281 846 2323 quid
860 2281 1054 2319 judicaverit
1076 2282 1111 2315 ὁ·
1146 2278 1151 2290 ’

232 2328 427 2370 constituerit,
449 2329 527 2372 legat
536 2334 568 2362 in
577 2335 675 2371 primo
686 2332 828 2372 Capitulo
849 2331 934 2364 illius
957 2333 1110 2371 concilii,

230 2379 309 2421 quod
317 2386 444 2420 tempore
456 2381 588 2422 Gregorii
593 2378 716 2422 septimi
729 2380 950 2423 Papaefacqum
966 2381 1006 2422 est
1030 2407 1038 2414 .
1063 2384 1094 2414 Ε
1097 2390 1111 2414 t

231 2428 273 2462 ibi
283 2439 381 2461 omnes
392 2429 520 2465 Clericus
533 2452 544 2468 ‚
571 2435 622 2472 qut
633 2431 670 2463 de
683 2442 775 2464 manu
787 2434 872 2464 Later
894 2431 1108 2472 investituram

230 2483 378 2521 accipiunt
387 2502 397 2518 ,
424 2477 576 2512 haermcos
586 2488 706 2513 vocatos
719 2505 730 2522 ,
755 2483 791 2515 3
803 2481 868 2515 ideo
880 2482 1039 2514 damnatos
1052 2482 1104 2525 effe

231 2530 538 2562 &excommunicatos
548 2534 697 2564 inveniet.
729 2534 815 2565 Licet
827 2538 907 2565 enim
930 2532 993 2565 alta
1017 2531 1109 2565 haere·

226 2576 267 2620 fis
278 2578 316 2612 de
327 2576 505 2618 investitura
525 2580 640 2612 dicatur
653 2604 663 2619 ,
690 2582 752 2614 alla
774 2583 963 2621 simoniaca,
985 2581 1040 2622 ista
1063 2591 1109 2614 ta-

231 2638 321 2668 men,
345 2638 419 2673 qua»
435 2628 475 2660 de
493 2626 666 2667 investitura
684 2631 817 2672 dicitur,
844 2639 946 2664 contra
968 2631 1110 2664 sanciam

232 2675 389 2718 Ecclesiam
395 2676 509 2719 fortius
515 2679 686 2719 jaculatur.
713 2679 763 2712 ibt.
783 2685 862 2713 enim
877 2686 1031 2723 »imprimis
1051 2692 1110 2718 om,-

231 2734 284 2760 ms
304 2725 514 2768 Ecclefiastlcus
538 2728 612 2761 ordo.
633 2727 824 2771 confunditur
844 2754 856 2770 ‚
890 2732 1011 2772 quando
1032 2730 1110 2771 boc,

233 2778 315 2820 quod
324 2782 475 2820 unicuique
483 2779 503 2810 ἃ
508 2775 561 2821 fico
575 2777 820 2822 consecratorem
831 2780 961 2822 Ecclesia
971 2792 1036 2815 cum
1047 2792 1111 2814 ora·

233 2826 384 2868 tionibus,
409 2838 478 2870 quae
502 2827 544 2865 lbi
564 2835 764 2870 conveniunt,
791 2831 861 2863 dan
881 2830 986 2872 debet,
1010 2833 1032 2864 ἃ
1048 2829 1113 2874 sae-2

233 2879 328 2911 cutm
349 2876 495 2918 Potestate
510 2879 598 2920 priui
619 2884 761 2921 accipitur
779 2903 786 2912 .
818 2880 1014 2924 Respondeo
1040 2892 1110 2916 non

233 2927 315 2962 effe.
341 2927 415 2962 Nec
427 2929 518 2962 enim
529 2930 651 2972 primus
664 2929 718 2964 hic
726 2930 770 2964 est
785 2929 879 2972 hujus
890 2931 1016 2974 synodi
1038 2931 1070 2966 C
1079 2942 1111 2966 a·-

233 2987 327 3018 non,
351 2977 407 3012 sed
419 2978 548 3015 tertius
575 2979 619 3014 Et
632 2979 756 3014 nullam
768 2978 922 3014 haereseos
930 2982 1007 3017 facit
1020 2992 1110 3016 men-

233 3014 380 3061 tionem.
407 3027 563 3063 Nullam
555 3037 635 3064 rtem
648 3030 726 3064 facit
749 3031 895 3065 secundae
913 3031 1041 3075 Synodi
1064 3033 1111 3066 su-

234 3086 290 3120 pra
299 3074 456 3111 adduaus
466 3087 506 3111 ex
516 3078 667 3125 Hugone
687 3080 947 3121 Fhrviniacenfi,
970 3081 1004 3119 δε
1027 3081 1110 3117 infra

234 3125 428 3184 repetendus
451 3127 571 3163 Canon
595 3154 606 3170 ,
632 3130 711 3164 licet
730 3132 846 3165 forsan
868 3131 966 3166 suerit
986 3131 1109 3169 alicubi

235 3177 377 3220 primus.
404 3176 625 3224 Qinimmo‚
650 3179 727 3214 licet
751 3181 786 3215 in
809 3181 922 3219 litteris
942 3180 982 3215 ad
1007 3181 1111 3226 Aqui-

236 3225 387 3269 lejensem
401 3226 575 3264 Ecclesiam
587 3228 695 3265 noster
706 3231 884 3276 Gregorius
895 3230 1032 3266 scribat‘
1022 3243 1112 3267 mve-

236 3275 331 3311 stitos
343 3274 517 3312 Antistites
526 3289 595 3312 non
606 3279 724 3316 intrare
735 3292 789 3324 per
799 3281 943 3322 ostium,
968 3280 1020 3316 sed
1031 3291 1112 3318 tam·

237 3337 337 3371 quam
356 3326 443 3361 fures
463 3337 502 3362 ac
523 3327 667 3365 latrones
687 3330 823 3365 aliunde
843 3332 994 3373 insilire,
1020 3343 1113 3368 num-

238 3387 334 3418 quam
345 3386 455 3412 tamen
466 3377 587 3423 legitur
598 3378 754 3413 accusasse
767 3380 808 3415 de
829 3378 934 3416 haeresi
946 3405 958 3422 ,
984 3393 1046 3416 nec
1064 3382 1114 3417 in-

239 3427 428 3464 vestituram
450 3426 664 3464 itatitulaffe.
691 3430 863 3474 Ejusmodi
885 3432 965 3467 item
990 3432 1114 3478 Grego-

1911 154 1982 207 67

1166 227 1249 261 riani
1263 225 1394 260 Decreti
1404 225 1497 260 nulla
1507 225 1553 259 est
1565 227 1652 270 apud
1675 227 1901 266 Anthenticos
1918 230 2052 275 scripto-

1167 290 1216 312 res
1227 277 1406 311 memoria.
1434 275 1664 314 Dostiffimum
1678 278 1874 316 Goffredum
1895 281 1931 316 in
1951 288 2050 317 tanto

1168 329 1214 362 sui
1226 328 1381 371 temporis
1392 327 1529 371 negotio
1541 328 1656 367 errasse
1675 329 1748 370 quis
1770 330 1819 363 vel
1841 333 2017 375 suspicetur
2031 333 2049 365 ἓ

1169 379 1247 422 Ejus
1260 388 1401 411 mentem
1413 376 1538 422 colligo
1550 388 1592 412 ex
1606 376 1696 411 hisce
1707 378 1743 411 in
1755 378 1894 415 laudatis
1911 383 2049 426 opuscu-

1169 429 1202 462 lo
1213 430 1246 463 &
1257 426 1405 471 Epistola
1420 428 1525 461 verbis
1542 440 1549 460 ε
1577 431 1648 463 Haec
1654 436 1808 473 praterea
1828 428 1943 471 baerefis
1955 434 1991 465 de
2002 438 2049 466 in-

1168 479 1313 519 vestitura,
1322 501 1332 517 ,
1355 476 1470 518 sireHe
1479 475 1678 521 perspiciatur
1690 503 1702 518 ,
1725 483 1819 515 etiam,
1828 477 1945 520 baerefis
1958 483 2049 516 Slmo-

1168 536 1255 563 maca
1266 528 1339 572 esser,
1351 533 1428 565 viva
1443 529 1477 562 3
1492 539 1567 562 vera
1577 535 1690 563 ratione
1697 528 1844 570 probatur
1856 554 1863 562 .
1891 527 2048 571 Pluribus

1168 580 1200 613 id
1213 588 1352 615 conatur
1362 578 1585 613 demonstrare
1601 604 1608 612 .
1636 577 1810 626 Qidquid
1833 578 1876 618 de
1895 579 2047 618 Simouia

1166 629 1286 663 dicitur
1298 653 1308 668 ,
1334 628 1400 662 dici
1412 628 1483 662 vult
1493 628 1593 663 etiam
1610 628 1652 663 de
1664 628 1857 667 investitura
1869 653 1881 670 ,
1906 628 2049 673 ideoque

1167 678 1308 713 haeresim
1320 702 1331 722 ,
1352 689 1451 721 quam
1464 678 1618 712 Simoniae
1628 679 1813 724 fmquenter
1824 679 1979 725 impingit
1990 691 2052 719 no-

1167 730 1227 763 ster
1239 728 1420 774 Gregorius
1431 753 1442 768 ,
1468 729 1610 774 impingi
1623 728 1722 763 etiam
1734 729 1929 764 investiturae
1939 752 1948 762 .

1218 780 1262 813 Et
1276 778 1408 823 quidem
1421 778 1556 821 Laicam
1569 779 1736 818 Antistitis
1746 789 1802 813 aut
1814 779 2050 825 cujuscumque

1167 828 1288 869 Clerici
1314 828 1540 868 investituram
1564 830 1628 866 esse
1647 839 1756 865 veram
1780 828 1921 863 haerefim
1933 853 1946 870 ,
1971 831 2051 864 corf-1

1168 879 1286 913 stanter
1295 878 1443 914 defendit
1464 879 1562 914 etiam
1585 880 1699 915 Bruno
1722 879 1961 916 Caffinenfium
1982 880 2052 915 Ab·

1167 927 1222 963 bas
1233 953 1244 969 ,
1270 929 1303 962 &
1316 929 1474 972 Signinus
1488 930 1668 974 Episcopus
1680 955 1688 962 .
1714 930 1753 968 ln
1765 927 1850 965 datis
1861 930 1902 965 ad
1913 928 2052 969 Pascha·-

1137 1020 1139 1022 .
1168 979 1232 1013 lem
1242 978 1420 1013 secundum
1441 1003 1452 1019 ,
1474 981 1531 1023 qui
1556 979 1706 1014 Henrico
1728 980 1850 1022 quinto
1871 980 2052 1025 imperato-

1168 1030 1194 1064 ri
1214 1027 1300 1073 apud
1312 1027 1531 1067 Castellanam
1543 1030 1713 1065 civitatem
1736 1030 1885 1074 captivus
1904 1029 2053 1065 reddide

1167 1079 1506 1114 ratdamnatas&ase
1531 1080 1567 1112 ἀ
1588 1080 1606 1115 ὸ,
1630 1080 1693 1113 suis
1714 1080 2011 1118 Antecessoribus
2003 1093 2057 1114 in·

1169 1128 1361 1173 vestituras,
1387 1129 1504 1163 litteris
1519 1128 1662 1165 studiose
1674 1131 1705 1163 se
1717 1139 1833 1175 purgat
1854 1129 1897 1165 de
1919 1130 2051 1167 sinistro

1168 1179 1201 1213 in
1213 1178 1410 1214 Pontificem
1419 1178 1545 1218 adfectu
1556 1180 1590 1213 &
1602 1179 1718 1221 quavis
1728 1180 1979 1221 maledicentia,
1997 1180 2052 1216 ad·

1168 1229 1275 1264 firmat
1286 1230 1317 1263 se
1328 1228 1370 1264 de
1380 1229 1451 1273 ipso
1461 1228 1672 1274 degradando
1682 1241 1752 1265 non
1763 1231 1930 1275 cogitare,
1952 1240 2051 1274 atque

1168 1278 1317 1326 adjungit
1327 1291 1347 1314 .·’
1364 1277 1538 1323 constitutio
1557 1289 1632 1322 tua,
1658 1291 1723 1325 qua
1747 1279 1898 1321 videlicet
1920 1282 2052 1317 investi,

1169 1339 1255 1364 turae
1265 1340 1341 1364 ante
1352 1329 1588 1370 damnaveras,
1612 1332 1647 1365 3
1669 1329 1830 1370 constitutio
1855 1330 2053 1373 Apostolorum

1167 1378 1275 1421 unaest
1287 1405 1299 1422 ‚
1324 1382 1359 1414 3
1380 1378 1448 1423 ipsa
1468 1382 1596 1415 multum
1615 1381 1799 1415 laudabilis.
1826 1379 1949 1425 Apostoli
1970 1387 2053 1418 enim

1169 1430 1233 1463 illos
1244 1441 1343 1464 omnes
1355 1431 1525 1472 damnant,
1553 1432 1619 1466 &a
1633 1430 1767 1473 fidelium
1789 1437 1985 1466 communione
2007 1429 2054 1475 se

1164 1490 1315 1524 gregum,
1339 1485 1513 1523 quicumque
1523 1479 1682 1523 Ecclefiam
1700 1489 1758 1530 per
1774 1479 1944 1525 saeculaerem
1965 1484 2054 1514 Pote-

1161 1528 1270 1570 starem
1295 1529 1460 1563 obtinent.
1486 1533 1570 1567 Larci
1595 1536 1675 1565 enim
1701 1555 1713 1572 ,
1749 1537 1893 1574 quamvis
1918 1530 2058 1575 Religiofi

1162 1579 1256 1622 sint,
1291 1580 1408 1617 nullam
1439 1586 1544 1617 tamen
1563 1577 1737 1623 disponendi
1757 1580 1917 1624 Ecclesiam
1940 1581 2052 1616 babent

1165 1629 1337 1673 potestatem
1364 1655 1371 1665 .
1398 1630 1542 1669 Similiter
1563 1630 1598 1668 ὀ·
1620 1629 1782 1672 constitutio
1803 1640 1857 1665 tua
1876 1656 1888 1671 ,
1925 1644 1993 1675 quae
2013 1633 2054 1666 de

1170 1675 1324 1723 'apostolico
1337 1679 1428 1722 fonte
1448 1684 1613 1721 manavit,
1639 1690 1739 1714 omnes
1751 1681 1816 1717 illos,
1830 1681 1955 1715 clericos
1968 1682 2054 1714 dam-

1158 1738 1244 1769 nat,
1269 1730 1305 1771 3
1326 1731 1347 1764 ὰ
1364 1729 1502 1773 fidelium
1520 1736 1719 1768 communione
1740 1729 1900 1774 separat,
1925 1736 2054 1775 quicum-

1161 1791 1223 1823 que
1241 1781 1279 1814 de
1297 1789 1390 1814 manu
1417 1780 1719 1822 Laiciinvessiruram
1727 1779 1920 1825 suscipiunt,
1945 1783 2056 1824 &qui-

1169 1841 1290 1874 cumque
1311 1836 1356 1870 eis
1379 1842 1503 1864 manum
1524 1837 1695 1874 imponunt.
1733 1836 1786 1866 Ea
1806 1843 1940 1879 namque·¹¹
1946 1832 2057 1890 consti-

1170 1886 1246 1915 tutio
1262 1887 1315 1914 tua
1335 1880 1370 1918 θ,
1389 1879 1584 1924 Apostolorum
1603 1879 1710 1925 sanlla
1733 1882 1794 1923 est,
1821 1844 1964 1917 Cathoti

1171 1936 1229 1966 Cu!
1249 1938 1424 1975 quicumque
1444 1933 1644 1974 contradtclr,
1669 1932 1842 1970 catholicus
1861 1944 1918 1967 non
1931 1883 2114 2026 e&->

1169 1984 1192 2016 ll
1214 1987 1293 2015 enim
1308 1980 1381 2025 sunt
1402 1981 1568 2021 Catholici,
1592 1990 1644 2027 qut
1669 1982 1832 2018 Cathollcae
1857 1982 1994 2026 Ecclefiae
2111 1987 2121 1993 ‘

1170 2034 1221 2068 det,
1243 2033 1279 2073 ψ
1298 2030 1441 2066 doelnnae
1462 2043 1521 2066 non
1543 2033 1762 2067 contradicunt.
1790 2035 1871 2068 sicut
1893 2035 1998 2068 contri
2021 2034 2061 2067 rt-

1170 2084 1194 2116 Ιὶ
1211 2081 1284 2124 sunt
1315 2081 1446 2115 baeretm
1466 2106 1478 2124 ‚
1513 2089 1565 2125 qui
1586 2083 1750 2117 eatboltcae
1769 2081 1905 2126 Ecclesia
1922 2084 2000 2128 fidei
2023 2085 2062 2118 (Ψ

1172 2131 1312 2165 ᾰοὲἳνίηι
1334 2130 1474 2171 obstinato
1505 2137 1602 2164 animo
1623 2135 1825 2166 contradicunt
1850 2157 1857 2165 .
1901 2134 2015 2178 Urget
2039 2136 2060 2167 ὸ

1174 2179 1359 2225 vulgaribus
1380 2179 1587 2224 Apostolicis
1608 2181 1811 2226 trigesimum
1838 2183 1981 2225 primum
1995 2182 2063 2216 Ca-

1175 2241 1321 2270 nonem,
1345 2229 1495 2268 adfirmat
1517 2230 1625 2274 ipsum
1647 2232 1710 2266 effi:
1725 2231 1961 2276 Apostolicum
1976 2232 2060 2277 dog-

1173 2291 1248 2321 ma,
1274 2279 1417 2323 ideoque
1437 2280 1518 2315 citra
1541 2279 1685 2317 haerefim
1705 2293 1774 2316 non
1799 2283 1887 2326 posse
1909 2281 2059 2316 adversus

1173 2331 1277 2375 ipsum
1299 2328 1454 2369 decerni,
1479 2340 1577 2377 atque
1599 2331 1831 2375 prosequitur.-
1859 2336 1944 2366 Hanc
1962 2338 2057 2376 igitur

1173 2391 1257 2415 tuam
1278 2381 1314 2415 3
1334 2379 1529 2424 apostolicam
1547 2380 1799 2423 constitutionem,
1827 2385 1920 2416 Pater
1931 2394 2057 2421 venera·

1171 2431 1271 2474 bilis
1295 2432 1405 2466 {terrim
1414 2430 1581 2474 confirma,
1605 2431 1682 2468 hanc
1693 2438 1726 2467 in
1737 2440 1793 2466 tua
1813 2432 1964 2475 Ecclefia‚
1990 2444 2066 2476 quae

1173 2487 1303 2515 omnium
1316 2475 1513 2539 Ecclefiarum
1526 2489 1613 2524 caput
1621 2481 1680 2523 est,
1705 2484 1814 2525 palam
1822 2484 1857 2517 δ’
1876 2483 1990 2517 cune‘lis
2007 2494 2061 2517 au-

1172 2531 1324 2566 dientibus
1326 2520 1485 2582 ᾒαᾰὶεσ.
1518 2536 1607 2567 Hanc
1617 2531 1720 2574 haeres
1716 2544 1755 2571 m
1753 2557 1768 2574 ,
1779 2544 1872 2576 quam
1881 2543 1915 2567 tu
1927 2531 1987 2576 ipse
2000 2533 2062 2568 hae-

1170 2580 1252 2623 resim
1261 2582 1313 2625 effe
1319 2570 1402 2624 saepe
1409 2581 1720 2625 dixss1,ApostoItca
1731 2583 1910 2618 audon-nate
1921 2585 2035 2616 damna
2048 2605 2063 2624 ,

1170 2633 1202 2665 3
1213 2642 1281 2664 mox
1301 2632 1423 2666 videbis
1446 2640 1541 2665 totam
1563 2632 1721 2675 Ecclefiam
1739 2633 1795 2667 tibr
1816 2634 1867 2675 effe
1884 2634 2061 2676 placatam.

1174 2685 1244 2715 Mox
1261 2692 1360 2714 omnes
1384 2681 1503 2721 vaecors
1522 2683 1569 2715 ad
1585 2693 1651 2716 tuos
1673 2684 1768 2725 pedes
1786 2682 2002 2725 confluentes
2024 2683 2060 2718 ὑ

1171 2743 1281 2775 magna
1297 2733 1414 2772 laertia
1421 2722 1510 2781 ficut
1532 2735 1626 2764 Patri
1650 2734 1685 2767 3
1713 2736 1845 2768 Domino
1873 2732 2062 2772 'obedientes⁰
2052 2756 2065 2773 .,

1171 2782 1350 2830 Qotquot
1370 2772 1463 2822 eni&
1481 2781 1621 2818 Laicam
1641 2782 1870 2822 investituram
1879 2781 2059 2819 censebant

1172 2831 1336 2871 haeressm,
1361 2831 1379 2864 ὲ
1405 2825 1570 2869 Pakhalis
1593 2831 1782 2868 obedientia
1802 2833 2063 2874 &communio-

1173 2893 1214 2916 ne
1238 2882 1270 2916 se
1295 2878 1539 2922 subduxerant,
1564 2881 1788 2927 volebantque
1804 2882 1942 2926 eiectum
1951 2894 1990 2919 ac
2001 2882 2058 2917 de-

1171 2932 1342 2978 gradatum
1365 2956 1372 2963 .
1410 2930 1493 2966 Haec
1519 2933 1632 2967 omnia
1660 2933 1776 2968 Bruno
1802 2934 1954 2968 adfirmat
1982 2943 2055 2967 non

1173 2983 1258 3027 poffe
1278 2982 1458 3025 componi,
1486 2981 1544 3016 nisi
1567 2982 1656 3026 Papa
1680 2984 1776 3018 suum
1786 2983 1907 3018 fastum
1919 2983 2057 3017 circum-

1171 3033 1270 3067 ducat
1283 3055 1295 3072 ,
1319 3031 1475 3072 damnet,
1499 3043 1538 3067 ac
1557 3032 1681 3076 abjuret
1696 3059 1703 3066 .
1732 3034 1842 3068 Etiam
1853 3033 1894 3067 ad
1914 3033 2056 3069 Petrum

1173 3082 1382 3118 Portuensem
1394 3082 1590 3126 Episcopum
1602 3107 1612 3123 ,
1638 3084 1783 3127 quicum
1795 3082 1942 3117 Paschali
1955 3082 2057 3126 capti·

1173 3144 1230 3166 vus
1253 3132 1377 3173 fuerat,
1401 3132 1518 3177 scripsit
1530 3147 1542 3167 .-
1569 3135 1747 3168 Audivimus
1768 3134 1847 3176 quod
1865 3133 1992 3175 qnidam
2004 3133 2055 3167 -de

1166 3181 1320 3225 fratribus
1345 3181 1449 3222 nostris
1470 3193 1528 3216 non
1544 3181 1643 3227 solum,
1660 3195 1718 3218 non
1738 3184 1887 3220 damnent
1907 3194 1965 3223 ea,
1991 3193 2054 3225 qua

1174 3234 1257 3267 modo
1275 3241 1378 3266 contra
1397 3231 1539 3272 5aen8ana
1561 3232 1717 3276 Ecclesiam
1730 3230 1921 3276 fadasunss
1946 3234 2057 3267 versem

1174 3288 1265 3317 ettam
1281 3282 1359 3326 satis
1380 3284 1567 3325 impudenter
1587 3283 1750 3326 defendere
1760 3292 1916 3319 conentur.
1945 3287 2055 3317 Omnis

1175 3342 1273 3367 autem
1285 3357 1297 3373 ,
1321 3337 1372 3375 qui
1391 3331 1520 3375 baerefim
1536 3333 1699 3375 defendit,
1727 3333 1883 3370 baeretieuc
1902 3332 1960 3374 est.
1988 3338 2058 3368 Ne-

1175 3394 1221 3416 mo
1239 3392 1339 3417 autem
1351 3381 1428 3417 banc
1450 3394 1509 3417 non
1519 3384 1571 3427 esse
1580 3383 1710 3426 baerefim
1722 3385 1816 3419 duero
1822 3384 1916 3427 potest
1927 3409 1938 3424 ,
1962 3392 2055 3426 quarn

1171 3431 1279 3476 sancia
1299 3435 1334 3468 3
1357 3433 1511 3477 apostolica
1530 3431 1656 3476 Ecclefia
1681 3435 1827 3470 mmultis
1839 3435 1981 3524 concili}
1990 3432 2060 3466 hae-

1924 3493 1956 3516 re
1975 3493 2010 3518 m
