2372 3756
122 1471 210 1503 Orat.
233 1483 276 1512 19.

404 103 509 151 '186

333 200 408 234 pus.
436 189 485 224 Ita
497 184 590 230 cogit
601 180 759 229 loquendi
780 182 922 226 modus,
939 159 983 220 ¹&
1005 185 1211 220 consuetudo

331 238 490 277 celebrior
501 260 514 277 ,
539 247 602 272 nec
612 234 700 271 aliud
713 235 778 270 ulla
791 235 845 270 hic
856 236 941 271 ratio
952 234 1062 271 suadet
1072 260 1080 268 .
1111 235 1155 270 Et
1169 247 1210 269 ex

328 288 503 329 hislucet‚
529 285 619 331 quod
629 297 690 321 nos
703 285 805 323 hodie
828 285 999 322 Catholici
1026 298 1097 322 non
1115 287 1210 320 seete-

328 337 518 381 murjejuna
531 336 726 380 syllabarum
740 338 878 381 aucupia
887 362 894 371 .

377 388 564 425 Redeamus
592 387 633 423 ad
645 389 800 425 Sanctum
824 385 1006 431 Cyrillum.
1034 387 1207 421 Carnalem

326 437 618 482 capharnaitarum
645 437 686 471 de
712 435 916 472 Eucharistia
942 447 1083 471 errorem
1106 461 1118 479 ,
1146 448 1206 470 nec

323 499 394 524 non
419 489 452 527 ὃς
479 488 631 533 Iudaicos
653 486 896 530 Propofitionis
916 497 1015 530 panes
1040 486 1202 528 exponit,

322 548 420 584 atque
439 539 662 583 prosequitur:
690 539 729 570 At
740 542 773 569 in
785 541 860 581 Lege
871 547 951 570 nova
958 542 1052 579 panis
1066 535 1183 574 coelestis
1195 558 1206 576 ,

315 585 507 635 poculumque
513 588 623 632 salutis
649 593 786 620 animam
813 589 847 623 (ἐπ’
866 594 971 628 corpus
990 584 1182 629 sanllz'ficant
1195 611 1202 620 .

318 642 400 675 sicut
419 646 499 673 enim
511 643 605 682 panis
623 642 752 679 corpori,
773 636 816 683 fic
837 638 872 672 (9·
899 635 1022 673 verbum
1036 642 1129 670 menti
1140 647 1204 669 con·-

316 695 420 726 venlt.
448 693 500 723 Ne
521 699 589 732 ergo
609 687 766 730 confideres
787 695 934 730 tanquam
940 695 1051 728 panem
1064 687 1178 720 nudum
1190 710 1200 728 ,

317 741 352 776 t&-
375 741 487 773 nudum
508 744 640 775 vinum:
668 743 786 781 Corpus
809 743 887 771 enim
913 737 1080 780 &Sanguis
1092 735 1201 778 christi

315 788 411 834 fient,
432 787 595 833 secundum
618 787 706 833 ipfius
731 791 853 823 Domini
879 785 974 822 verba
999 810 1006 818 .
1042 788 1199 831 ‚Quamvis

313 845 395 873 enim
414 838 524 885 sensus
546 839 598 873 boc
621 839 679 873 tibi
693 836 845 884 suggerit,
871 845 973 870 tamen
987 836 1068 880 fides
1099 846 1128 871 te
1138 848 1202 871 con·

309 889 432 934 firmet.
460 894 513 925 Ne
529 900 569 925 ete
597 887 683 932 gustu
703 900 766 923 rem
784 888 904 931 judices
917 911 927 928 ,
956 892 1027 929 quin
1046 888 1149 929 potius
1159 899 1198 922 ex

308 938 370 981 fide
390 939 504 972 babeas
522 947 581 983 pro
604 938 772 978 certifflmo,
797 943 845 972 ita
866 944 899 971 ut
909 937 991 971 nulla
995 935 1104 981 subeat
1115 937 1196 971 dubi-

311 996 408 1029 tatio,
435 990 487 1032 effe
508 988 563 1022 tibi
588 989 700 1023 donata
721 988 1092 1034 CorpusQJ'anguinem.
1121 987 1195 1022 Plu-

309 1037 399 1075 ribus
422 1037 488 1073 haec
498 1037 637 1075 illustrat
652 1048 750 1082 atque
761 1038 982 1082 prosequitur:
1010 1042 1069 1073 Hoc
1076 1036 1193 1083 sciens,

308 1090 344 1122 Θ
360 1097 416 1132 pro
437 1089 584 1130 certifflmo
608 1087 722 1124 babens
742 1097 856 1133 panem
879 1087 979 1128 hunc,
1004 1094 1058 1131 qui
1070 1090 1193 1122 videtur

304 1139 419 1175 anobis
431 1164 443 1180 ,
468 1150 526 1174 non
539 1140 590 1183 effe
599 1148 733 1182 panem,
757 1137 979 1186 etiamſsgustus
998 1147 1114 1182 panem
1139 1139 1191 1182 esse

299 1187 435 1235 sentiat,
458 1188 577 1233 ftdeffe
590 1195 706 1235 corpus
732 1188 860 1229 Christi.
890 1192 936 1224 Ee
958 1194 1086 1228 vinum,
1114 1190 1193 1233 quod

302 1240 417 1273 anobis
427 1239 602 1287 conspicitur
614 1262 625 1282 ,
650 1238 767 1282 tametsi
770 1237 872 1286 sensui
889 1238 988 1282 gustus
1007 1244 1114 1273 vinum
1137 1239 1188 1284 effe

301 1290 442 1324 videatur
455 1315 465 1331 ,
493 1302 552 1324 non
579 1300 681 1327 tamen
707 1296 838 1330 vinum,
860 1287 918 1335 sed
937 1290 988 1331 effe
1007 1290 1184 1333 sanguinem

300 1339 428 1381 clm-sti.
457 1341 662 1378 Sanstificata
675 1340 785 1375 oleum
809 1341 843 1375 ἀ
865 1349 983 1384 aquam
1007 1349 1105 1373 nemo
1128 1351 1192 1375 unz„

298 1400 399 1434 quam
424 1391 513 1427 dixit
532 1402 602 1426 non
620 1391 683 1427 effe
706 1401 825 1432 aquam
846 1398 902 1426 aut
922 1388 1035 1423 oleum
1048 1414 1055 1422 .
1083 1389 1128 1424 Et
1148 1390 1182 1423 in

297 1441 439 1484 parentis
466 1441 514 1477 sui
546 1439 702 1486 GregorIi
728 1439 885 1484 Episcopi
911 1438 1041 1475 funebri
1068 1439 1184 1484 elogio

299 1492 434 1526 Sanetus
455 1491 639 1535 Gregorius
665 1490 897 1525 Nazianzenus
924 1498 1085 1526 memorat
1112 1501 1185 1524 can-

295 1542 382 1575 didos
393 1546 543 1583 imprimis
558 1565 570 1582 ,
595 1544 690 1575 Cruce
701 1538 879 1583 consignatos
892 1564 903 1584 ‚
930 1539 964 1573 Θ
976 1551 1054 1574 more
1059 1538 1113 1582 suo
1135 1539 1182 1575 be-

293 1591 425 1625 nedio‘ios
434 1599 550 1637 panes,
577 1591 612 1625 δε
639 1590 781 1635 ipsorum
809 1601 879 1624 non
906 1590 1007 1631 reali,
1033 1590 1086 1626 sed
1113 1589 1179 1626 sola

293 1641 428 1685 spiritali
450 1641 711 1678 manducatione
732 1650 870 1676 matrem
899 1641 990 1675 suam
1017 1640 1181 1676 Nonnam

292 1693 432 1727 affirmat
453 1691 548 1727 fuiffe
567 1691 586 1728 ὰ
607 1691 701 1737 gravi
724 1691 842 1725 morbo
865 1688 1051 1726 liberatam.
1080 1688 1179 1726 Adeo

291 1744 398 1778 saneta
418 1742 451 1777 &
474 1748 594 1786 potens
614 1746 683 1776 erat
702 1740 908 1776 benedictio.
937 1739 982 1775 Et
995 1739 1114 1776 ssmiles
1126 1752 1179 1784 pa*

290 1793 343 1827 nis
365 1804 403 1828 ac
426 1791 497 1827 vini
520 1791 761 1828 benedistiones
782 1791 889 1827 Graeci
912 1791 1035 1835 semper
1058 1787 1177 1826 habue-

290 1852 368 1879 runt
382 1843 486 1879 varias
497 1866 504 1875 ·
533 1843 578 1879 Et
590 1852 700 1878 tamen
714 1840 875 1885 ejusmodi
887 1851 1004 1884 panem
1015 1841 1050 1877 ἀ
1061 1842 1174 1877 vinum

290 1904 393 1928 nemo
414 1904 562 1938 unquam
586 1891 672 1928 dixit
693 1903 763 1927 non
785 1892 848 1927 effe
861 1901 978 1937 panem
991 1891 1024 1925 &
1036 1890 1152 1926 vinum
1164 1916 1171 1924 .

289 1944 421 1988 Nempe
445 1954 574 1980 tantam
595 1943 815 1978 mutationem
839 1952 907 1976 non
930 1942 1008 1976 facit
1034 1941 1093 1977 nisi
1117 1942 1174 1976 illa

289 1993 477 2030 benedistio
499 2019 509 2038 ,
535 1993 577 2028 de
597 2005 660 2036 qua
683 1993 818 2027 Sanstus
841 1991 987 2037 Cyrillus
1010 1992 1112 2039 pergit
1139 1993 1171 2027 in

289 2045 406 2089 quinta
429 2044 656 2089 mystagogica
677 2043 867 2077 Catechefi:
893 2045 954 2075 Per
979 2041 1177 2083 Serapbicum

285 2094 426 2134 hymnum
449 2106 500 2128 nos
521 2094 598 2138 ipsos
619 2092 844 2137 sanc‘Jificantes
861 2115 872 2131 ,
899 2094 993 2124 Deum
1015 2091 1173 2136 benignifi-

285 2156 366 2178 mum
386 2154 503 2178 oramus
515 2169 525 2186 ,
551 2152 585 2177 ut
596 2142 694 2188 ·fitper
707 2141 855 2186 proposita
867 2143 946 2177 dona
955 2141 1100 2176 Sandum
1111 2143 1175 2185 Spi-

284 2199 377 2229 ritum
397 2200 516 2229 emittat
536 2218 547 2234 ,
583 2199 634 2237 qui
650 2202 762 2235 panem
785 2193 903 2237 quidem
921 2191 1027 2236 faciat
1053 2196 1171 2235 Corpus

286 2246 422 2287 Christi,
450 2251 557 2279 vinum
579 2246 650 2279 vero
661 2243 770 2278 Christi
783 2245 991 2286 5angu1'nem„
1012 2242 1055 2277 Et
1068 2243 1172 2279 infra.-

285 2298 429 2330 sacerdos
437 2295 535 2339 postea
546 2295 638 2334 dicit,
666 2293 777 2328 SanHa
784 2291 899 2335 fandis
912 2318 919 2325 .
945 2291 1170 2336 Santqaftilt'cet

290 2358 348 2384 ea,
373 2358 441 2388 quae
452 2352 486 2378 in
507 2348 569 2379 Ara
588 2341 736 2388 proposita
758 2341 854 2387 sunt,
881 2345 1018 2377 adventu
1040 2345 1170 2386 Spiritus

285 2393 585 2440 sanc‘lisam‘lficata
598 2418 605 2428 .
634 2393 744 2435 Audtsti
754 2393 891 2435 deinceps
907 2397 1024 2427 Divina
1034 2395 1167 2435 quadam

285 2448 413 2480 melodia
431 2444 609 2491 psallentem
637 2469 647 2485 ,
685 2453 775 2486 atque
801 2445 845 2477 ad
858 2442 1011 2488 sacrorum
1030 2444 1169 2484 Mysterio-

285 2509 353 2530 rum
363 2503 590 2530 communionem
601 2506 655 2529 vos
667 2494 898 2530 adhortantem:
926 2493 1045 2533 Gustare
1067 2495 1100 2529 &t
1123 2500 1170 2527 vi-

285 2549 376 2588 dete,
403 2549 483 2590 quod
490 2545 599 2589 suavis
610 2544 646 2586 est
665 2548 809 2579 Dominus
822 2569 829 2575 .
858 2548 944 2578 Num
967 2543 1018 2576 hoc
1039 2552 1168 2585 corporeo

281 2599 389 2639 palato
399 2605 431 2631 ut
456 2596 536 2638 istud
555 2597 746 2636 dijudicetis,
773 2595 858 2629 vobis
878 2594 1077 2636 praecipitur?
1105 2597 1177 2627 Ne-.

287 2659 456 2691 quaquam.
483 2647 648 2688 sedpotsiss
665 2645 726 2688 fide
746 2654 849 2685 certa,
877 2646 911 2680 (5
934 2650 1025 2677 omnis
1047 2644 1165 2678 dubita-

287 2703 376 2730 tionis
388 2706 530 2740 experte.
548 2696 707 2737 Gustantes
720 2702 797 2728 enim
811 2706 868 2727 non
875 2703 984 2736 panem
994 2702 1046 2727 aut
1059 2699 1173 2728 vinum.

286 2756 320 2782 ut
326 2747 444 2790 gustent
447 2748 613 2788 jubentur,
635 2744 783 2789 sedquod
799 2743 960 2789 subspecie
976 2743 1034 2785 est,
1063 2745 1165 2778 videli-

286 2805 329 2832 cet
337 2803 430 2838 panis
443 2797 476 2831 i&
486 2801 569 2835 vini,
591 2800 705 2838 Corpus
719 2800 751 2831 ἐν
762 2798 942 2839 sanguinem
956 2794 1079 2836 christi.
1110 2794 1165 2828 Est

286 2844 507 2881 Eucharistica
529 2846 731 2880 consecratio
755 2870 767 2885 ,
793 2856 856 2890 qua
879 2846 971 2888 panis
994 2845 1026 2880 &
1049 2845 1164 2878 vinum

286 2908 357 2932 non
370 2897 500 2931 tantum
513 2896 552 2929 de
563 2894 793 2929 communibus
816 2896 849 2929 in
871 2895 1060 2939 quampiam
1081 2896 1163 2929 acci·

287 2947 452 2982 dentalem
463 2947 666 2981 sanctitatem
677 2969 687 2985 ,
715 2945 767 2978 sed
782 2945 1034 2979 substantialiter
1046 2946 1082 2979 in
1096 2945 1163 2980 Do-

288 2997 372 3032 mini
393 2998 523 3041 Corpus
543 2996 578 3031 &
601 2995 803 3038 Sanguinem
826 3004 1081 3029 convertuntur.
1120 2996 1163 3029 Et

290 3046 355 3082 hoc
369 3046 546 3082 secundum
559 3046 734 3088 &propter
755 3045 912 3079 solemnia
939 3046 1079 3079 Domini
1099 3057 1163 3079 ver-

291 3097 331 3131 ba
357 3112 368 3131 .·
405 3106 465 3135 Hoc
489 3095 531 3141 est
556 3099 673 3138 corpus
700 3105 794 3130 meum
812 3120 819 3128 .
858 3095 1030 3131 Candidos
1056 3096 1162 3130 Sancti

288 3146 442 3192 Gregorii
468 3145 672 3182 Nazianzeni
694 3156 793 3188 panes
813 3144 946 3188 quidam
972 3146 1163 3180 existimant

287 3197 380 3230 suifle
398 3205 560 3239 azymos,'
591 3194 730 3239 ideoque
756 3195 1001 3239 Cappadociam
1025 3208 1104 3230 tunc
1130 3197 1163 3231 in

286 3257 405 3289 azymo
416 3248 450 3280 &
464 3247 644 3292 Eulogiam
657 3246 692 3280 ὃ(
706 3244 943 3280 Eucharistiam
966 3246 1142 3281 confecisse
1154 3272 1162 3280 .

285 3294 361 3332 Nec
376 3295 421 3332 est
434 3308 516 3333 vana
525 3297 728 3341 conjectura.
757 3296 813 3331 Est
826 3307 936 3333 tamen
959 3296 1161 3342 conjectura.

920 98 1555 149 DISSERTATIO

1307 233 1468 284 Saucius
1511 242 1727 287 CYtuttus
1762 239 2010 302 Alexandriae
2040 253 2123 295 Pa-

1614 306 1790 357 triarcloa
1806 346 1819 359 .

1270 431 1552 516 Eucharistiae
1562 437 1730 473 veritatem
1742 439 1934 477 lucidiffime
1943 442 2042 479 docet
2051 446 2150 483 etiam

1373 487 1508 521 Sanetus
1518 486 1665 532 Cyrillus
1675 489 1863 526 patriarcha
1885 492 2130 531 Alexandrinus
2139 521 2149 531 .

1268 535 1350 569 Haec
1363 536 1505 571 Domini
1528 539 1614 581 apud
1635 539 1740 575 Sansti
1768 541 1904 585 Joannis
1926 544 2149 590 Evangelium

1268 584 1360 620 verba
1373 610 1384 627 ‚
1411 589 1520 621 Patres
1533 588 1896 629 vestrtmanducaverunt
1905 605 2019 629 manna
2042 603 2076 630 in
2099 598 2148 630 de-

1262 634 1365 679 serto,
1391 648 1637 673 commentatur
1660 654 1668 673 :
1696 641 1858 687 Distinguit
1883 646 2034 679 Dominus
2054 647 2147 688 mysti-

1263 695 1327 718 cam
1339 689 1529 730 EulogIama
1552 702 1667 725 manna
1684 691 1841 736 largitione
1854 717 1866 733 ,
1892 696 1927 728 o·
1946 698 2047 729 calicis
2068 709 2143 731 com·

1263 743 1492 772 manicationem
1501 738 1539 772 ab
1548 746 1638 783 aquus
1648 743 1665 775 ἑ
1668 749 1824 783 petrarum
1841 742 1962 788 sciffura
1978 745 2143 790 fiaturien·

1262 786 1341 820 tibus
1355 812 1362 820 .
1390 789 1556 824 Adfirmat
1569 802 1691 827 manna
1701 816 1713 833 ,
1741 793 1815 828 licet
1829 794 2006 837 spiritualis
2019 797 2066 831 rei
2087 798 2142 832 Sa·

1261 847 1482 881 eramentum,
1511 850 1700 876 tamennon
1714 843 1808 878 fuisse
1833 845 1892 879 nisi
1914 847 2061 889 corporis
2081 847 2142 881 ali·

1261 897 1408 922 mentum
1422 915 1433 931 ,
1461 900 1558 933 atque
1568 891 1743 936 adjungit:
1772 898 1846 928 Non
1856 903 1921 929 erat
1942 902 2032 940 igitur
2053 898 2138 931 cibus

1259 948 1349 971 verus
1361 962 1371 978 ‚
1397 941 1532 981 &panis
1545 943 1583 975 de
1604 944 1670 975 coelo
1691 945 1854 987 nimirum;
1876 944 2017 989 fandum
2035 957 2139 981 autem

1257 986 1367 1028 Christi
1378 997 1480 1031 corpus
1491 1012 1504 1030 ,
1530 993 1574 1024 ad
1597 996 1855 1028 immortalitatem
1876 1008 1911 1029 ac
1931 1002 2031 1030 vitam
2053 1007 2138 1031 aeter·

1257 1048 1328 1070 nam
1356 1046 1491 1073 nutriens
1515 1063 1527 1080 ‚
1553 1040 1634 1075 cibus
1650 1043 1784 1084 profem-'Io
1807 1056 1896 1078 verus
1919 1053 1988 1080 erit.
2023 1049 2136 1082 Scatu-

1256 1087 1422 1123 rientem&
1437 1100 1525 1133 petra
1539 1102 1659 1136 aquam
1674 1091 1875 1129 demonstrat
1884 1096 1980 1130 fuisse
1989 1096 2134 1141 ejusdem

1256 1138 1391 1173 tationis
1413 1151 1488 1175 cum
1510 1151 1654 1182 manna,
1682 1152 1780 1186 atque
1800 1146 2025 1189 prosequitur:
2051 1150 2136 1181 Illud

1252 1194 1343 1231 igitur
1353 1200 1410 1223 non
1422 1200 1486 1224 erat
1491 1199 1581 1233 potus
1593 1203 1701 1233 verus,
1725 1192 1783 1237 sed
1803 1206 1917 1236 verus,
1945 1206 1978 1229 ut
1998 1199 2071 1231 vere
2093 1199 2132 1231 10-

1252 1250 1378 1281 quamur
1401 1265 1412 1281 ,
1446 1250 1535 1283 potus
1560 1243 1611 1285 effe
1638 1249 1814 1285 comperitur
1829 1244 1977 1289 pretiosus
2000 1248 2130 1290 sanguis

1250 1288 1375 1330 Christi,
1404 1298 1456 1332 qui
1466 1299 1560 1324 totam
1574 1293 1716 1325 radicitus
1728 1294 1872 1336 exstirpat
1891 1302 2106 1337 corruptionem
2117 1322 2129 1338 ,

1249 1340 1282 1372 &
1294 1349 1417 1373 mortem
1429 1346 1462 1374 in
1484 1340 1618 1374 humana
1638 1353 1730 1376 carne
1752 1343 1940 1379 habitantem
1954 1345 2128 1389 fiabvertit.

1246 1391 1377 1433 sanguis
1389 1396 1468 1424 enim
1481 1391 1519 1431 eft
1531 1397 1588 1425 non
1601 1393 1738 1436 vulgaris
1749 1393 1876 1427 bominis
1891 1419 1902 1435 ,
1915 1393 1973 1438 sed
1981 1394 2128 1439 ipfiusmn

1247 1445 1321 1474 vitae
1341 1439 1504 1484 secundum
1528 1451 1691 1476 naturam.
1719 1439 1863 1486 ,Quocirca
1889 1457 1940 1477 nos
1961 1455 2067 1488 corpus
2092 1447 2129 1481 θ

1245 1490 1379 1524 membra
1406 1491 1523 1532 Christi
1547 1500 1756 1534 nuncupamur
1777 1518 1788 1534 ‚
1815 1503 1849 1527 ut
1874 1501 1925 1537 qui
1946 1504 2005 1538 per
2027 1494 2128 1540 ipsam

1245 1540 1401 1584 Eulogium
1426 1547 1458 1575 in
1484 1542 1568 1576 nobis
1586 1541 1780 1586 suscipiamus
1803 1546 1918 1578 Filium
1943 1570 1951 1578 .
1978 1546 2031 1580 Ex
2057 1556 2126 1590 quo

1246 1589 1334 1624 vides
1355 1591 1445 1635 quod
1469 1593 1554 1627 inter
1575 1592 1744 1636 Iudaicum
1769 1605 1891 1629 manna
1916 1595 1952 1629 δε
1980 1596 2126 1631 nostram

1243 1639 1482 1677 Eucharistiam
1512 1644 1653 1677 'Sanetus
1683 1643 1831 1687 Cyrillus
1867 1646 1975 1680 firmet
1999 1645 2124 1692 grande

1243 1690 1450 1726 intervalium
1473 1716 1480 1724 .
1518 1691 1586 1727 Uti
1602 1693 1692 1727 ‘inter
1710 1693 1851 1739 figuram
1873 1695 1907 1730 δε
1931 1697 2123 1732 veritatem.

1240 1739 1341 1787 Qod
1369 1741 1473 1786 ipsum
1494 1743 1573 1778 facit
1596 1743 1631 1777 in
1652 1753 1769 1787 quarto
1783 1744 1868 1778 libro
1882 1745 2034 1780 adversus
2053 1746 2126 1787 No,

1240 1791 1376 1826 florium
1400 1817 1407 1824 .
1434 1792 1584 1828 Adducit
1609 1792 1739 1828 laudata
1764 1793 1906 1829 Domini
1928 1795 2032 1830 ,verba
2049 1821 2062 1838 ,
2085 1797 2123 1832 dc

1240 1841 1458 1886 prosequitur:
1487 1845 1573 1887 ,Quia
1591 1855 1629 1877 ex
1645 1855 1752 1888 genere
1770 1843 1868 1889 Israel
1891 1851 1959 1879 nati
1985 1847 2024 1882 de
2033 1856 2123 1881 mata-

1238 1903 1279 1924 na
1293 1889 1532 1934 suppeditatione
1554 1894 1667 1938 Moysen
1678 1893 1913 1928 admirabantur
1925 1919 1936 1936 ,
1963 1898 2119 1938 quodcum

1234 1950 1290 1982 per
1299 1941 1447 1986 desertum
1457 1945 1521 1984 ejus
1530 1949 1671 1986 temporis
1684 1944 1852 1978 bominibus
1874 1946 2024 1989 demiffitm
2036 1945 2119 1990 fui-[2

1235 1990 1279 2035 set
1295 2017 1306 2034 ‚
1345 2001 1443 2036 typum
1463 1995 1544 2039 geffit
1569 1993 1695 2038 nnsticae
1721 1994 1929 2037 benedidionis
1956 2019 1963 2028 .
1983 2027 1985 2029 .
2004 1997 2118 2031 Umbra

1237 2053 1365 2086 nmque
1384 2053 1448 2077 erat
1468 2046 1534 2077 lex.
1562 2046 1633 2077 Ideo
1650 2046 1815 2086 prudenter
1839 2046 2118 2081 admodum‘Domi-

1237 2097 1293 2126 nus
1316 2091 1410 2135 noster
1427 2093 1573 2136 ·JESUS
1596 2092 1740 2136 cbristus
1764 2103 1862 2136 upton
1879 2103 2023 2130 extenuat
2045 2120 2058 2137 ,
2081 2106 2118 2130 ue

1236 2144 1283 2175 ad
1314 2149 1478 2177 veritatem
1499 2142 1679 2185 'transferat
1698 2166 1706 2176 .
1746 2144 1960 2180 Demonstrat
1991 2157 2117 2191 manne.

1236 2193 1329 2227 fuiffe
1352 2194 1568 2237 praenunciam
1590 2192 1800 2238 solummodo
1826 2206 1864 2229 ac
1891 2195 2116 2238 promiffivam

1238 2242 1446 2277 Eucharistiae
1467 2244 1602 2288 figuram
1618 2268 1628 2283 ‚
1640 2254 1832 2288 merumque
1840 2244 2034 2280 alimentum
2045 2258 2117 2280 cor-

1234 2293 1342 2335 poris,
1366 2292 1664 2329 adducit-Domini
1686 2293 1728 2328 de
1750 2294 1809 2328 suo
1834 2293 1954 2329 coelesti
1968 2306 2052 2338 pane
2075 2307 2113 2330 ac

1234 2343 1288 2376 sua
1311 2352 1408 2387 carne
1418 2343 1503 2386 apud
1515 2342 1596 2385 Joan
1603 2354 1676 2376 nem
1689 2343 1783 2378 verba
1795 2367 1807 2384 ‚
1831 2344 2113 2390 atqueadjungiz:

1224 2394 1308 2428 ,Vide
1318 2394 1564 2436 quemadmodum
1590 2397 1737 2427 Dominus
1761 2399 1795 2426 in
1816 2394 2052 2434 nobtsssmanet,
2076 2397 2117 2431 ut.

1230 2448 1426 2484 corruptionis
1453 2443 1579 2477 vtc'Zores
1601 2444 1683 2486 efficit
1695 2468 1705 2484 ‚
1731 2444 1803 2477 dum
1808 2441 1841 2486 se
1853 2450 1884 2477 in
1894 2442 1994 2488 nostra
2006 2447 2116 2482 demit!

1230 2499 1270 2525 tit
1281 2502 1401 2534 corpora
1414 2517 1424 2534 ,
1450 2499 1543 2526 etiam
1549 2502 1605 2535 per
1613 2492 1703 2537 suam
1717 2504 1836 2527 carnem
1850 2518 1860 2534 ,
1886 2507 1956 2537 que
1966 2507 2056 2529 verus
2067 2494 2113 2539 'est

1229 2543 1309 2575 cibus
1323 2569 1331 2576 .
1362 2542 1444 2577 Non
1464 2551 1518 2586 per
1540 2544 1641 2578 spiam
1665 2544 1770 2578 carnis
1794 2545 1932 2589 figuram
1944 2569 1960 2585 ‚v
1981 2544 2034 2580 sed
2054 2557 2109 2588 per

1224 2592 1329 2640 *ipsam
1350 2592 1417 2635 ejus
1440 2593 1666 2630 substantiam.
1695 2593 1788 2627 Hinc
1814 2595 1940 2639 pergit:
1965 2597 2018 2627 Ex
2044 2598 2108 2630 Deo

1232 2645 1321 2676 Patre
1340 2643 1468 2677 Verbum
1480 2668 1491 2684 ,
1515 2655 1581 2677 cum
1594 2642 1620 2687 s
1615 2653 1632 2677 e
1648 2649 1760 2686 corpori
1779 2651 1837 2686 per
1858 2643 1996 2678 sanciam
2009 2649 2107 2688 Virgi-

1228 2705 1294 2727 nem
1307 2694 1386 2727 edito
1395 2694 1533 2736 univisset
1543 2719 1554 2736 ,
1575 2694 1672 2737 ipsum
1684 2702 1787 2737 corpus
1795 2694 1930 2727 reddidit
1940 2693 2113 2736 vivificum„

1226 2753 1259 2776 ut
1272 2755 1322 2776 nos
1336 2755 1392 2777 non
1399 2742 1534 2787 spiritali
1558 2752 1676 2778 tantum
1689 2767 1699 2784 ‚
1725 2744 1830 2778 verum
1848 2749 1939 2777 etiam
1961 2747 2104 2787 corporali

1226 2796 1309 2827 modo
1316 2792 1365 2837 sui
1372 2800 1536 2836 participes
1547 2794 1661 2836 effedos
1677 2818 1688 2834 ‚
1712 2799 1893 2836 corruptione
1910 2793 2105 2837 praeJ'tantio-

1226 2855 1271 2876 ret
1283 2846 1440 2878 redderet.
1470 2845 1595 2879 Eadem
1616 2844 1757 2878 Domini
1778 2843 1819 2878 de
1832 2844 1968 2888 Judaico
1981 2855 2102 2880 manna

1224 2895 1258 2928 ὅ(
1281 2896 1333 2928 sua
1354 2905 1451 2928 carne
1473 2894 1568 2929 verba
1590 2894 1702 2928 laudat
1727 2893 1761 2927 in
1783 2895 1880 2928 tertio
1902 2894 1989 2928 libro
2011 2906 2102 2929 com·

1226 2946 1462 2979 mental-iorum
1483 2947 1575 2990 supra
1588 2945 1693 2978 Sancti
1709 2944 1845 2986 joannis
1856 2944 2076 2988 Evangelium
2088 2970 2101 2987 ,

1225 3005 1321 3038 atque
1344 2995 1483 3039 exponit
1506 3007 1514 3028 t
1553 2995 1712 3038 ,Quidnam
1733 3004 1798 3037 ergo
1824 2991 1964 3035 Christus
1983 2996 2109 3036 pollice-v

1224 3046 1300 3079 tur?
1327 3045 1419 3079 Nihil
1439 3045 1558 3088 quidem
1577 3043 1782 3087 corruptibile,
1803 3041 2026 3088 sedEulogiam
2046 3053 2105 3087 po-.

1223 3101 1285 3129 tius
1307 3097 1413 3135 illam,
1437 3107 1505 3137 quae
1526 3092 1569 3139 est
1590 3100 1622 3127 in
1641 3099 1869 3136 participatione
1896 3094 2015 3128 saneiae
2036 3106 2100 3129 car-

1225 3152 1272 3179 nis
1295 3157 1330 3179 ac
1344 3145 1504 3189 sanguinis
1514 3169 1525 3184 ,
1551 3155 1617 3188 quae
1634 3149 1784 3188 integrum
1796 3142 1942 3177 hominem
1955 3146 2000 3177 ad
2007 3151 2099 3178 incor-

1223 3202 1388 3238 ruptionem
1409 3205 1548 3230 revocat.
1576 3194 1718 3236 Vivificat
1741 3200 1830 3239 igitur
1849 3194 1990 3227 sanHum
2009 3194 2099 3228 cbri-

1219 3246 1262 3291 stn·
1283 3255 1387 3288 corpus
1407 3257 1474 3285 eos,
1499 3250 1533 3278 tn
1552 3245 1659 3287 quibus
1670 3243 1771 3287 fuerit
1784 3269 1794 3285 ,
1821 3245 1898 3280 &in
1908 3249 2098 3286 incorruptio-

1225 3306 1260 3329 ne
1278 3295 1452 3339 conservat,
1478 3294 1585 3340 nostris
1607 3300 1796 3329 commixtum
1814 3294 1997 3335 corporibus.
2025 3298 2097 3326 Cor-

1219 3355 1277 3389 pus
1289 3354 1369 3379 em'm
1380 3357 1436 3379 non
1447 3347 1568 3379 alterius
1578 3344 1730 3388 cujusdam
1744 3369 1755 3385 ‚
1775 3343 1832 3388 sed
1843 3343 1928 3385 ipfius
1953 3348 2029 3376 vitae
2047 3341 2096 3386 Je-

1222 3398 1348 3433 cundum
1360 3406 1499 3431 naturam
1511 3398 1687 3440 intelligitur
1700 3418 1712 3437 ‚
1738 3403 1830 3427 totam
1841 3392 1953 3446 habens
1965 3391 2097 3437 tnsetpfh

1971 3449 2049 3477 uniti

2137 1766 2210 1806 Cap.
2232 1775 2259 1805 5.
