2372 3756
611 128 926 163 seanDuM
962 114 1279 160 Romanum
1314 113 1705 161 Couctth'.

255 209 305 234 ter
325 198 392 242 ejus
413 207 556 233 mentem
577 197 695 232 elesius
716 209 752 233 ac
767 199 908 232 intrusus
929 196 1026 231 fuerit
1048 196 1129 230 Dux

255 248 455 292 Rudolph'us
467 274 477 289 ‚
504 250 562 283 suo
583 248 658 282 loco
672 248 860 282 ostendetur
871 273 878 281 .
907 247 1039 281 Rectius
1050 244 1131 290 ergo

255 299 367 334 scribit
377 298 611 334 Schismaticus
622 299 834 344 Augustenfis
846 296 1006 332 Chronici
1020 297 1131 330 auctor

257 348 379 390 hosce,
406 359 486 393 quos
505 360 693 393 gyrovagos
704 346 893 382 Monachos
915 356 1008 379 vocat
1021 369 1032 385 ,
1060 346 1133 388 pios

256 398 409 435 homines
419 409 487 433 non
500 398 541 432 ad
555 397 789 442 procurandam
800 397 878 431 novi
892 396 993 440 Regis
1003 396 1134 429 elestio-

259 460 338 484 nem
348 473 359 490 ,
384 449 437 482 sed
449 447 489 482 ad
502 448 633 492 Papalia
653 449 687 481 in
699 446 894 491 conjugatos
906 445 1053 480 Clericos
1066 445 1133 478 De-

259 507 347 533 creta
369 498 592 543 divu1ganda,
617 495 913 532 &abstrahendum
933 495 1133 540 abipsorum

258 545 446 584 obedientia
470 549 626 592 populum
650 569 661 586 ,
686 546 780 580 fuiffe
801 546 947 581 emissos.
973 545 1131 581 Attamen

258 608 330 633 non
341 596 486 633 dubitem
496 622 508 638 ,
521 597 612 642 *quin
622 597 723 630 etiam
734 596 875 631 Henrici
888 597 993 641 Regis
1002 606 1135 630 excom-

257 648 518 684 municationem
543 645 741 689 publicarint
762 672 769 679 .
799 646 867 681 Eos
892 647 981 680 enirn
1007 647 1134 690 gyrasse

257 697 344 733 dicit
353 707 421 732 non
443 696 550 733 solum
564 695 629 730 hoc
640 707 749 737 anno,
776 697 830 731 sed
848 697 881 730 ὃς
893 697 1062 739 sequenti.
1091 695 1134 728 Et

258 748 404 791 ipsorum
429 757 514 780 unus
538 746 679 780 omnino
704 746 768 780 fuit
793 747 870 787 ille,
897 757 996 790 quern
1021 744 1136 779 Came-

261 797 405 833 racenses
431 796 542 830 vivum
568 795 827 831 combusserunt.
855 797 899 830 Et
922 794 986 829 hoc
1013 805 1137 837 tempo·

251 855 338 889 fore
367 855 466 889 atque
492 845 554 880 hac
583 846 752 881 occasione
788 846 859 880 fieri
891 855 1058 890 coeperunt
1083 844 1137 878 illa

258 895 297 929 in
318 896 570 940 conjugatorum
582 895 785 931 Clericorum
800 895 952 939 personas
974 897 1009 930 ὃ(
1030 895 1136 929 Sacra-

261 955 375 980 menta
387 946 560 980 ·'violentiae
579 946 770 981 &scandala
784 970 795 986 ,
821 957 891 990 quae
914 956 1005 990 urget
1016 945 1081 988 jam
1092 945 1139 978 di-

261 997 333 1030 &us
342 994 488 1038 Aut‘ior,
516 995 657 1030 &latius
677 995 815 1041 exponit
837 995 1021 1040 sigebertus
1041 995 1139 1029 Gem-

262 1044 439 1080 blacensis.

311 1095 436 1130 Obices
446 1119 458 1136 ,
482 1095 609 1140 quosin
622 1096 798 1141 Hungaria
819 1096 942 1139 passum
954 1094 999 1130 est
1014 1096 1138 1139 Grego-

261 1144 305 1180 xii
315 1145 516 1187 Decretum,
543 1145 765 1181 demonstrant
778 1145 1022 1181 Zabolchiensis
1037 1145 1142 1187 Syno-

263 1194 300 1229 di
312 1219 324 1236 ,
349 1206 448 1240 quam
459 1194 624 1231 undecimi
641 1196 747 1231 saeculi
759 1197 972 1241 nonagesimo
994 1194 1139 1229 secundo

262 1255 354 1279 anno
365 1245 515 1280 celebrari
526 1245 613 1289 juffit
627 1246 702 1281 Rex
714 1245 885 1281 Ladislaus
894 1271 905 1287 ,
918 1245 952 1280 hi
965 1237 1137 1280 canones:

261 1296 409 1338 Bigamos
431 1295 599 1335 Presbytero
637 1307 672 1329 ac
684 1300 830 1329 Diaconos
843 1321 853 1336 ‚
881 1297 1089 1329 &viduarum
1107 1305 1141 1327 ac

262 1346 491 1387 repudiatarum
500 1310 626 1377 mansos
628 1345 770 1386 jubemus
778 1344 918 1387 separari
934 1369 945 1385 ,
970 1343 1142 1386 &peraeta

260 1399 442 1436 poenitentia
449 1395 492 1426 ad
499 1395 641 1429 Ordinem
645 1393 733 1437 suum
746 1401 876 1427 reverti.
910 1396 956 1426 Et
967 1400 1020 1435 qui
1042 1394 1143 1426 nolue-

203 1460 204 1464 =
265 1450 308 1477 rit
327 1443 434 1477 illicita
450 1445 586 1485 conjugia
604 1445 757 1475 dimittere
780 1466 791 1482 ,
815 1440 977 1485 secundum
1000 1442 1143 1483 Instituta

250 1496 400 1526 ‘canonis
419 1492 597 1534 degradari.
623 1493 788 1534 Separatar
812 1501 912 1525 autem
928 1491 1074 1533 foeminas
1083 1501 1144 1534 pa-

263 1539 398 1576 rentibus
406 1541 493 1574 reddi
508 1541 646 1582 jubemus
663 1540 748 1584 suis.
779 1544 826 1583 Et
835 1547 908 1584 quia
932 1553 988 1575 non
1006 1551 1094 1575 erant
1104 1543 1146 1575 le-

261 1595 397 1636 gitima,
414 1589 446 1632 fi
463 1591 607 1624 voluerint
624 1616 636 1631 ‚
665 1593 752 1625 licoat
770 1597 815 1625 eis
835 1598 992 1625 maritari.
1021 1594 1054 1638 sa·
1075 1597 1145 1635 quis

262 1650 366 1681 autem
388 1640 543 1680 Presbyter
563 1640 705 1675 ancillam
727 1641 814 1685 suam
832 1648 978 1677 uxorisin
991 1643 1081 1676 locum
1088 1641 1145 1684 fibi

261 1688 487 1734 adsociaverit,
510 1692 629 1725 vendat
649 1717 657 1725 .
685 1694 733 1726 Et
748 1691 777 1734 fi
793 1692 922 1726 voluerit
944 1716 956 1734 ,
983 1693 1150 1726 venumde-

266 1750 337 1775 tur.
363 1743 475 1774 Tamen
491 1747 622 1783 pretium
644 1743 710 1783 eJus
731 1744 777 1775 ad
785 1740 961 1784 Epifiopum
981 1741 1147 1785 transfera-

260 1798 340 1824 την.
369 1791 549 1830 Presbyteris
572 1800 692 1833 autem,
717 1799 768 1836 qui
779 1794 912 1836 legitima
932 1794 1077 1836 &prima
1096 1792 1148 1826 du-

262 1851 341 1876 xere
355 1842 513 1885 conjugia,
540 1843 728 1886 indulgentia
748 1844 794 1876 ad
804 1851 920 1885 tempus
945 1844 1056 1883 detur,
1084 1851 1149 1885 pro-

260 1898 336 1934 pter
356 1892 506 1924 vinculum
522 1897 611 1934 pacis
640 1894 674 1927 (ν
695 1898 842 1926 unitatem
865 1895 996 1934 spiritus
1023 1893 1124 1926 Sant‘ll
1137 1917 1147 1932 ‚

268 1938 418 1984 quousque
439 1942 459 1973 ἃ
469 1941 552 1975 nobis
562 1948 595 1976 in
606 1941 657 1976 hoc
670 1945 790 1977 Domini
802 1943 952 1985 apostolici
974 1946 1150 1977 Patet-nitas

268 1988 452 2036 consulatur.
477 1993 508 2024 51·
520 1998 587 2034 quis
608 2002 709 2026 autem
737 1991 904 2036 Episcopus
924 2002 979 2027 aut
1003 1993 1150 2035 Archiepi-

267 2039 372 2084 {iupus
383 2041 422 2074 ab
437 2042 549 2076 illicitis
560 2044 704 2087 conjugiis
714 2040 853 2086 separari
862 2044 1025 2077 nolentibus
1035 2068 1046 2085 ,
1067 2042 1151 2087 spre-

269 2097 301 2122 to
313 2090 445 2128 synodali
457 2092 579 2124 Decreta
589 2116 601 2132 ,
626 2091 773 2132 consilium
797 2094 832 2126 Θ
845 2091 1011 2136 consensum
1019 2095 1149 2135 pra-hue-

270 2143 334 2179 rlt,
358 2147 414 2174 ,aut
425 2138 579 2180 Ecclesiam
593 2141 709 2174 dederit
719 2166 730 2182 ,
757 2150 812 2174 aut
823 2142 945 2184 aliquid
953 2145 1033 2184 quod
1046 2144 1089 2175 ad
1097 2146 1151 2175 Or-

272 2189 376 2221 dinem
393 2194 528 2231 pertinet
543 2201 630 2232 agere
645 2189 820 2232 permiserit
831 2215 843 2230 ‚
868 2193 889 2223 a
900 2195 978 2235 Rege
1004 2193 1038 2226 <ft
1050 2197 1151 2234 Coepi-

266 2234 364 2280 [copis
378 2236 444 2281 suis
467 2261 478 2279 ,
498 2236 662 2281 secundum
684 2239 765 2281 quod
778 2240 954 2273 rationabile
978 2242 1151 2283 videbitur,

272 2292 301 2319 is
311 2287 492 2328 dijudicetur
502 2313 510 2321 .
537 2287 676 2329 Exstant
686 2287 751 2322 haec
766 2289 853 2333 apud
865 2288 1052 2324 Antonium
1065 2291 1151 2326 Bon-

266 2337 395 2374 *finium
412 2338 448 2372 in
470 2338 586 2375 codice
610 2338 882 2383 Hungaricorum
906 2340 1102 2375 Canonum.

324 2388 460 2423 Debent
474 2388 579 2422 lucem
592 2390 737 2432 accipere
748 2401 790 2423 ex
803 2389 1025 2432 Synodalibus
1037 2392 1150 2426 Decre-

264 2441 318 2475 ,εἰς
328 2438 498 2473 Laurentii
519 2438 743 2482 Metropolitae
765 2438 1007 2484 strigoniensis:
1037 2441 1153 2481 Presby-

272 2493 349 2524 teris
361 2499 467 2522 uxores
476 2513 486 2529 ,
499 2486 575 2531 quas
585 2495 618 2523 in
628 2490 766 2534 legitimis
778 2489 943 2523 ordinibus
954 2500 1129 2533 acceperunt
1141 2516 1151 2531 ‚

274 2538 459 2588 moderatiuf
480 2537 654 2580 habendas,
680 2537 820 2582 praevisa
832 2539 1009 2584 fragilitate
1023 2565 1033 2581 ,
1059 2543 1154 2574 indul-

267 2587 376 2631 fimus.
439 2589 470 2620 ‘ut
490 2590 689 2622 Diaconatum
703 2591 755 2622 vol
767 2589 1003 2628 Presbyter-atum
1018 2589 1081 2632 fine
1093 2604 1152 2624 ma-

269 2642 394 2673 trimoni
418 2638 521 2679 adepti
525 2635 617 2681 sunt,
631 2648 752 2671 uxorem
764 2640 866 2673 ducere
875 2651 933 2673 non
943 2641 1030 2673 liceat
1041 2665 1049 2673 .
1077 2644 1152 2683 Epi-

268 2686 370 2733 scopor
383 2697 422 2719 ¹m
433 2698 541 2721 uxores
551 2687 746 2732 Episcopalia
753 2690 877 2731 pradia
893 2700 951 2722 non
964 2688 1130 2725 inhabitent
1143 2716 1149 2724 .

262 2737 348 2773 <Uti
361 2699 517 2877 {tailgarh
543 2737 590 2772 ita
610 2738 809 2783 &Hungari
832 2739 1017 2778 inyaserunt
1029 2740 1152 2775 Roma-

270 2798 332 2823 nas
354 2799 372 2825 a
408 2787 577 2822 Orientale
595 2787 764 2831 Illyricum
788 2790 984 2833 spectantes,
1010 2789 1150 2835 ideoque

267 2837 367 2877 &Gr
412 2849 435 2872 o
459 2837 524 2871 ritu
546 2838 692 2873 viventes
714 2837 918 2874 Provincias:
945 2840 990 2875 Et
1013 2849 1050 2875 ut
1070 2841 1149 2875 istia

274 2885 538 2930 Nicolaoxprimo
551 2911 563 2928 ‚
589 2887 634 2922 ita
647 2886 681 2921 hi
695 2888 713 2923 a
726 2888 868 2923 secundo
880 2889 1044 2932 Sylvostro
1056 2889 1149 2925 Chri-

272 2938 414 2972 stianam
435 2936 760 2982 fidemacceperunt.
788 2938 833 2972 Et
855 2948 1150 2984 utroquetempore

275 2986 407 3032 vigebat
428 2986 512 3022 inter
525 2988 698 3034 Romanos
716 2987 896 3022 Pontifices
919 2989 952 3024 δε
963 2989 1151 3025 Constanti·

271 3037 490 3079 -nopolitanos
508 3037 711 3075 Patriarthas
731 3037 773 3072 lis
792 3038 834 3073 de
846 3037 1064 3075 Patriatchico
1083 3041 1150 3084 jure

274 3086 313 3120 in
333 3084 551 3129 Illyricianam
572 3077 746 3179 Dioesse‘fim
758 3113 766 3121 .
797 3088 985 3132 thuidem
996 3090 1150 3135 Hungari

264 3135 334 3169 -vix
356 3135 507 3179 leguntur
526 3137 659 3172 aConst
682 3138 935 3182 ntinopolitanis
956 3139 1151 3175 Patriarchis

270 3185 340 3220 esse
350 3184 427 3229 passi
448 3187 622 3222 violentias
635 3188 805 3232 ‚fEtenim
816 3200 898 3223 vana
921 3189 1066 3225 erat-sum
1078 3190 1149 3224 viri-

274 3234 338 3271 bus
360 3235 423 3269 ira.
451 3233 608 3271 Attamen
667 3249 742 3272 raeca
762 3238 936 3283 disciplina
957 3240 1041 3282 apud
1053 3241 1150 3284 :ipsos

271 3296 347 3325 non
373 3284 437 3321 fuit
452 3284 565 3319 statim
583 3287 618 3321 in
660 3288 783 3322 atinam
804 3289 897 3332 plene
921 3290 1149 3326 transmutata.

252 3332 374 3383 ffQtin
395 3333 502 3369 immo
526 3335 635 3372 utrius
653 3348 692 3371 ue
717 3339 824 3382 gentis
845 3339 923 3373 vitia
946 3338 996 3384 illi
1011 3339 1151 3375 *imbibe-

273 3391 354 3420 runt
365 3385 576 3432 ...Praesertim
588 3385 704 3421 Clerus
717 3409 725 3419 .
749 3388 844 3423 Hinc
863 3389 896 3425 δε
907 3385 1091 3434 Presbyteri
1117 3392 1150 3426 &

376 3433 482 3476 christ.
495 3439 574 3479 Lupi
585 3440 684 3480 Opera
699 3439 783 3495 TJ'Z.

1926 131 1987 176 41

1214 194 1361 229 Diaconi
1382 192 1560 234 uxoribus,
1587 204 1666 237 quas
1686 194 1722 228 in
1743 192 1899 240 legitimis
1919 220 1931 236 ,
1958 194 1992 229 id
2014 195 2060 230 est
2072 220 2084 237 ,

1213 242 1248 278 in
1259 242 1464 279 inferioribus
1474 244 1722 283 matrimonium
1733 244 1979 284 admittentibus
1990 270 2001 286 ,
2026 248 2087 280 Or·

1202 292 1346 329 ‘dinibus
1365 304 1552 338 acceperant
1576 317 1587 334 ‚
1614 294 1659 327 ob
1679 295 1838 335 praevisam
1864 297 2088 331 infirmitatem

1214 344 1262 378 uti
1285 343 1571 389 permittebanturz·
1596 343 1682 386 Ipsas
1703 342 1873 378 dumtaxat
1898 346 2090 383 vetabantur

1213 393 1330 430 ducere
1350 394 1419 437 post
1433 394 1697 437 Presbyteratum
1720 404 1757 426 ac
1770 392 2014 439 Diaconatum;
2041 394 2090 430 uti

1216 444 1287 488 ipsis
1296 454 1387 478 more
1398 445 1512 478 Graeco
1523 470 1532 478 .
1563 445 1606 477 Et
1619 454 1699 478 tunc
1710 442 1861 487 sacrilega
1883 455 1949 477 non
1961 445 2092 479 tantum

1216 493 1481 538 Presbyterorum
1494 518 1505 534 ,
1530 494 1584 528 sed
1605 495 1707 528 etiam
1726 493 1964 536 Episcoporum
1983 495 2094 537 conju·

1216 546 1271 590 gia
1297 543 1519 589 grassabantur
1545 543 1631 587 apud
1660 542 1800 577 Latinos
1826 555 1834 574 :
1862 542 1955 576 Hinc
1992 544 2092 578 etiam

1218 596 1453 639 Hungarorum
1473 594 1629 638 Episcopi
1652 590 1817 628 habebant
1835 604 1954 626 uxores
1981 618 1992 633 ‚
2018 604 2094 627 con-

1217 655 1265 679 tra
1277 644 1487 678 manifestum
1501 656 1536 679 ac
1549 643 1829 679 fundamentalem
1839 642 2023 678 orientalis
2036 643 2096 676 Ec-

1220 695 1317 729 clefiae
1330 695 1502 729 canonem
1517 719 1525 727 .
1875 718 1879 722 Α

1269 745 1430 790 Sacrilega
1453 742 1520 778 haec
1531 742 1683 789 conjugia
1695 746 1826 779 fuerunt
1837 743 1955 780 exinde
1965 744 2096 779 damna-

1218 806 1249 829 ta
1261 807 1317 839 per
1329 795 1479 830 sanetum
1493 796 1640 829 Leonem
1651 807 1777 829 nonum
1788 818 1798 833 ‚
1823 807 1860 829 ac
1874 796 1941 837 ejus
1959 795 1992 828 in
2008 795 2097 837 Apo-

1219 845 1332 879 stolica
1345 845 1427 880 Sede
1437 845 1634 879 successores
1649 869 1659 884 ‚
1673 845 1842 889 praesertim
1856 856 1911 888 per
1922 845 2096 887 septimum

1217 894 1434 939 Gregorium.
1461 895 1555 928 Hinc
1577 906 1668 929 novae
1689 896 1721 929 δι’.
1748 896 1840 928 variae
1863 896 1897 928 in
1920 893 2096 937 Hungaria

1215 944 1405 987 quaestiones
1417 968 1426 976 .
1454 946 1544 979 Nam
1565 946 1600 979 ὃς
1611 945 1745 988 quidam
1758 945 1911 988 Episcopi
1927 946 2098 988 impugna·

1214 994 1294 1028 bant
1316 994 1469 1038 Gregorii
1494 996 1657 1035 Decreta,
1683 996 1716 1029 &
1740 995 1924 1028 luxuriosos
1949 995 2097 1027 Clericos

1213 1044 1383 1078 adversum
1407 1043 1462 1077 illa
1481 1044 1719 1079 defendebant.
1747 1045 1841 1078 Hinc
1854 1042 2097 1078 Zabolchiensis

1212 1093 1367 1136 synodus
1378 1093 1508 1127 induxit
1520 1093 1586 1128 haec
1600 1095 1850 1132 Graeco-Latina
1864 1104 2099 1137 temperamen-

1213 1156 1262 1178 ta.
1292 1144 1427 1183 Primo,
1453 1143 1653 1187 Presbyteris
1677 1143 1846 1179 interdixit
1870 1154 2004 1177 omnem
2029 1153 2098 1177 tam

1214 1194 1322 1237 primae
1344 1193 1442 1237 quam
1464 1193 1612 1228 secundae
1633 1194 1751 1238 speciei
1765 1194 1961 1238 bigamiam.
1993 1192 2098 1239 Qod

1213 1255 1331 1288 nempe
1356 1244 1456 1287 ipsam
1482 1244 1649 1278 &Latina
1669 1244 1826 1278 &Graeca
1852 1244 1994 1278 Ecclesia
2019 1253 2100 1277 con-

1213 1294 1353 1329 corditer
1372 1293 1542 1329 damnaret
1558 1320 1566 1327 .
1592 1293 1747 1333 Deinde,
1773 1292 2101 1335 secundumPresby-

1214 1344 1273 1377 teri
1286 1354 1324 1378 ac
1334 1345 1480 1378 Diaconi
1494 1344 1691 1390 conjugium
1702 1345 1828 1378 censuit
1843 1353 2040 1378 attentatum
2061 1343 2099 1376 δε

1214 1394 1361 1435 irritum,
1386 1392 1526 1438 ideoque
1546 1395 1580 1429 δε
1601 1396 1740 1438 ipsorum
1763 1392 1922 1429 uxoribus
1944 1392 2035 1427 dedit
2060 1392 2101 1425 li-

1213 1445 1355 1478 centiam
1375 1444 1561 1478 transeundi
1589 1445 1629 1479 ad
1654 1444 1755 1478 alium
1779 1444 1934 1478 maritum
1956 1469 1964 1477 .
1991 1440 2099 1490 Qud

1212 1493 1328 1535 nempe
1352 1493 1385 1526 &
1411 1493 1518 1527 Graeci
1545 1494 1591 1528 ita
1617 1494 1771 1528 sentirent
1795 1519 1802 1527 .
1832 1493 1953 1528 Tertio
1981 1517 1991 1533 ,
2019 1493 2098 1526 huic

1210 1542 1343 1576 decreto
1367 1540 1556 1575 obedientes
1569 1543 1778 1586 presbyteros
1798 1555 1837 1578 ac
1851 1543 2023 1577 Diaconos
2036 1542 2101 1576 dis·

1212 1591 1400 1635 pensatorie
1414 1590 1557 1635 permisit
1568 1591 1601 1624 in
1616 1593 1820 1626 ministerio:
1846 1605 1960 1627 contra
1984 1592 2101 1626 utrius-

1211 1653 1274 1685 que
1298 1642 1453 1676 Ecclesiae
1476 1652 1604 1675 morem
1629 1641 1663 1676 δε
1689 1641 1865 1675 Canonem
1894 1665 1902 1673 .
1946 1641 2100 1688 Qarto,

1211 1691 1412 1735 Presbyteris
1432 1702 1470 1726 aa:
1482 1690 1827 1726 Diaconisintordixit
1849 1701 1984 1725 omnem
2000 1691 2100 1725 forni-

1212 1743 1378 1778 cationem
1398 1741 1722 1783 &concubinatum,
1747 1740 1881 1776 indulsit
1905 1751 2015 1775 autem
2038 1742 2102 1784 pri·-

1212 1791 1506 1838 masaclegitirnas
1526 1793 1677 1836 nuptias,
1703 1793 1928 1826 &contrastas
1941 1815 1952 1832 ‚
1974 1792 2101 1826 &con-

1211 1843 1383 1878 trahendas
1405 1868 1416 1884 ,
1445 1853 1576 1886 propter
1595 1841 1853 1877 conservandum
1879 1842 1967 1886 pacis
1990 1841 2103 1876 vincu-

1213 1894 1302 1934 lum,
1327 1894 1477 1938 &usque
1499 1893 1540 1928 ad
1566 1893 1843 1928 consultationem
1854 1892 1946 1928 Sedis
1958 1891 2102 1935 Aposto-

1213 1944 1299 1978 licae.
1326 1943 1372 1978 Et
1382 1940 1527 1980 hocnon
1537 1944 1667 1980 tantum
1679 1954 1794 1979 contra
1811 1943 1958 1985 Latinae,
1983 1942 2039 1978 sed
2065 1943 2100 1977 ὅς

1212 2005 1327 2029 contra
1355 1994 1472 2028 Graecae
1496 1995 1642 2030 Ecclesiae
1667 1996 1824 2031 Canones
1842 1994 2014 2030 &mmes-
2043 1992 2103 2027 Et-

1214 2045 1303 2079 enim
1314 2045 1425 2078 Graeca
1437 2044 1579 2080 Ecclesia
1590 2044 1789 2089 Presbyteris
1801 2055 1838 2080 ac
1850 2043 2011 2079 Diaconis
2030 2054 2103 2087 per-

1216 2094 1320 2127 mittit
1333 2094 1439 2127 solum
1451 2096 1610 2129 conti-asti
1623 2106 1699 2130 ante
1710 2106 1878 2139 acceptum
1902 2096 2026 2129 sacrum
2037 2095 2102 2129 Or·

1215 2143 1328 2177 dinem
1347 2142 1495 2187 conjugii
1517 2145 1632 2184 usum,
1659 2145 1730 2188 post
1752 2146 1847 2178 illum
1861 2143 2012 2178 contrahi
2026 2144 2103 2187 rigi·

1216 2191 1341 2227 diffime
1360 2202 1445 2226 vetat
1467 2217 1475 2224 .
1504 2193 1636 2241 Qinto
1664 2218 1674 2234 ,
1700 2205 1769 2229 non
1793 2194 1912 2238 primas
1933 2205 1971 2227 ac
1995 2193 2103 2237 legiti-

1218 2252 1308 2281 mas,
1334 2240 1388 2276 sed
1399 2241 1482 2276 solas
1504 2243 1636 2277 illicitas
1647 2244 1919 2287 Presbyterorum
1930 2253 1966 2276 ac
1981 2243 2103 2277 Diaco-

1218 2304 1334 2326 norum
1347 2294 1495 2336 nuptias,
1521 2297 1634 2337 utique
1656 2293 1758 2328 solam
1783 2293 1983 2338 bigamiam,
2007 2304 2103 2328 vman·

1217 2342 1272 2376 dat
1293 2341 1470 2386 improbari
1492 2354 1547 2387 per
1569 2343 1749 2388 Episcopos
1773 2367 1783 2383 ‚
1810 2355 1847 2377 ac
1874 2344 2026 2388 separari.
2055 2343 2102 2379 Et

1216 2394 1329 2428 omnia
1351 2391 1416 2426 haec
1427 2393 1541 2428 statuit
1561 2393 1601 2428 de
1614 2394 1690 2428 solis
1707 2392 1910 2437 presbyteris
1922 2405 1959 2428 ac
1976 2394 2102 2428 Diaco-

1217 2444 1267 2477 nis
1278 2469 1285 2476 .
1313 2445 1426 2487 Quare
1437 2442 1654 2478 Subdiaconis
1671 2446 1705 2478 δε
1717 2444 1788 2478 aliis
1801 2443 2011 2478 inferioribus
2025 2443 2102 2478 Cle-

1218 2493 1293 2527 ricis
1313 2494 1473 2537 permittit
1500 2495 1598 2528 etiam
1625 2495 1824 2540 bigamiam.
1852 2494 1940 2528 Nam
1968 2495 2102 2529 &Grae-

1216 2543 1246 2576 ci
1270 2541 1303 2578 id
1323 2544 1467 2579 faciunt.
1493 2542 1590 2578 Adeo
1601 2545 1761 2587 paradoxa
1784 2556 1821 2579 ac
1842 2545 2023 2580 monstrosa
2036 2543 2104 2578 De·

1216 2602 1302 2626 creta
1326 2592 1732 2639 abortivitHungarorum
1746 2606 1821 2640 erga
1834 2596 1934 2629 nostri
1947 2592 2101 2637 Gregorii

1217 2641 1372 2677 Canones
1393 2644 1635 2679 inobedientia,
1662 2644 1722 2679 Illa
1743 2647 1882 2679 omnino
1904 2645 1979 2679 sunt
2002 2644 2101 2678 foetus

1218 2691 1306 2726 istius
1327 2692 1575 2728 inobedientiae.
1605 2696 1710 2728 Lucet
1732 2706 1772 2727 ex
1794 2695 1861 2728 vita
1874 2692 2101 2728 SanstiGebe-

1218 2742 1301 2776 tardi
1321 2741 1567 2786 Archiepiscopi
1587 2743 1836 2789 Salisburgensis
1860 2769 1866 2776 .
1894 2743 2001 2786 Hujus
2023 2754 2100 2777 cum

1217 2793 1414 2835 Imperatore
1429 2793 1576 2827 Henrico
1599 2804 1717 2838 quarto
1742 2805 1799 2837 pro
1813 2794 1967 2838 Gregorii
1981 2795 2101 2828 Decre-

1217 2843 1257 2876 tis
1277 2843 1453 2878 certamina
1466 2867 1476 2882 ,
1501 2843 1535 2877 &
1550 2844 1670 2888 Regias
1690 2843 1723 2877 in
1741 2844 1808 2887 ejus
1832 2844 2009 2879 Ecclesiam
2033 2844 2102 2877 vio·

1218 2892 1333 2926 sentias
1357 2894 1494 2936 exponit
1507 2893 1709 2937 Anonymus
1722 2894 1885 2937 Scriptor,
1911 2905 2007 2938 atque
2030 2892 2103 2927 sub-

1216 2942 1322 2987 jungit
1334 2955 1346 2975 .·
1371 2945 1453 2977 Tunc
1474 2949 1564 2976 etiam
1577 2956 1689 2988 magna
1710 2952 1787 2986 pars
1798 2948 1972 2988 Hungaricae
1985 2954 2074 2976 terrae
2086 2967 2100 2983 ‚

1219 2993 1367 3034 quondam
1389 2992 1522 3036 Ecclefiae
1542 2994 1644 3027 Sant‘li
1657 2997 1782 3036 Ruperti
1803 2997 1919 3028 tradita
1931 3017 1941 3032 ‚
1966 2993 2004 3026 ab
2023 2995 2100 3034 Epi-

1213 3041 1298 3085 scopo
1320 3042 1448 3086 defecisse
1470 3044 1594 3077 dicitur.
1622 3043 1724 3093 Qod
1751 3044 1868 3087 nempe
1888 3045 1986 3077 etiam
2002 3043 2101 3076 Hun-

1216 3092 1303 3136 garia
1329 3093 1482 3137 Gregorii
1507 3094 1658 3129 Decretis
1678 3095 1894 3129 adversaretur
1917 3117 1924 3124 .
1951 3093 2038 3126 Nam
2064 3094 2100 3127 δε

1218 3143 1428 3176 Salomonem
1441 3143 1570 3188 Regem
1583 3169 1594 3185 ,
1621 3144 1709 3187 quod
1722 3143 1832 3188 Regni
1852 3143 2075 3178 investituram
2088 3166 2099 3182 ‚

1216 3203 1313 3234 quam
1336 3191 1378 3226 ab
1391 3193 1586 3236 Apostolica
1607 3194 1688 3228 Sede
1711 3192 1851 3229 debebat
1863 3193 2029 3236 accipere,
2057 3192 2099 3226 ab

1216 3243 1411 3286 imperatore
1423 3244 1573 3279 Henrico
1586 3244 1755 3287 accepisset
1768 3267 1779 3282 ,
1804 3244 1943 3294 gravg‘ter
1957 3244 2100 3285 increpa«

1218 3293 1264 3326 vit
1287 3291 1482 3338 Gregorius.
1511 3292 1608 3331 Adeo
1632 3292 1728 3337 hujus
1739 3293 1880 3333 Decreta
1901 3293 1959 3328 ille
1981 3292 2101 3327 aversa-

1218 3342 1328 3377 batur.
1822 3371 1825 3374 ,
2088 3374 2091 3377 Δ

1266 3391 1324 3426 An
1336 3392 1507 3430 Ladislaus
1519 3393 1604 3433 Rex,
1617 3403 1671 3429 aut
1686 3393 1933 3434 Zabolohiensis
1946 3390 2098 3473 Syhnodus

1669 3445 1704 3478 D
1759 3455 1777 3492 3
2006 3452 2047 3475 aec
