2372 3756
170 996 196 1020 6.
207 1001 235 1030 q.
248 1002 269 1022 1.
279 1002 303 1025 c.

170 1035 217 1066 58.

409 150 475 188 90

336 222 514 258 nobiorum
539 220 699 263 capacitas
719 220 888 267 insigniter
908 221 995 254 lucet
1005 232 1046 254 ex
1059 220 1209 264 vigesima

335 273 438 316 prima
461 271 596 315 Joannis
622 270 763 305 Caffiani
789 271 993 310 collatione,
1020 270 1075 304 ubi
1097 268 1209 304 Abbas

334 321 495 355 Theonas
516 318 624 355 laudat
645 320 792 366 AEgypti
820 321 1028 365 possessores,
1049 319 1138 363 quod
1166 318 1207 352 ad

336 372 498 414 Joannem
517 370 709 405 Monasticae
736 370 907 406 Diaconiae
933 369 1121 404 Praefectum
1143 379 1208 402 cer-

333 421 429 455 tatim
451 420 613 457 adferrent
633 422 765 465 frugum
779 422 907 454 suarum
919 418 1087 453 Primitias
1098 419 1131 452 &
1145 419 1207 452 De·

330 471 432 505 cimas
445 484 458 506 .-
483 470 612 506 Laudat
631 471 664 504 &
674 471 794 505 diffisum
806 470 967 515 Ioannem
981 493 992 510 ,
1019 470 1101 512 quod
1112 478 1206 501 eorum

332 522 486 556 devotioni
509 521 732 561 victffitudinem
755 526 876 562 cupiens
897 517 1072 562 repensare,
1097 522 1140 551 eis
1163 515 1206 560 se-

331 571 462 605 tundam
472 569 631 613 Apostolum
641 567 802 612 seminaret
806 569 983 614 spiritualia
991 594 1002 610 ‚
1015 579 1138 612 quorum
1148 577 1204 599 me-

328 621 412 655 tebat
439 623 518 655 dona
540 620 690 654 carnalia.
719 619 764 656 Et
784 621 818 654 in
837 619 954 654 litteris
966 619 1005 654 ad
1020 618 1203 652 Henricum

328 670 508 706 secundum
531 669 642 705 scribit
663 669 706 705 de
728 670 797 714 ejus
817 670 898 704 olim
912 669 1108 704 antecessore
1120 666 1203 700 Ede-

327 720 444 764 lulpho
455 719 599 755 Alredus
612 719 726 756 Abbas
747 719 958 755 Rievallenfis
969 732 980 752 .·
1005 715 1202 758 Eleemosynis

321 768 399 814 sam?
409 768 452 810 Jt‘c
472 777 592 813 operam
613 770 709 809 dabat
722 794 734 811 ‚
758 781 792 804 ut
814 778 908 803 totam
932 778 1043 802 terram
1049 765 1137 809 sicam
1145 775 1202 809 pro

324 818 441 862 Christo
462 821 644 861 decimaret,
669 822 704 854 o·
722 828 843 862 partem
866 821 1011 852 decimam
1030 825 1087 859 per
1103 818 1201 853 Eccle-

318 868 380 912 fias
401 880 436 903 ac
448 869 625 911 Monasteria
634 870 782 903 divideret
794 893 802 901 .
829 868 874 901 Et
900 867 985 911 apud
1000 866 1198 902 Gratianum

320 930 411 955 extat
423 919 587 965 Epistola,
612 919 773 952 affirmans
791 917 891 952 etiam
904 928 1058 962 pauperes
1067 917 1199 952 alendos

320 981 362 1003 ex
386 970 561 1006 Decimis,
585 977 682 1011 atque
705 966 906 1012 adjungens:
933 969 1071 1001 Maxime
1094 978 1198 1001 curan-

319 1020 391 1052 dum
400 1018 439 1058 est
449 1016 605 1060 Episcopis
615 1039 626 1056 ,
653 1025 687 1049 ut
697 1017 733 1050 de
743 1020 873 1051 Decimis
883 1043 897 1059 ‚
925 1019 960 1052 Θ
979 1017 1173 1051 oblationibus
1185 1042 1196 1059 ,

318 1067 465 1101 Coenobtis
482 1067 517 1101 ἐν
528 1065 727 1100 Xenodocbiis
736 1091 748 1108 ,
761 1068 879 1110 qualem
889 1069 1036 1101 voluerint
1052 1070 1087 1102 Θ·
1094 1076 1194 1110 potue-

315 1123 381 1152 rint
393 1142 404 1159 ,
426 1112 663 1160 sustentationem
684 1119 891 1159 impendant.·
909 1118 1050 1151 Liberum
1069 1118 1106 1158 est
1117 1124 1194 1151 enim

316 1165 496 1207 Monacbis,
521 1168 556 1201 Θ·
572 1164 778 1211 spiritualibus
803 1174 884 1202 viris
905 1192 916 1208 ,
944 1171 1040 1203 Deum
1063 1174 1192 1201 timenti-

315 1216 370 1251 bus
391 1218 426 1251 ό·
448 1216 632 1258 colentibus,
656 1218 794 1251 Decimus
817 1220 851 1252 (ν
864 1218 1023 1251 oblationes
1033 1218 1192 1261 cunHaque

315 1267 447 1301 remedia
469 1268 639 1309 concedere,
665 1269 701 1302 ὁ·
722 1268 760 1302 de
771 1268 846 1308 jure
854 1266 909 1311 fico
931 1276 965 1301 in
975 1268 1136 1302 dominium
1156 1268 1192 1300 il-

316 1318 411 1352 lorum
436 1318 471 1351 Θ
495 1315 579 1361 usum
603 1316 797 1359 transferre,
823 1329 875 1352 nec
899 1328 965 1352 tam
995 1324 1028 1351 in
1049 1322 1191 1360 pauperi·

311 1367 372 1401 bus
381 1375 609 1411 paupertatem,
621 1378 711 1411 quam
719 1369 885 1412 religionem
898 1369 1051 1403 attendere
1065 1392 1072 1399 .
1098 1369 1192 1411 ,Quod

312 1426 415 1451 autem
438 1419 601 1452 Beatitudo
612 1429 666 1453 tua
678 1417 812 1461 quaefivit
826 1442 838 1459 ,
863 1420 963 1453 utrum
972 1417 1042 1461 usus
1055 1419 1188 1451 Decima-

312 1479 380 1501 rum
415 1469 449 1502 (a
468 1467 647 1501 oblationum
674 1469 872 1503 Saecularibus
902 1474 1065 1512 provenire
1082 1468 1187 1510 possit,

293 1523 398 1551 movit
419 1518 517 1559 vestra
538 1518 689 1552 sanctitas
699 1521 815 1553 omnino
828 1530 886 1552 non
894 1520 1002 1560 licere,
1024 1517 1183 1561 protestan-

131 2172 284 2216 L·3·tit.1o.

131 2226 156 2248 c·
168 2227 194 2255 7.

159 3011 213 3051 Ep·
230 3019 291 3049 192.

310 1567 395 1601 tibus
419 1567 483 1602 haec
502 1569 629 1602 Divinis
656 1569 885 1603 auHoritatibus
908 1576 1099 1612 paternorum
1126 1572 1186 1600 Ca-

309 1627 418 1651 nonum
431 1640 439 1650 .
464 1618 664 1661 ,Quamobrem
689 1617 720 1659 fi
746 1619 906 1661 aliquando
928 1618 1050 1660 fuerint
1073 1617 1113 1651 ab
1138 1616 1186 1650 his

309 1668 388 1701 mal?
399 1668 541 1706 detenta,
571 1677 639 1709 quae
663 1670 774 1702 Divini
790 1670 872 1709 ‚iuris
881 1670 935 1712 effe
946 1667 1125 1712 nosountur,
1151 1669 1185 1702 (9·

309 1722 343 1750 in
363 1714 446 1760 usum
457 1714 635 1758 tranſserunc
657 1717 865 1753 Monacborum
891 1721 926 1753 6*
938 1716 1094 1762 servorum
1106 1720 1182 1759 Dei,

311 1765 456 1810 Episcopo
478 1774 579 1801 tamen
589 1767 642 1801 loci
650 1767 733 1801 illius
741 1768 895 1812 praebente
903 1764 1094 1811 consensum,
1118 1780 1183 1803 con-

303 1814 429 1858 flabunt
439 1819 479 1850 eis
491 1822 591 1851 omnia
595 1826 743 1860 perpetua
747 1818 893 1862 firmitate
901 1819 934 1853 <⁹1
937 1817 1106 1858 stabilitate
1110 1817 1135 1861 s
1130 1818 1183 1851 ub-

310 1871 397 1901 nixa.
421 1870 545 1901 Clericos
557 1876 657 1902 autem
668 1870 734 1902 illos
744 1874 881 1903 convenit
891 1867 1022 1910 Ecclefiae
1027 1869 1183 1911 stipendiis

302 1912 465 1960 sustentari
478 1941 491 1959 ,
515 1917 618 1962 quibus
636 1927 797 1962 parentum
814 1921 1084 1962 &propinquorum
1097 1919 1182 1953 nulla

303 1964 514 2013 suffragantur
531 1995 538 2003 .
565 1972 631 2015 ,Qui
653 1979 753 2005 autem
773 1971 858 2006 bonis
864 1980 1027 2015 parentum
1039 1971 1182 2015 &opibus

305 2016 464 2062 sustentari
479 2020 615 2063 poffunt,
637 2021 668 2063 si
681 2023 761 2065 quod
771 2031 940 2066 pauperum
960 2023 998 2065 est
1010 2029 1154 2067 accipiunt
1171 2048 1183 2064 ,

305 2070 494 2115 sacrilegium
519 2069 665 2114 profefflo
683 2079 872 2107 committunt
890 2099 902 2115 ‚
929 2076 964 2109 ὦ·
980 2083 1036 2116 per
1057 2073 1183 2116 abusum

311 2121 417 2154 talium
440 2122 591 2163 judicium
607 2121 662 2165 fibi
683 2125 869 2156 manducant
892 2125 926 2157 ὁ*
946 2123 1067 2157 bibunt.
1095 2124 1181 2158 Ean-

301 2168 378 2205 dem
403 2169 584 2214 Epistolam
605 2171 692 2215 apud
713 2173 911 2217 Gregorium
931 2184 1059 2209 nonum
1072 2173 1181 2208 laudat

301 2221 337 2256 in
362 2220 481 2256 litteris
501 2220 541 2255 ad
566 2220 776 2256 Bituricensis
815 2223 966 2258 Ecclefiae
991 2220 1181 2266 Archipres—

302 2270 454 2314 byterum
478 2270 513 2304 &
543 2269 778 2306 scholasticum
804 2272 1019 2315 Innocentius
1040 2273 1180 2307 tertius.

302 2320 431 2355 Verum
455 2318 585 2364 pessime
604 2320 622 2353 ὲ
646 2321 807 2355 Gratiano
838 2323 1034 2357 adscribitur
1066 2323 1181 2357 Sancto

301 2371 516 2414 Hieronymo
527 2393 534 2402 .
560 2370 712 2405 Omnino
724 2371 813 2405 enim
826 2372 942 2415 scripta
953 2372 999 2406 est
1014 2370 1115 2417 longe
1126 2382 1179 2415 po-

302 2420 417 2457 sterius
440 2421 474 2454 in
495 2420 634 2464 gratiam
658 2419 924 2456 Monachorum.
952 2422 1037 2465 Ejus
1046 2423 1180 2461 auctor,

304 2480 342 2506 ut
353 2470 414 2505 hos
426 2469 467 2505 ad
478 2471 690 2505 Decimarum
701 2469 926 2514 poffeffionem
942 2469 1086 2506 redderet
1096 2472 1181 2504 secu-

305 2522 425 2562 riores,
450 2531 526 2555 cum
538 2519 670 2564 Juliano
688 2519 846 2556 Pomerio
866 2521 964 2556 docet
975 2521 1095 2556 divites
1107 2520 1179 2555 Cle·

305 2570 390 2607 ticos
399 2582 440 2606 ex
450 2570 521 2614 ipfis
533 2582 602 2605 non
615 2571 702 2614 poffe
727 2570 896 2605 sustentari
908 2596 916 2605 .

356 2620 401 2654 Et
420 2617 506 2655 hanc
533 2620 676 2655 nostram
701 2620 907 2656 assertionem
933 2620 967 2654 in
995 2619 1112 2654 litteris
1138 2618 1178 2653 ad

307 2669 536 2706 Columbenfis
564 2670 719 2705 Coenobii
729 2670 915 2705 Monachos
925 2670 1093 2715 insiguiter
1103 2680 1181 2704 con-

308 2722 416 2755 firmat
441 2722 573 2763 Sanetus
585 2719 645 2755 lvo
657 2720 865 2755 Carnutenfis
877 2720 1057 2765 Episcopus
1069 2744 1076 2752 .
1103 2719 1178 2753 San·

309 2770 353 2803 sti
381 2768 561 2814 Augustini
597 2771 686 2805 varia
710 2795 722 2810 ,
760 2781 829 2813 quae
854 2770 949 2805 bonis
975 2769 994 2804 a
1017 2770 1180 2805 malorum

311 2819 398 2853 intra
421 2818 599 2854 Ecclesiam
631 2820 868 2855 communione
899 2820 1027 2854 nullum
1058 2819 1122 2854 esse
1143 2819 1182 2853 ti·

311 2866 471 2904 mendum
491 2868 683 2913 contagium
705 2869 849 2910 docent,
875 2869 1060 2905 testimonia
1081 2868 1180 2903 addu-

313 2918 381 2960 cit,
406 2918 441 2953 &
461 2919 566 2962 pergit
585 2919 620 2952 in
646 2928 751 2952 novos
772 2920 882 2954 nescio
902 2930 985 2963 quos
1006 2918 1179 2964 Dogmati·

311 2968 395 3004 stas:
421 2972 495 3004 Haec
518 2969 553 3002 (9⁸
578 2966 625 3000 bis
634 2966 743 3009 similia
764 2971 917 3003 Praecones
936 2967 1102 3013 hujusmodi
1123 2979 1181 3001 non

313 3018 507 3062 intelligentes
532 3023 584 3051 aut
605 3028 662 3051 non
687 3019 834 3062 legentes,
855 3018 986 3061 suadent
1010 3017 1181 3057 Monacbis,

315 3075 349 3101 ut
367 3067 424 3112 sua
448 3067 626 3108 Monasttria
649 3066 787 3111 deserant
811 3076 936 3111 propter
961 3069 1089 3103 Abbates
1109 3066 1180 3111 suos

320 3119 355 3152 Θ
375 3120 580 3152 Procuratores
591 3117 974 3162 monasteriorumsuorum‚
1000 3126 1052 3162 qui
1063 3120 1181 3161 aliquas

316 3169 452 3201 Decimus
469 3191 480 3209 ,
509 3177 575 3211 quae
600 3167 673 3209 jure
693 3173 848 3210 pertinent
873 3170 917 3203 ad
938 3167 1181 3212 dispensationem

316 3215 525 3259 Episcoporum
545 3238 557 3258 ,
581 3215 782 3258 monasteriis*
793 3216 859 3261 suis
888 3218 1079 3261 acquificrunt
1094 3241 1101 3249 .
1127 3219 1180 3250 Di·

314 3272 385 3300 cant
407 3266 479 3299 mihi
499 3276 564 3301 tam
576 3265 702 3311 subtiles
726 3271 901 3302 Divinarum
918 3270 1098 3310 judiciorum
1104 3265 1181 3310 scru-

314 3321 448 3355 catores,
471 3318 548 3358 quid
561 3316 764 3361 salubriusfit
788 3317 940 3353 Monacbis
961 3342 973 3360 ,
997 3328 1096 3353 utrum
1112 3324 1183 3359 per·

316 3375 436 3399 manere
456 3365 627 3401 coenobitas
643 3366 702 3411 sub
733 3367 954 3411 Praepofitorum
981 3367 1101 3413 suorum
1119 3366 1183 3402 obe·

316 3416 431 3452 dictitia
440 3437 454 3458 ,
477 3425 545 3460 qua·
554 3416 652 3455 melior
661 3416 699 3459 est
709 3419 802 3462 quam
811 3418 943 3457 vidimae
951 3443 964 3464 ,
981 3420 1017 3457 ὀ·
1025 3418 1067 3456 ibi
1076 3422 1183 3456 vivere

708 131 749 177 S.
785 127 1101 176 Gnsoomr
1139 139 1374 174 sensnm
1410 129 1779 176 PONTIF1CIS

1274 220 1311 250 dc
1332 219 1459 250 Decimis
1483 219 1516 251 (τ
1533 217 1667 259 fidelium
1690 220 1904 263 oblationibus,
1930 235 2006 266 quas
2019 225 2145 268 Ecclesia

1271 269 1331 310 lege
1361 267 1520 302 charitatis
1555 274 1765 304 communicare
1792 271 1887 312 potest
1908 295 1919 311 ,
1945 285 2001 306 non
2022 278 2142 310 tantum

1271 317 1453 357 Monasteriis
1472 342 1483 359 ,
1504 316 1562 360 sed
1579 324 1671 351 etiam
1693 321 1890 355 Xenodochiis
1919 345 1930 362 ,
1957 324 2083 364 infirmis
2105 329 2146 361 (zo

1265 373 1436 411 peregrinis
1449 390 1458 406 ‚
1483 380 1525 401 an
1544 368 1608 410 fieri
1621 369 1801 404 sarabaitas
1815 394 1825 410 ,
1851 380 1885 405 ut
1896 377 1929 403 in
1936 378 2076 415 privatis
2096 377 2138 411 lo·

1269 422 1312 452 cis
1333 424 1454 460 proprio
1465 420 1537 459 jure
1558 425 1671 452 vivant
1686 443 1698 460 ,
1724 421 1758 454 (9'
1771 420 1884 455 vitium
1895 419 1944 466 fibi
1959 425 1996 456 de
2004 422 2140 466 substan-

1269 472 1314 499 tia
1329 475 1495 510 pauperum
1512 476 1569 511 per
1593 482 1702 504 manus
1722 479 1876 512 raptorum
1888 496 1898 511 ,
1922 473 1956 506 (9⁸
1973 475 2009 506 de
2021 473 2138 515 foenore

1267 523 1479 560 negotiatorum
1489 524 1636 561 accipiant
1650 533 1657 553 ε
1679 522 1763 554 Licet
1773 527 1853 554 enim
1865 523 1992 555 Decimae
2003 525 2038 557 (ε’
2050 524 2140 558 obla-

1266 571 1359 600 tiones
1367 569 1577 610 principaliter
1596 571 1734 604 Clericali
1744 571 1911 605 debeantur
1920 574 2038 607 militiae
2049 599 2064 616 ‚¹
2081 583 2139 617 po-

1266 616 1318 657 test
1338 626 1443 652 tamen
1465 618 1590 660 Ecclefia
1610 632 1694 655 omne
1715 623 1794 664 quod
1814 620 1902 657 babet
1922 633 1985 656 cum
1993 630 2138 666 pauperi-

1264 666 1319 700 bus
1331 665 1438 702 babere
1448 679 1595 703 commune
1609 694 1616 702 .
1643 668 1770 714 ‚Quanto
1786 677 1881 715 magis
1893 684 1957 706 cum
1967 671 2015 706 his
2021 681 2138 717 paupe-

1263 716 1344 750 ribus
1365 742 1376 759 ,
1402 724 1453 761 qui
1472 719 1586 753 relidi:
1603 719 1801 761 facultatibus
1821 728 1954 764 propriis
1974 747 1986 764 ,
2011 734 2070 757 non
2102 731 2136 758 in

1262 774 1390 812 angaria
1399 769 1571 811 bajulantes
1584 772 1706 804 Crucem
1727 770 1837 811 Christi
1848 796 1859 812 ,
1881 771 2048 816 sequuntur
2055 782 2135 816 pau·

1258 825 1360 859 perem
1378 818 1550 860 Christum?
1576 820 1631 861 Est
1652 830 1752 855 tamen
1774 827 1806 854 in
1830 820 1896 864 quo'
1911 823 2074 857 abbatibus
2098 825 2134 859 Θ·

1261 867 1431 911 Praepofitis
1445 869 1685 910 Monasteriorum
1703 874 1889 913 parcendum
1907 873 1958 915 effe
1969 885 2027 906 non
2037 873 2134 913 existi·

1259 928 1305 951 mo
1315 941 1328 959 ,
1347 917 1377 961 fi
1381 917 1419 951 ab
1430 920 1491 953 illis
1501 920 1546 953 ad
1555 931 1624 963 quos
1635 932 1692 954 non
1701 927 1852 963 pertinent
1861 947 1871 963 ,
1900 923 1937 955 id
1945 922 1983 961 est
1996 947 2008 963 ,
2026 925 2046 955 ᾶ
2059 926 2133 956 Lai-

1258 973 1301 1000 cis
1313 971 1448 1002 Decimas
1461 971 1495 1003 (⁶5
1505 969 1677 1005 Oblationes
1686 977 1838 1013 accipiant
1851 996 1862 1013 ,
1867 971 2070 1012 siinordinat?
2079 984 2131 1006 eas

1258 1019 1278 1049 a
1289 1018 1518 1061 quibuscumque
1525 1018 1660 1062 personis
1671 1027 1838 1063 acquirant,
1844 1021 1875 1062 fi
1882 1028 2022 1055 terminos
2033 1020 2132 1066 transl

1251 1070 1435 1111 gredtantur
1448 1074 1588 1112 antiquos
1601 1093 1613 1110 ,
1640 1071 1676 1104 id
1683 1069 1719 1107 est
1729 1095 1740 1111 ,
1753 1070 1935 1114 fistipendia
1949 1072 2132 1111 Presbytero-

1256 1129 1322 1150 rum
1334 1119 1501 1162 antiquitus
1515 1119 1650 1160 instituta
1659 1126 1805 1155 minorent
1819 1145 1830 1160 ,
1852 1133 1890 1155 ac
1895 1120 1951 1162 fibi
1969 1121 2111 1166 usurpent
2121 1147 2130 1155 .

1255 1172 1321 1202 Nec
1334 1177 1436 1204 tamen
1445 1171 1510 1203 ideo
1522 1169 1657 1203 Monacbi
1671 1195 1682 1211 ,
1707 1177 1760 1213 qui
1770 1170 1833 1204 baec
1844 1176 1983 1215 ignorant
2006 1181 2061 1205 aut
2071 1183 2130 1205 non

1249 1217 1404 1260 probant,
1428 1219 1539 1253 debent
1555 1217 1643 1263 suam
1666 1221 1858 1255 colledionem
1881 1219 2011 1264 deserere
2036 1245 2048 1262 ,
2072 1230 2129 1255 aut

1256 1267 1420 1302 abbatibus
1427 1267 1492 1311 suis
1504 1271 1603 1303 minus
1625 1270 1792 1311 obedientes
1811 1271 1933 1311 existere
1945 1296 1953 1304 .
1979 1269 2131 1319 Qidam

1252 1327 1330 1351 tunc
1342 1317 1493 1352 Pseudo·
1504 1319 1653 1353 doctores
1673 1322 1867 1355 asseruerunt
1888 1321 2043 1355 Decimas
2065 1321 2129 1356 esse

1254 1366 1477 1402 Ecclefiastica
1503 1368 1646 1403 solorum
1660 1369 1816 1412 privative
1842 1370 2080 1413 Episcoporum
2093 1370 2129 1404 δε

1252 1416 1457 1452 Clericorum
1485 1417 1667 1461 stipendia,
1693 1419 1831 1462 ipsarum
1854 1417 2047 1454 Monachos
2058 1430 2130 1454 non

1250 1468 1359 1502 minus
1393 1468 1492 1511 quam
1526 1468 1647 1503 Laicos
1677 1469 1741 1503 esse
1774 1468 1904 1511 penitus
1940 1470 2131 1514 incapaces,

1250 1517 1390 1560 ideoque
1403 1518 1486 1561 ipsas
1495 1515 1675 1553 detinentia
1685 1517 1888 1552 Monasteria
1907 1519 1974 1553 effe
1993 1519 2028 1552 in
2040 1518 2132 1553 dam·

1251 1567 1393 1602 nationis
1418 1567 1502 1602 statu
1513 1591 1525 1608 ,
1551 1568 1585 1602 ὅ(
1597 1567 1615 1602 a
1626 1566 1735 1611 probis
1745 1566 1924 1602 Monachis
1934 1567 2106 1603 deserenda
2117 1591 2128 1602 .

1249 1616 1412 1653 Palmares
1431 1616 1655 1653 damnationis
1680 1629 1752 1652 reos
1778 1616 1975 1653 blaterarunt
1984 1618 2047 1652 esse
2058 1616 2131 1657 Al»,

1248 1666 1335 1702 bates'
1347 1691 1359 1709 ,
1384 1668 1419 1702 ἃ
1430 1666 1622 1711 Praepofitos
1645 1668 1700 1702 seu
1711 1668 1963 1708 Procuratores,
1982 1666 2129 1712 ipsorum

1246 1716 1529 1753 cohabitationem
1552 1718 1615 1752 esse
1627 1718 1876 1762 contagiosam‚
1901 1717 2042 1761 ideoque
2066 1718 2128 1764 mi-

1246 1767 1407 1813 grandnm
1434 1768 1467 1802 in
1496 1767 1705 1802 solitudinem
1724 1769 1759 1802 ὅ(
1770 1765 2006 1802 Anachorefim
2017 1791 2025 1799 .
2051 1766 2128 1802 Pes·

1245 1818 1330 1852 simis
1341 1816 1428 1853 hisce
1440 1817 1540 1852 sibilis
1553 1818 1770 1860 percusserunt
1782 1818 1962 1852 multorum
1977 1816 2126 1855 infirmo·

1245 1878 1318 1903 rum
1327 1867 1492 1913 imperitas
1502 1867 1736 1910 conscientias,
1757 1868 1790 1902 &
1798 1868 1832 1902 in
1846 1866 2051 1912 Apostafiam
2062 1865 2125 1902 cir·

1245 1920 1380 1957 cumscri
1384 1921 1513 1966 pserunt
1527 1946 1535 1954 .

1294 1971 1338 2006 Et
1360 1971 1493 2016 quidem
1519 1970 1647 2006 laudata
1674 1969 1781 2006 Sansti
1793 1968 1907 2004 lvonis
1919 1966 2066 2013 Epistola
2077 1965 2124 2002 sa-

1247 2022 1336 2058 navit
1347 2022 1550 2065 &quietavit
1564 2022 1688 2056 multos
1698 2046 1709 2062 ,
1735 2030 1879 2055 attamen
1903 2030 1972 2053 non
1983 2027 2100 2052 omnes
2113 2040 2123 2050 .

1245 2074 1331 2122 Qis
1354 2073 1446 2108 enim
1468 2072 1589 2107 nesciat
1615 2070 1846 2106 sanetiffimum
1878 2068 2123 2104 cisterciensem

1245 2124 1408 2158 Ordinem
1422 2122 1574 2165 prodiisse
1583 2132 1624 2155 ex
1636 2119 1807 2155 schismate
1817 2120 1852 2153 &
1871 2119 1958 2162 quasi
1985 2115 2123 2161 Aposta-

1245 2173 1287 2207 fia
1309 2171 1527 2217 quorumdam
1554 2171 1689 2206 fratrum
1710 2167 1945 2204 &Molismenfi
1957 2165 2126 2202 Monaste·

1245 2222 1292 2256 rio
1305 2223 1318 2257 ?
1345 2222 1510 2256 Dixerunt
1522 2219 1556 2254 hi
1571 2221 1678 2255 Sancti
1694 2218 1863 2253 Benediai
1875 2217 2039 2262 Regulam
2051 2227 2124 2252 non

1246 2270 1359 2306 servari
1370 2294 1382 2310 ,
1409 2270 1457 2303 sui
1482 2269 1637 2311 temporis
1662 2266 1852 2300 Monachos
1861 2267 1924 2300 esse
1938 2275 2028 2300 extra
2039 2264 2123 2310 salu?

1243 2322 1284 2356 tis
1294 2321 1383 2354 viam
1394 2343 1405 2360 ,
1431 2317 1571 2363 ideoque
1585 2317 1741 2362 fugerunt
1752 2316 1787 2350 in
1800 2313 1945 2350 Cistertii
1956 2323 2123 2355 eremum,

1241 2371 1275 2404 &
1288 2379 1413 2404 novum
1435 2368 1507 2403 istic
1518 2376 1615 2411 atque
1626 2365 1751 2401 humile
1774 2364 1975 2400 Coenobium
1987 2361 2124 2400 inchoa·

1241 2429 1319 2454 runt
1342 2443 1350 2451 .
1376 2417 1453 2452 Hac
1478 2418 1570 2452 enim
1595 2416 1637 2452 de
1661 2416 1757 2452 causa
1781 2413 1973 2450 venerabilis
1994 2411 2124 2448 Alberb·

1242 2480 1298 2504 cus
1309 2493 1321 2510 ,
1347 2467 1509 2503 secundus
1521 2466 1665 2502 Cistertii
1678 2465 1813 2507 Abbas,
1839 2466 1943 2509 longo
1954 2473 2121 2508 tempore,

1242 2528 1405 2562 tamquam
1428 2516 1611 2552 schismatis
1634 2517 1744 2550 austor
1767 2524 1824 2550 aut
1844 2516 1997 2550 incentor
2007 2513 2122 2548 Molis·

1242 2569 1385 2603 mensem
1407 2577 1565 2601 carcerem
1591 2565 1804 2602 sanffificavit
1818 2589 1825 2597 .
1854 2564 1980 2600 Eorum
1991 2564 2120 2599 sensum

1241 2619 1377 2661 exponit
1390 2616 1575 2661 sigebertus
1589 2615 1830 2650 Gemblacensis
1843 2627 1855 2647 .-
1877 2615 1980 2648 abbas
1990 2611 2120 2653 Cisterm
2142 2645 2145 2647 ,

1241 2668 1399 2710 &fratres
1411 2669 1476 2708 ejus
1491 2691 1502 2707 ,
1524 2678 1582 2700 non
1595 2672 1776 2700 immemores
1781 2662 1942 2707 sponsionis
1947 2661 2013 2706 suae
2024 2686 2035 2702 ,
2061 2665 2121 2696 Re-
2135 2668 2171 2700 A·
2184 2677 2266 2704 1107-

1236 2719 1339 2762 gulam
1365 2718 1458 2751 Beati
1470 2716 1630 2751 Benedidi
1652 2716 1751 2751 in‘loco
1771 2714 1819 2747 illo
1829 2715 2002 2748 ordinatam
2012 2717 2121 2746 unani-

1239 2773 1329 2802 miter
1343 2766 1511 2808 statuerunt
1533 2776 1630 2800 tenere
1643 2790 1655 2806 ,
1679 2767 1846 2804 rejicientes
1872 2766 1893 2796 a*
1912 2761 1946 2806 se
1971 2762 2122 2806 quidquid

1240 2819 1358 2860 Regulae
1366 2815 1579 2860 refragabatur
1595 2841 1604 2849 .
1630 2818 1729 2849 Exuti
1741 2821 1868 2848 veterem
1878 2812 2025 2847 bominem
2035 2835 2048 2852 ‚
2068 2822 2119 2846 no-

1239 2879 1311 2900 vum
1336 2878 1352 2900 e
1362 2866 1483 2909 induisse
1498 2865 1673 2909 gaudebant
1684 2889 1691 2897 .
1718 2867 1765 2897 Et
1777 2870 1848 2906 quia
1871 2875 1924 2897 nec
1935 2867 1967 2894 in
1979 2862 2092 2905 Regula
2104 2884 2119 2902 ,

1240 2922 1335 2951 necin
1346 2921 1415 2949 vita
1428 2916 1528 2950 sant‘li
1552 2914 1708 2955 Benedio‘ii
1728 2914 1866 2957 legebant
1879 2913 2002 2946 eundem
2014 2911 2118 2950 Dodo,-

1239 2978 1302 3000 rcm
1309 2966 1455 3009 possedisse
1468 2969 1499 2998 E
1500 2964 1610 3007 cclesias
1621 2964 1674 2997 vel
1683 2962 1801 2995 Altaria
1810 2985 1821 3002 ‚
1834 2963 1887 2995 vel
1894 2965 2034 2995 Decimus
2045 2960 2118 2994 alio·

1239 3028 1307 3050 rum
1318 3015 1465 3049 bominum
1474 3040 1486 3056 ,
1510 3016 1574 3048 ideo
1588 3014 1756 3047 baec‘omnia
1767 3010 1982 3045 abdicaverunt
1996 3036 2003 3043 .
2031 3014 2117 3045 Deci·

1240 3078 1308 3100 mas
1317 3065 1441 3106 ajebant
1463 3066 1488 3097 a?
1501 3063 1615 3107 santqir
1633 3061 1780 3095 Patribus
1792 3086 1804 3103 ‚
1827 3066 1879 3104 qui
1903 3072 2018 3105 organa
2027 3069 2116 3093 erant

1241 3118 1370 3159 Spiritus
1381 3118 1401 3149 5
1402 3114 1483 3149 anc‘li
1494 3138 1505 3154 ,
1517 3123 1694 3157 quorumque
1703 3113 1826 3146 statuta
1835 3109 2004 3155 transgredi
2018 3108 2118 3153 estfa-

1237 3167 1388 3210 crilegium
1400 3170 1562 3204 committi,
1587 3169 1619 3197 in
1630 3170 1756 3206 quatuor
1766 3168 1917 3205 portiones
1930 3159 2116 3201 distributas,

1241 3227 1331 3250 unam
1354 3214 1464 3259 scilicet
1485 3211 1629 3257 Episcopo
1649 3237 1661 3254 ‚
1677 3214 1814 3246 ‘alteram
1842 3211 2034 3250 Presbytero,
2058 3218 2118 3243 ter·

1242 3273 1317 3301 tiam
1329 3264 1491 3309 hospitibus
1504 3265 1549 3297 ad
1555 3265 1639 3297 illam
1652 3261 1808 3304 Ecclefiam
1831 3260 2016 3295 venientibus
2025 3282 2037 3299 ‚
2058 3256 2115 3300 seu

1243 3317 1345 3350 viduis
1357 3318 1391 3350 ό*
1416 3313 1578 3357 orphanis,
1594 3312 1659 3355 five
1672 3311 1856 3356 pauperibus
1872 3310 1990 3345 alaende
2000 3307 2114 3341 victum

1244 3378 1301 3400 non
1311 3365 1487 3401 habentibus
1498 3388 1510 3405 ,
1535 3373 1677 3407 quartam
1688 3362 1894 3404 restaurationi
1903 3356 2037 3399 Ecclefiae
2047 3380 2053 3389 .
2064 3357 2115 3389 Et

1243 3422 1314 3463 quia
1336 3422 1369 3452 in
1389 3414 1584 3461 hoccomputu
1601 3412 1761 3462 personam
1769 3408 1928 3453 Monaecbi,
1951 3413 2115 3501 quiszsrras
