2372 3756
144 1321 264 1357 cmm.

107 1829 119 1855 χ
142 1820 264 1856 Catum·

151 2587 274 2621 1..4.C.5.

185 3430 299 3469 0212,st
316 3416 469 3463 Notgeto
496 3414 604 3451 scribit
626 3415 799 3452 Anselmus
823 3417 1015 3452 Canoninus
1033 3414 1191 3450 Leodien-

347 148 418 192 96

286 223 351 257 effe
373 216 553 257 inhabilem
577 243 588 261 ,
624 219 757 254 testatur
775 217 973 254 Bettholdus
995 217 1165 261 Presbyter

289 269 551 306 Constantiensss
564 294 572 302 .
598 267 677 304 Pius
689 269 823 314 quintus
838 270 1009 313 praesertim
1020 267 1165 312 loquitur

286 321 329 359 de
338 320 462 357 existen
467 318 553 355 tibus
563 319 647 356 intra
657 320 800 365 aliquem
810 320 1025 355 Conventum
1047 318 1166 354 Altari-

1207 221 1214 237 ἱ

698 138 742 183 S.
778 133 1095 181 Gueooutl
1130 148 1363 180 serum
1399 136 1761 184 PONT1F1c15

1230 215 1291 251 bus
1305 241 1320 256 ‚
1346 227 1417 261 quae
1438 228 1543 253 revera
1567 231 1635 254 non
1659 219 1817 256 convenit
1844 232 1900 266 per
1923 225 2103 263 saecularem

1230 264 1458 350 lffreslbytetum
1478 268 1668 314 gubernati.
1697 270 1823 307 Verum
1843 270 1909 307 haee
1930 276 2004 310 sunt
2025 278 2104 313 alte-

1228 327 1293 351 nus
1316 329 1387 352 oct.

841 632 882 680 c
955 637 1000 680 A
1068 632 1120 678 N
1188 601 1398 679 osN'

1489 636 1546 680 X.

431 773 561 821 Ullus
597 770 837 840 Episcopus
873 786 1111 833 gravamen
1144 806 1158 831 ‚
1193 768 1265 820 seu
1301 768 1452 821 servile
1487 770 1709 824 servitium
1744 813 1758 837 ‚
1807 795 1860 827 ex
1893 774 1968 826 usu
2002 763 2123 829 con-¹

286 775 424 912 N
465 858 532 893 tra
567 841 909 891 Ecclefiasticam
945 856 1142 889 normam
1177 839 1424 891 Abbatibus
1457 879 1470 904 ,
1514 842 1586 893 seu
1622 847 1814 898 Clericis
1850 845 1931 896 suis
1965 851 2107 917 impo-

286 930 364 964 nat
399 951 411 962 .

459 911 739 963 Interdioum
776 909 1049 961 Sacerdotale
1084 910 1296 960 Officium
1331 915 1473 982 pretio
1509 915 1829 969 interveniente
1862 936 1951 970 non
1984 920 2107 970 resti-

283 984 382 1034 tuat
415 1019 428 1030 .
479 980 617 1052 Qod
650 981 682 1030 fi
718 980 871 1031 fecerit
900 1017 913 1042 ‚
966 980 1099 1032 officii
1132 979 1196 1031 sui
1242 983 1480 1052 periculum
1515 982 1686 1037 subeat.

475 1127 969 1173 SCHOLION.

1229 1124 1287 1158 fis:
1315 1128 1382 1158 Nec
1406 1124 1457 1158 boc
1475 1125 1638 1168 flendum,
1664 1129 1745 1170 quod
1753 1134 1829 1163 inter
1854 1138 1961 1164 caetera
1977 1136 2106 1174 pietatis

1230 1182 1318 1217 opera
1346 1199 1358 1216 ‚
1381 1177 1522 1216 prudenti
1541 1178 1700 1211 admodum
1726 1177 1791 1220 usur
1818 1179 1927 1220 confilio
1952 1204 1963 1219 ,
1988 1187 2021 1213 tn
2045 1190 2109 1215 tres

1231 1235 1335 1266 aequas
1355 1231 1503 1266 portiones
1525 1229 1647 1268 praedto
1668 1229 1860 1270 Ecslgliastica
1888 1229 2006 1271 divlfit‚
2035 1242 2110 1273 qua·

401 1273 650 1309 Onasteriorum
674 1272 763 1307 bona
781 1274 864 1308 olim
885 1275 1073 1309 subfuerunt
1088 1271 1166 1306 huic
1232 1285 1298 1306 rum
1310 1285 1400 1306 unam
1404 1274 1461 1315 fibi
1469 1275 1587 1318 sutsque
1595 1275 1793 1320 ficcceffortbus
1806 1285 1927 1313 rennuit
1938 1304 1949 1320 ,
1975 1281 2106 1314 alteram

425 1324 596 1358 communi
620 1323 888 1366 Apostolicorum
911 1326 1088 1359 Canonum
1107 1322 1166 1354 Re-

284 1375 369 1418 gulae
386 1388 396 1407 .·
424 1376 621 1416 Praectplmus
642 1384 676 1406 ut
702 1380 736 1406 tn
762 1373 901 1415 potestate
923 1373 976 1416 sua
1003 1370 1167 1414 Episcopus

285 1423 421 1466 Ecclesiae
430 1435 479 1457 res
497 1423 624 1456 babeat.
651 1426 683 1455 51
693 1429 772 1455 enlm
792 1429 903 1455 animae
924 1423 1078 1456 bominum
1097 1431 1165 1462 pre-

284 1472 366 1516 tiosae
387 1474 433 1506 tllt
442 1471 514 1516 sunt
524 1473 667 1512 creditae,
693 1474 783 1504 multo
805 1479 899 1516 magis
913 1481 1023 1515 oportet
1041 1483 1105 1504 eum
1116 1482 1161 1504 cu-

283 1536 350 1556 ram
355 1528 549 1565 pecuniarum
558 1532 657 1565 gerere
667 1546 677 1562 ‚
705 1527 750 1554 tta
763 1532 797 1554 ut
806 1523 947 1563 potestate
956 1525 1019 1563 ejus
1030 1523 1166 1564 tndigen-

284 1573 364 1606 tibus
374 1578 473 1605 omnia
484 1569 687 1615 dispensentur
697 1579 752 1612 per
767 1573 952 1611 Presbyter-os
965 1574 999 1605 (π
1012 1574 1165 1610 Diaconos,

282 1624 317 1656 <5
326 1634 390 1656 cum
401 1627 503 1656 timore
513 1632 647 1663 omneque
656 1619 852 1664 solltcitudine
862 1622 1064 1663 ministrentur
1075 1645 1082 1652 .
1110 1619 1164 1653 An

284 1674 323 1706 sit
334 1672 463 1717 Reguia
492 1671 706 1714 Apostolica‚
734 1672 875 1716 igu0r0;
907 1674 1008 1716 ipsam
1036 1671 1165 1704 interim

286 1723 428 1757 firmavit
447 1720 660 1755 Antiochena
682 1720 856 1763 synodus,
879 1723 997 1757 cunc'ia
1014 1721 1170 1755 Ecclesia·

282 1783 355 1807 rum
376 1771 465 1806 bona
486 1782 563 1805 curn
588 1771 682 1804 omni
709 1770 773 1804 fide
798 1773 832 1806 ἀ
857 1771 1029 1816 diligentia
1055 1771 1167 1804 servari

282 1822 444 1857 mandans
457 1845 468 1862 ,
492 1830 589 1864 atque
598 1819 778 1865 adjungens
791 1836 801 1854 .-
828 1825 879 1854 Ea
884 1822 1048 1866 gubernari
1062 1822 1096 1855 ό·
1110 1818 1170 1862 dis-

280 1872 401 1916 pensari
411 1880 519 1914 oportet
531 1883 598 1904 cum
602 1873 718 1912 judicio
728 1872 762 1904 (tt
769 1872 911 1912 potestate
934 1870 1096 1913 Episcopi,
1124 1875 1168 1903 cui

285 1929 374 1956 totius
394 1923 491 1965 plebis
511 1928 623 1955 animae
648 1922 792 1955 videntur
807 1923 859 1964 effe
873 1922 1041 1964 commiffae.
1073 1919 1168 1964 Jubet

285 1975 352 2018 ipsa
365 1972 520 2007 omnibus
540 1971 602 2006 effe
615 1971 784 2005 manifesta
798 1995 809 2012 ‚
835 1983 874 2006 ae
895 1972 1071 2014 dispensari
1092 1981 1167 2005 cum

285 2023 485 2060 conscientia
508 2020 774 2065 presbyterorum
798 2033 894 2064 atque
920 2022 1169 2061 Diaconorum.

287 2075 332 2108 Et
343 2073 454 2108 denuo
465 2072 586 2106 sancit.-
613 2069 778 2113 Episcopus
792 2071 1050 2112 Ecclefiasttcarum
1071 2082 1170 2104 rerum

287 2122 575 2165 babeatporestatem
586 2122 630 2154 ad
652 2120 887 2163 dispensandum
907 2132 978 2164 erga
997 2131 1095 2152 omnes
1119 2124 1170 2161 qut

289 2176 426 2217 indigent
447 2196 458 2212 ,
493 2182 557 2204 cum
575 2168 695 2213 summa
715 2176 884 2205 reverentia
910 2171 947 2206 et
970 2175 1074 2204 timore
1094 2171 1168 2202 Det.

289 2222 448 2258 Eamdem
461 2220 624 2266 Regulam
634 2220 823 2264 praedicant,
856 2222 890 2255 &
904 2219 1052 2264 piuribus
1074 2228 1173 2261 expo·

290 2284 374 2309 nunt
396 2271 596 2315 Apostolicae
616 2271 868 2305 constitutiones
894 2270 1077 2305 Clementis
1104 2268 1172 2302 Ro·
1211 2269 1215 2283 ’

290 2322 400 2358 mani.
426 2322 505 2356 Erat
519 2320 649 2363 Regula
663 2320 875 2360 sanihssima,
899 2331 998 2364 quam
1009 2321 1110 2363 usque
1131 2316 1172 2351 ad

291 2371 469 2408 Theodori
479 2367 634 2413 Archiepi
640 2371 726 2412 scopi
739 2369 991 2405 Herfordensetn
1002 2367 1174 2412 Synodum

291 2422 492 2467 permanfiffe
503 2421 537 2454 in
551 2419 677 2465 Anglia
689 2419 821 2454 testatur
841 2420 876 2453 in
889 2418 1173 2454 Cantuarienfium

293 2474 498 2508 Pontificum
521 2470 612 2505 Astis
634 2470 805 2504 Gervafius
819 2468 942 2504 ibidem
961 2466 1171 2503 Monachus:

295 2524 435 2568 Afferitur
447 2523 528 2565 quod
546 2527 577 2554 tn
595 2520 744 2562 plerisque
762 2520 851 2561 locis,
882 2521 916 2553 ὢ*
928 2519 1060 2552 maxime
1072 2523 1104 2551 tn
1117 2520 1177 2549 Ec·

295 2572 375 2616 clefia
394 2570 608 2613 Cantuarienfi
623 2595 635 2611 ,
661 2570 827 2603 Theodorus
849 2568 1005 2610 instituerit
1027 2593 1038 2608 ,
1078 2576 1111 2599 ut
1135 2566 1179 2598 ad

298 2626 439 2668 majorem
463 2621 672 2665 Episcoporum
697 2621 899 2652 excellentiam
912 2644 923 2659 ,
950 2620 984 2654 (9
1008 2619 1054 2651 ad
1079 2620 1182 2649 Mona·

299 2674 415 2708 chorum
428 2673 697 2715 tranquillitatem,
725 2668 857 2711 Ecclesiae
875 2671 969 2702 datas
989 2673 1180 2710 partirentur

298 2721 469 2766 posseffiones
484 2747 494 2762 ,
521 2730 555 2755 ut
573 2730 650 2764 pars
673 2728 797 2762 utraque
801 2719 931 2764 singulas
947 2717 1002 2760 fib!
1024 2718 1180 2771 affignatat

300 2772 456 2816 sortiretur
482 2773 516 2805 (θ’
541 2781 655 2813 regeret
673 2776 844 2812 portiones.
873 2769 1029 2804 Laudatae
1053 2765 1181 2809 Synodr

306 2823 425 2857 Canon
438 2820 540 2854 exstat
554 2818 639 2862 apud
654 2818 875 2863 Anglicanam
888 2817 1079 2855 venerabilis
1089 2815 1184 2849 Bedae

306 2871 508 2905 Historiam:
537 2873 575 2902 Ut
601 2880 725 2911 quaeque
735 2869 910 2908 Monasteria
937 2872 1000 2902 Deo
1019 2865 1186 2909 consecrata

309 2923 384 2956 nulli
406 2918 613 2963 Epescoporum
633 2906 718 2952 liceat
738 2925 770 2950 in
794 2919 891 2960 aliquo
915 2924 1080 2961 inquietare
1101 2940 1112 2957 ,
1138 2925 1188 2948 nec

308 2972 468 3015 quidquam
484 2971 519 3002 de
529 2980 626 3003 corum
639 2968 724 3001 rebus
736 2970 877 3001 violenter
888 2968 1055 3008 abstrahere
1067 2991 1074 2999 .
1103 2965 1190 2999 Ean-

308 3023 384 3056 dem
396 3020 558 3054 bonotum
574 3017 631 3052 sub
643 3018 735 3059 plena
752 3018 905 3061 Episcopi
920 3017 1076 3061 potestate
1100 3025 1189 3049 com·

311 3071 500 3110 munionem
512 3070 609 3111 usque
620 3067 660 3103 ad
673 3068 778 3101 Sancti
791 3069 947 3102 Fulconis
959 3067 1188 3110 Episcopatum

313 3121 345 3154 in
369 3120 518 3155 Remenfi
546 3117 708 3152 Parochia
729 3117 853 3151 durasse
875 3118 1012 3150 affirmat
1035 3115 1189 3150 Ftodoar-

312 3168 392 3203 dus:
421 3171 546 3204 Cuncta
569 3168 657 3202 istius
681 3166 845 3200 parochiae
858 3168 950 3201 villas
976 3179 1011 3201 ac
1023 3165 1190 3200 facultates

314 3219 451 3252 affirmat
474 3220 506 3252 in
520 3219 653 3252 Clerum
666 3240 676 3256 ‚
701 3217 900 3250 Monasteria
914 3242 925 3257 ‚
952 3226 1102 3259 pauperes
1116 3239 1126 3254 ,
1153 3224 1189 3246 ac

314 3267 467 3303 fabricam
489 3269 580 3302 fuisse
602 3268 621 3301 ὰ
642 3268 788 3301 Falcone
802 3267 937 3306 divisas,
969 3266 1125 3306 istamque
1144 3262 1190 3299 dl-

317 3317 471 3352 visionem
487 3316 674 3351 &Formoso
687 3316 851 3350 pontifice
872 3317 1118 3351 confirmatam.
1148 3316 1187 3348 Et

316 3367 358 3402 de
385 3366 546 3410 Episcopo
572 3367 628 3401 suo
659 3390 668 3405 ,
694 3367 749 3409 qui
778 3366 893 3401 eodem
921 3367 1034 3399 saecu'o
1061 3363 1191 3398 floruit.

1230 1322 1365 1364 Ecclesiis
1391 1326 1425 1357 cb·
1446 1325 1629 1365 Monaflerits
1656 1333 1801 1367 impertiit
1826 1353 1837 1369 ,
1862 1336 1983 1363 tertiam
2007 1330 2109 1363 mtlitt·

1231 1373 1307 1413 bus,
1334 1380 1386 1416 qut
1408 1373 1564 1415 Ecclefiam
1586 1380 1680 1408 armis
1693 1385 1900 1420 protegerent,
1926 1378 2032 1412 babere
2041 1390 2111 1412 con·

1230 1423 1302 1462 ceffit
1317 1447 1324 1454 .
1351 1424 1575 1458 Communem
1587 1424 1686 1459 vitam
1700 1449 1712 1465 ,
1737 1437 1835 1469 quam
1847 1427 2029 1471 imposuere
2041 1439 2114 1463 om·

1233 1472 1328 1506 nibus
1351 1472 1665 1516 Hierosolymitanae
1687 1475 1837 1510 Ecclefiae
1858 1476 2008 1511 fidelibus
2020 1478 2112 1522 Apo·

1230 1521 1305 1555 stoli
1320 1544 1330 1560 ‚
1354 1523 1372 1556 a
1385 1523 1511 1557 cunetis
1522 1524 1658 1558 aliarum
1672 1524 1823 1570 gentium
1846 1526 1985 1561 Clericis
2000 1529 2113 1562 saltem

1230 1584 1267 1605 ac
1290 1572 1471 1606 Monachis
1492 1582 1670 1619 utcumque
1691 1575 1804 1610 servari
1815 1577 1964 1620 primaeva
1976 1576 2112 1613 Panum

1230 1622 1405 1665 disciplina
1422 1622 1531 1657 sanxit
1542 1645 1552 1656 .

1280 1670 1408 1706 Verum
1431 1672 1577 1717 pluribus
1598 1672 1633 1707 in
1655 1674 1737 1710 locis
1749 1676 1897 1711 sanctitas
1916 1677 1975 1712 ista
1985 1677 2112 1712 dudum

1230 1721 1326 1756 antea
1350 1720 1489 1757 defecit.
1517 1722 1653 1758 Etenim
1678 1725 1714 1759 in
1742 1725 2114 1771 Constantinopolitana

1230 1771 1336 1806 Sanffl
1348 1772 1502 1807 Flaviani
1522 1773 1715 1808 Patriarchae
1727 1776 1865 1818 Synodo
1883 1774 2036 1811 adversus
2047 1778 2115 1811 Eu·

1232 1818 1402 1865 tychetem
1419 1846 1430 1862 ,
1456 1821 1759 1859 Archimandritam
1782 1823 1905 1860 ibidem
1931 1838 2029 1870 atque
2041 1827 2119 1869 Ha<

1230 1870 1441 1913 renuebam,
1467 1872 1552 1907 dixit
1575 1875 1744 1910 accusator
1759 1875 1918 1910 Eusebius
1929 1877 2116 1920 Doryleen·

1230 1922 1270 1956 fis
1292 1920 1329 1954 in
1341 1921 1488 1966 Phrygia
1514 1923 1713 1968 Episcopus:
1740 1929 1840 1959 Metuo
1860 1925 2032 1965 Eutycbetts
2051 1938 2118 1960 con·

1230 1972 1376 2013 cuffionem
1388 1997 1396 2004 .
1424 1975 1491 2016 Ego
1512 1981 1630 2016 pauper
1644 1973 1714 2017 sum
1734 2000 1746 2016 ,
1771 1976 1850 2009 nibil
1863 1977 2027 2018 poffidenr.
2055 1980 2117 2009 Mt-

1232 2030 1324 2055 natur
1344 2021 1419 2055 mtbt
1442 2023 1567 2056 exilium
1579 2047 1590 2063 ,
1616 2025 1742 2058 divitias
1753 2025 1861 2060 babet.
1890 2026 2021 2070 Utique
2041 2026 2116 2061 Coe-

1233 2071 1339 2106 nobio
1367 2073 1425 2106 suo
1453 2073 1595 2116 proprias
1616 2098 1627 2113 ,
1652 2075 1689 2108 δε
1714 2074 1756 2109 ab
1782 2076 1932 2119 Episcopi
1957 2076 2118 2119 potestate

1232 2131 1400 2164 exemptas
1425 2145 1432 2153 .
1461 2122 1514 2155 De
1539 2122 1640 2156 nimia
1666 2123 1911 2159 Monachorum
1947 2125 2119 2169 opulentia

1234 2171 1366 2215 questus
1381 2182 1461 2205 tunc
1486 2170 1549 2205 fuit
1560 2182 1629 2206 non
1641 2173 1747 2208 solum
1773 2173 1925 2220 Paganus
1939 2174 2042 2210 homo
2054 2175 2120 2210 Zo-

1234 2231 1351 2262 zymus
1363 2245 1375 2261 ,
1400 2219 1454 2254 sed
1464 2221 1565 2255 etiam
1578 2223 1712 2256 sanstus
1725 2223 1974 2266 Hieronymus,
1994 2226 2029 2258 ἀ
2039 2226 2119 2258 San-

1233 2272 1300 2304 &us
1326 2269 1468 2311 Ioannes
1494 2268 1751 2312 Chrysostomus
1775 2296 1786 2312 ,
1819 2273 1959 2316 graviter
1984 2274 2120 2317 culpans

1234 2319 1332 2357 illos,
1358 2329 1500 2362 quorum
1522 2317 1562 2352 ad
1575 2319 1799 2355 Monasticam
1823 2322 2050 2365 profeffionem
2063 2324 2121 2358 ad·

1234 2368 1425 2412 spirantium
1439 2369 1540 2412 prima
1553 2379 1621 2403 erat
1632 2371 1778 2413 quaestio,
1809 2372 1864 2405 An
1876 2371 2120 2407 Monastetium

1234 2417 1311 2454 esset
1337 2417 1551 2452 commodum
1576 2419 1610 2453 δε
1635 2420 1828 2462 opulentum
1851 2446 1858 2454 .
1886 2422 1992 2469 Qod
2018 2424 2119 2458 etiam

1238 2468 1396 2503 Africana
1428 2467 1590 2503 Coenobia
1617 2467 1788 2504 habuerint
1815 2473 1962 2515 proprios
1987 2483 2125 2516 proven·

1236 2526 1309 2558 tus,
1336 2517 1457 2551 docent
1469 2518 1639 2554 varialoca
1668 2521 1775 2555 Sancti
1788 2521 1984 2567 Augustini.
2013 2524 2123 2558 Avara

1239 2566 1447 2612 quorundam
1465 2568 1702 2611 Episcoporum
1729 2571 1903 2614 rapacitas,
1931 2583 1968 2606 ac
1994 2573 2028 2605 in
2049 2573 2126 2606 Mo·

1242 2616 1366 2651 nachos
1377 2617 1496 2651 duritia
1507 2628 1689 2662 coegerunt
1703 2620 1876 2654 Ecclesiam
1894 2622 1934 2655 ad
1946 2620 2123 2657 dividenda

1243 2667 1361 2701 horum
1383 2667 1493 2708 bona,
1519 2664 1693 2703 eximenda
1719 2670 1760 2704 ab
1786 2669 1883 2703 omni
1905 2670 2040 2704 istorum
2068 2682 2124 2714 po·

1245 2717 1379 2758 testate,
1405 2718 1439 2751 ὅ(
1462 2716 1634 2752 Abbatum
1657 2719 1733 2754 fidei
1759 2730 1797 2753 ac
1807 2718 1984 2764 diligentiae
1996 2720 2123 2756 creden—

1245 2768 1287 2801 da
1301 2791 1308 2799 .
1336 2767 1385 2801 lta
1405 2767 1446 2801 de
1462 2778 1550 2801 novo
1577 2780 1630 2811 per
1642 2768 1827 2803 Gratiosam
1842 2769 2045 2805 Abbatissam
2071 2782 2126 2804 ex·

1249 2818 1368 2850 ssrusto
1390 2817 1598 2852 Monasterio
1620 2819 1739 2861 scripsit
1759 2819 1798 2853 ad
1811 2820 2026 2854 Fortunatam
2038 2820 2125 2854 Nea·

1251 2867 1434 2910 politanum
1466 2868 1665 2910 Episcopum
1688 2869 1822 2902 Sanetus
1848 2870 2026 2913 Gregorius
2052 2870 2126 2905 Ma-

1252 2926 1335 2961 gnus
1347 2929 1357 2948 ‚⁶
1384 2921 1419 2948 In
1431 2919 1529 2951 eodem
1541 2917 1710 2957 Monasterto
1731 2930 1822 2960 neque
1833 2922 2026 2952 Frater-nitas
2048 2929 2102 2954 tua
2112 2944 2124 2960 ‚

1253 2977 1346 3008 neque
1359 2967 1520 3004 Presbyteri
1541 2976 1654 3009 praeter·
1672 2967 1857 3011 diligentiam
1882 2967 2047 3012 disbipltnae
2071 2971 2128 3003 alt-

1254 3016 1327 3058 qus'd
1335 3014 1524 3055 molestiarum
1535 3016 1672 3058 inferant
1684 3041 1691 3049 .
1724 3022 1780 3049 Aut
1797 3016 1909 3060 fiqutd
1921 3027 1979 3060 pro
1999 3018 2128 3062 diverso-

1254 3077 1319 3099 rum
1330 3067 1481 3099 devott'one
1490 3067 1703 3100 commoditatts
1724 3068 1885 3110 accesserit,
1906 3068 1962 3109 fibt
1985 3069 2128 3108 aesttment

1255 3118 1473 3148 vendicandum
1496 3140 1507 3156 ,
1527 3115 1592 3157 five
1616 3128 1722 3149 aurum
1744 3141 1755 3157 ,
1773 3115 1835 3158 five
1856 3129 2011 3162 argentum
2034 3143 2044 3158 ‚
2065 3117 2127 3160 five

1251 3166 1398 3206 praedt'um
1413 3191 1422 3206 ,
1443 3165 1507 3207 five
1530 3166 1734 3205 vestimentum
1756 3191 1766 3207 ‚
1792 3167 1921 3200 omnibus
1943 3170 2039 3201 modis
2062 3179 2130 3201 con-

1249 3214 1363 3254 struem
1370 3214 1650 3257 praefatapoffideat
1662 3240 1672 3256 ,
1697 3217 1761 3248 ciem
1776 3218 1897 3250 Ancillts
1911 3220 1965 3251 Dei
1989 3225 2021 3250 tn
2031 3219 2140 3250 eodem'

1254 3267 1311 3296 loco
1319 3263 1514 3307 servientibus
1528 3266 1632 3298 debeat
1642 3266 1777 3307 proficere
1790 3269 1941 3309 quidquid
1961 3266 2058 3307 offerri
2077 3267 2134 3298 tbi-

1257 3315 1321 3346 dem
1344 3322 1491 3358 contigeret
1507 3338 1514 3346 .
1543 3314 1584 3348 Et
1609 3317 1745 3348 mobilia
1772 3317 1804 3350 ὃς
1834 3315 2016 3350 immobilia
2043 3315 2133 3349 istius

1257 3363 1409 3398 Coenobi
1433 3364 1518 3398 bona
1543 3365 1613 3397 vult
1634 3365 1674 3398 ab
1687 3367 1779 3399 omni
1806 3366 1956 3408 Episcopi
1977 3367 2133 3407 potestate

1255 3414 1287 3446 &
1303 3414 1582 3448 administratione
1595 3417 1656 3449 esic
1667 3425 1825 3458 exempta.
1841 3415 1882 3449 Et
1893 3415 1933 3449 de
1945 3426 2034 3448 novo
2047 3415 2137 3449 Mas-

1974 3464 2089 3498 filienfi
