2352 3756
363 117 464 158 290

288 235 472 272 notiffimus
483 256 494 273 ‚
512 230 555 266 ad
566 242 664 276 quem
675 232 819 280 Magnus
827 229 1065 269 Constantinus
1076 230 1166 269 dedit

288 286 391 322 varias
410 284 535 318 litteras
554 282 588 317 &
600 283 705 328 leges.
817 290 819 294 ’

338 337 383 371 Et
394 333 472 369 hinc
483 333 602 379 prodiit
614 330 875 370 Christianorum
883 341 1066 376 temporum
1079 340 1163 369 mos,

287 397 386 432 quem
398 386 434 420 in
446 385 533 421 libro
543 383 711 420 adversum
726 383 918 418 Waldenses
930 380 1041 416 laudat
1048 380 1164 415 Petrus

134 432 213 472 93³9·
227 428 550 472 30·Pilichkiorffius:
579 438 645 470 Has
666 434 872 476 Indulgentias
885 455 896 472 ‚
920 431 987 471 lieet
1009 431 1056 464 ad
1065 431 1165 464 diver-

283 486 327 533 sa
344 489 405 522 loca
417 511 428 528 ‚
455 487 489 521 (9
501 494 558 528 pro
583 482 706 524 diverfis
731 481 866 524 operibus
883 485 1011 522 pietatis
1032 480 1163 514 Praelati

289 536 423 581 Ecclefiae
434 538 508 571 dare
516 535 641 569 valeant
652 555 664 571 ,
683 541 785 564 tamen
794 531 924 565 crebrius
937 543 989 565 eas
1012 531 1164 572 conferunt

287 594 322 622 in
341 590 408 622 locis
429 611 441 628 ‚
466 585 517 620 ubi
533 582 659 627 sanguis
677 582 831 623 plurimus-
849 584 1014 620 Martyrum
1033 578 1162 623 effusus,

287 637 447 681 utfat‘lum
467 635 505 675 est
529 636 654 672 Romae,
681 630 817 668 (naabi.
844 634 927 674 Ergo
947 635 1109 672 Rorm'petae
1127 631 1162 665 ό*

286 690 340 722 alii
358 688 530 730 peregrini,
553 688 610 724 pia
632 686 796 716 intentione
822 679 945 715 &retia
959 682 1026 715 illuc
1037 686 1159 713 venien·

285 745 333 773 tes
343 761 354 778 ‚
379 742 527 768 meremur
541 743 594 766 eas
605 757 612 764 .
641 736 728 767 Nam
736 733 791 766 illa
800 734 937 764 Romana
965 728 1164 772 Civitas-spe·-

284 787 398 821 cialiter
408 787 428 817 ἃ
441 788 567 818 Domino
589 781 625 823 est
636 781 728 816 eleoea
738 805 750 822 ‚
775 780 825 814 ubi
835 792 893 814 non
909 779 1004 824 solum
1010 782 1160 823 plurimus

281 835 474 879 plurimorum
498 836 658 868 Marinum
676 829 797 875 sanguis
812 855 823 870 ,
843 829 900 874 sed
919 836 1011 864 etiam
1026 828 1162 874 glorioso-

284 898 352 921 rum
365 889 538 927 Principum
552 886 636 916 Pem·
657 882 691 916 Θ
702 881 790 915 Pauli
810 880 848 921 est
860 879 970 925 effusus
986 905 993 913 .
1018 879 1086 915 Uti
1100 882 1158 924 pri·

282 937 331 971 mi
361 936 472 971 fideles
496 932 537 967 ad
558 933 744 975 designatos
767 931 933 974 Martyres
956 927 992 965 &
1013 930 1158 974 ipsorum

283 974 413 1021 metalla
441 981 679 1026 confugiebant
700 983 735 1016 ἀ
756 991 920 1025 carceres3
945 981 990 1016 ita
1011 992 1072 1015 nos
1088 992 1158 1025 pec·

282 1039 408 1072 catores
427 1034 468 1068 ad
480 1034 720 1066 consummatos
741 1031 903 1073 Martyres
913 1030 1070 1066 habemus
1081 1042 1159 1066 con-

280 1086 415 1131 fugium
438 1109 449 1126 ,
477 1086 512 1118 ὅ(
534 1093 590 1126 per
610 1082 696 1123 ipsos
716 1082 734 1115 a
750 1080 873 1116 ‘nostris
898 1081 1068 1126 Episcopis
1087 1104 1099 1121 ,
1122 1082 1157 1116 &

281 1135 449 1181 praesertim
473 1134 514 1168 ab
533 1133 599 1176 ipsa
613 1131 737 1166 Divina
747 1131 941 1175 Majestate,
965 1143 1004 1166 ac
1025 1131 1094 1174 ejus
1114 1132 1155 1167 ad

280 1185 448 1220 dexteram
467 1185 614 1219 exaltato
626 1182 737 1216 nostro
759 1183 908 1225 supremo
921 1181 1084 1226 Episcopo
1107 1193 1159 1217 ve-

280 1236 370 1270 niam
383 1244 589 1280 peccatorum
601 1232 817 1276 supplicamus
826 1242 923 1276 atque
933 1232 1152 1276 impetramus.

280 1285 398 1321 Nostri
411 1284 587 1330 Episcopi,
613 1283 655 1317 de
666 1284 810 1327 ipsorum
822 1283 857 1316 in
871 1293 931 1317 nos
943 1283 1062 1326 pietate
1079 1295 1155 1317 con-

277 1336 347 1380 fisi,
371 1337 521 1379 aperiunt
533 1330 876 1368 Ecclefiaethesaurum
890 1357 901 1373 ,
926 1344 965 1367 ac
978 1333 1074 1366 nobis
1098 1333 1156 1366 im-

278 1381 450 1429 pendunt.
477 1385 547 1431 Qi
574 1395 647 1418 mos
667 1383 713 1418 est
734 1381 876 1416 omnino
895 1382 1153 1425 antiquissimus.

278 1436 414 1472 Etenim
436 1437 472 1470 in
496 1435 617 1478 quinto
638 1432 743 1467 Sanffl
767 1431 904 1475 Ioannis
924 1430 1150 1474 chrysostomi

276 1495 373 1520 tomo
382 1485 486 1520 exstat
496 1485 622 1522 Sermo,
632 1482 686 1516 cui
698 1481 752 1515 hic
761 1482 887 1516 titulus.-
901 1482 978 1515 Cum
990 1481 1151 1525 Episcopus

278 1540 444 1575 Martyrum
454 1536 535 1568 diem
553 1538 617 1566 ruri
629 1531 804 1566 celebratum
825 1531 957 1575 abiffl‘et,
985 1531 1152 1572 habituras!

277 1591 310 1620 in
329 1586 401 1620 urbe
415 1582 513 1629 sermo
531 1584 579 1617 'ad
595 1586 741 1621 Martyres
763 1605 771 1613 .
799 1581 943 1616 Extollit
964 1581 1152 1626 Martyrum

209 1629 211 1633 ¹
277 1637 415 1676 nie-rita,
435 1634 638 1678 &adjungit
657 1633 699 1667 de
721 1631 864 1675 ipsorum
889 1631 1051 1676 reliquiis:
1080 1631 1150 1666 Tbe-

273 1698 326 1722 ras
337 1693 428 1730 {gitur
437 1685 505 1719 illas
517 1695 580 1719 cum
588 1683 650 1726 fide
657 1682 880 1725 compleamur
891 1705 903 1721 ,
929 1680 1150 1724 inardescamus

274 1747 394 1777 mente,
417 1740 546 1779 gemitus
566 1733 787 1777 profundamus
801 1757 809 1764 .
837 1729 1017 1774 Multasime
1037 1732 1151 1765 anobis

275 1787 402 1830 admissa
413 1785 542 1825 denua,
560 1786 715 1827 &magna
725 1781 797 1825 sum
808 1780 1034 1824 nostrapeccata
1046 1806 1053 1814 .
1080 1785 1152 1815 Pro-

271 1839 379 1882 pterea
389 1838 485 1870 multa
496 1835 663 1873 medicina,
689 1834 722 1867 Θ
734 1833 872 1876 diligenti
898 1831 1058 1874 eonftffsone
1075 1834 1153 1866 indr-

271 1899 375 1932 gemus
388 1912 396 1919 .
423 1885 608 1926 Effuderunt
613 1882 791 1926 sanguinem
798 1880 897 1926 san&
910 1884 1053 1921 Martyres
1065 1907 1076 1923 ,
1095 1894 1153 1917 ocu·

275 1939 350 1979 limi
368 1935 531 1974 lachrymas
550 1934 608 1968 ribi·
618 1932 790 1975 effundant.
817 1932 935 1975 Voffunt
956 1932 1154 1972 &lachryme

269 1994 454 2031 peccatorum
474 1983 556 2030 fijgna
581 1983 762 2028 exstinguere
787 2007 794 2015 .
820 1982 939 2017 Multis
964 1981 1155 2038 exhortatur

275 2038 317 2072 ad
334 2038 447 2072 seriam
470 2035 762 2082 apudMartyrum
781 2030 892 2067 thecas
904 2033 1152 2076 poenitezfflam.

275 2088 470 2130 Antequam
490 2083 647 2129 populum
668 2081 708 2118 ad
730 2081 944 2117 suburbanam
967 2082 1153 2125 Martyrum

275 2137 449 2172 Basilicam
471 2135 624 2174 educeret
641 2158 652 2174 ,
686 2133 882 2167 declamavit
908 2132 1008 2166 istum
1036 2135 1154 2167 sermo-

276 2198 377 2229 nem,
402 2196 499 2229 atque
522 2183 567 2219 ita
578 2183 736 2228 populum
758 2181 799 2217 ad
814 2181 973 2224 ejusmodi
983 2183 1154 2218 confeffio·

276 2249 353 2273 nem
380 2238 415 2272 ὅ(
439 2233 668 2281 poenitentiam
696 2233 879 2276 praeparavit
900 2257 908 2265 .
937 2233 1095 2268 Lucidius
1122 2235 1156 2268 se

276 2287 415 2333 exponit
438 2287 472 2324 in
495 2283 699 2319 sermonibus
720 2283 759 2317 ad
782 2281 1035 2318 Antiochenam
1052 2294 1153 2328 popu-

276 2338 366 2373 lum.
395 2335 530 2372 Etenim
551 2335 587 2368 in
610 2335 802 2369 Sanctorum
824 2333 1014 2377 Martyrum
1033 2358 1045 2375 ,
1070 2344 1153 2376 quos

276 2388 456 2433 Imperator
470 2385 615 2430 Julianus
626 2383 822 2421 trucidarat,
849 2384 1014 2426 Iuventini
1036 2385 1153 2418 &Ma-

130 2449 262 2485 nom,40
276 2438 360 2473 :timi
381 2437 464 2472 festo
485 2435 668 2471 declamat:
698 2437 770 2467 Heri
789 2432 894 2466 beatus
917 2434 1050 2473 Babylas
1077 2461 1087 2474 ,
1112 2434 1153 2468 ab

278 2490 478 2533 Imperatore
503 2484 708 2519 Numeriano
749 2482 928 2517 trucidatus
962 2482 1154 2518 Antiochiae

280 2537 465 2575 Patriarcha
480 2561 490 2577 ‚
515 2547 578 2570 cum
590 2534 687 2569 tribus
694 2539 794 2578 pueris
806 2545 858 2567 nos
871 2532 918 2566 bic
939 2534 1132 2577 congregabat
1142 2559 1153 2575 ‚

282 2592 365 2624 hodie
376 2591 447 2623 vere
454 2596 513 2631 par
519 2585 542 2630 s
538 2586 690 2620 anchrum
699 2586 828 2617 militum
835 2590 868 2617 in
879 2587 939 2617 acle
953 2583 1062 2623 Christi
1073 2595 1154 2617 exer·

282 2647 370 2675 eitum
396 2638 520 2679 ostendit
545 2661 552 2668 .
577 2639 646 2670 Heri
671 2636 819 2678 quadriga
845 2637 1007 2672 Martyrum
1033 2658 1044 2674 ‚
1069 2633 1155 2668 bodie

285 2693 351 2735 biga
366 2691 399 2735 se
418 2688 555 2730 «stendit.
581 2691 682 2728 Impar
703 2696 801 2719 eorum
825 2682 863 2724 est
884 2693 963 2718 aetas
984 2708 996 2724 ,
1017 2682 1075 2727 sed
1089 2692 1151 2727 par

281 2742 382 2784 fidem
408 2746 499 2773 varia
509 2742 693 2776 certamlna,
715 2734 774 2778 sed
789 2735 893 2768 eadem
906 2733 1056 2776 fhrritudo
1069 2759 1076 2767 .
1102 2735 1153 2768 1111

285 2798 410 2831 tempore
424 2788 590 2832 superiores
612 2811 623 2828 ,
650 2786 683 2818 bi
701 2791 875 2819 recentiores
900 2810 907 2816 .
935 2783 1094 2827 Ejusmodi
1114 2784 1152 2825 est

287 2838 436 2882 thesaurus
448 2837 580 2879 Ecclesiae
592 2861 603 2877 ‚
631 2847 724 2870 novas
748 2836 908 2869 &veteres
930 2834 1021 2868 habet
1036 2847 1155 2878 marga·

288 2897 365 2924 ritas
375 2902 388 2931 ,·
411 2886 464 2931 sed
473 2900 533 2921 una
553 2886 589 2929 est
601 2892 729 2920 omnium
745 2891 866 2929 gratia.
895 2888 1011 2918 Eorum
1026 2884 1081 2925 flos
1106 2896 1154 2919 ne-

288 2951 342 2983 que
360 2937 517 2983 languescit
530 2961 540 2976 ‚
567 2947 658 2978 neque
686 2936 787 2974 defluit
804 2943 932 2977 tempore
947 2958 954 2966 .
982 2934 1084 2977 Nescit
1107 2946 1156 2969 ve-

291 2989 408 3031 tustatis
420 2989 582 3032 rubiginem
588 2982 755 3028 splemflm's
768 2984 847 3023 istius
859 2994 988 3017 natura.
1005 2989 1155 3027 Temporis

290 3040 435 3080 acceffione
447 3047 513 3080 opes
534 3047 599 3079 quae
618 3036 662 3067 ad
678 3044 797 3076 corpora
815 3032 975 3076 speAEant‚
995 3034 1093 3076 facile*
1113 3040 1156 3068 in·

293 3098 407 3125 rereunt
427 3113 438 3130 ,
460 3086 517 3131 sed
537 3097 593 3119 non
605 3084 645 3127 fic
663 3083 697 3127 se
719 3097 765 3118 rer
787 3083 874 3116 habet
895 3090 928 3117 in
947 3082 1156 3127 spiritualibus

293 3140 438 3182 thesauris
461 3156 471 3170 .-
499 3141 545 3171 De
567 3134 748 3173 martyribus
770 3159 781 3175 ‚
806 3139 951 3176 inquam,
978 3139 1027 3176 qui
1043 3133 1158 3178 semper

293 3196 326 3222 in
337 3192 433 3222 eodem
443 3191 617 3230 juventutis
633 3186 703 3226 flore
720 3182 812 3226 sunt,
836 3182 953 3225 semper
973 3184 1039 3228 [ιω
1054 3184 1157 3229 gloria

250 3238 252 3240 ’
294 3246 438 3272 virtutem
457 3244 595 3271 emittunt
614 3237 649 3270 ό·
669 3235 768 3267 radim
789 3258 795 3264 .
824 3235 918 3276 ,Quod
931 3231 1058 3276 scientes
1080 3246 1132 3267 vos
1145 3258 1155 3273 ,

296 3300 354 3323 non
366 3290 451 3320 aliter
458 3286 568 3330 priscos
581 3311 591 3327 ,
618 3287 704 3319 ahter
715 3288 886 3318 recentiores
910 3284 1001 3317 colitis
1021 3284 1141 3317 Sanaos
1151 3308 1158 3315 .

296 3335 501 3385 spiritualem
514 3336 661 3371 Ecclefiae
674 3333 858 3368 thesaurum
868 3332 984 3367 adserit
1001 3334 1158 3378 componi

296 3400 337 3423 ex
348 3385 470 3422 cunctis
481 3386 570 3419 fimul
582 3384 731 3422 adunatis
742 3384 925 3428 Martyrum
939 3383 1059 3419 meritis
1069 3408 1079 3425 ,
1103 3382 1160 3418 ho·

642 135 643 138 ¹
707 98 1134 157 Dissmino
1166 115 1232 146 nn
1269 116 1331 146 pa
1353 118 1677 166 cca-toarni«

289 182 426 219 aeds&
442 180 548 218 Sanni
561 179 677 225 Optati
689 160 726 216 ἐς
736 181 843 216 Sanni
853 178 1167 225 Augustiniscriptis
1548 166 1551 169 “

1230 192 1301 216 rum
1311 183 1440 218 nullum
1452 185 1616 222 exhauriri
1625 197 1774 234 tempore
1783 216 1796 235 ‚
1821 194 1962 243 ideoque
1978 198 2107 237 thesauss

1230 243 1302 266 rum
1321 231 1418 267 issum
1432 246 1600 280 nunquam
1623 240 1764 275 diminui
1772 242 1791 283 ζ·
1810 245 1865 279 sed
1882 247 2029 290 quotidie
2048 263 2103 287 au-

1229 283 1297 325 geri
1314 305 1322 314 .
1349 284 1387 317 ln
1401 285 1465 319 alia
1486 285 1624 323 homilia
1645 290 1799 326 Saniium
1825 292 2044 336 patriarcham
2064 304 2104 338 δε

1228 332 1408 374 Martyrem
1432 335 1600 380 ignatium
1621 340 1756 376 affirmat
1767 341 1883 379 Rotnae
1899 349 2041 392 paffum,
2064 354 2104 388 δε

1229 381 1417 429 antiochia
1435 387 1619 430 sepultum,
1644 391 1689 425 ita
1702 392 1857 435 profuisse
1878 396 2007 441 utrique
2023 400 2103 436 civi-

1228 433 1308 472 tati,
1332 434 1431 470 etiam
1453 438 1579 481 cunetis
1599 450 1654 483 per
1674 452 1752 485 quas
1773 442 1843 486 ejus
1860 446 2003 490 reliquiae
2017 459 2102 486 tran·

1226 482 1344 518 fierunt
1363 486 1575 530 civitatibus,
1601 490 1635 524 δι
1652 493 1878 537 prosequitur.-
1904 499 2103 540 ,Quemadmo-

1226 534 1298 566 dum
1309 533 1463 577 thesaurus
1486 540 1611 580 quidam
1626 549 1790 583 perpetuus
1801 567 1812 584 ‚
1837 551 1889 587 qui
1909 550 2041 589 quotidie·
2051 560 2102 584 ex·

1225 581 1363 618 hauritur
1382 587 1577 631 &nunquam
1600 590 1715 634 deficit,
1733 593 1775 635 fic
1782 599 1872 627 etiam
1894 597 1998 632 beatus
2010 603 2101 643 Igna-

1224 638 1284 666 tius
1294 635 1406 668 cundis
1416 638 1460 669 ad
1461 636 1494 680 J}
1504 641 1707 675 accedentibus
1716 642 1886 679 benedicens
1902 647 2016 689 fiducia
2027 674 2038 690 ‚
2063 651 2100 684 ὁ·

1218 683 1340 725 strenua
1362 689 1538 731 alac-ritate,
1563 702 1730 736 magnaque
1744 693 1926 735 fortitudine
1940 698 2043 740 plenos
2053 710 2100 733 re·
2117 733 2121 739 ‚

1224 739 1320 767 mittit
1328 737 1464 771 domum.
1491 743 1596 782 Itaque
1618 753 1675 775 non
1687 742 1772 777 bodie
1791 747 1933 786 tantum,
1954 746 2016 791 sed
2029 759 2100 790 que·

1224 785 1298 819 tidie*
1308 785 1455 830 adipsum
1464 790 1655 833 confluimus,
1676 792 1852 835 spirituales
1876 806 1915 830 ex
1924 807 1956 830 eo
1972 796 2099 838 fruare:

1220 840 1415 878 percipientes
1426 862 1433 869 .
1459 838 1608 883 ,Quisquis
1617 847 1698 875 enim
1718 855 1783 878 cum
1788 844 1851 887 fide
1862 847 1906 879 ad
1924 847 2007 881 illum
2017 858 2098 882 acce·

1223 885 1288 925 dit,
1313 890 1567 931 magnrraffi'citur
1577 891 1737 934 benefhiis.
1763 895 1955 930 sanctorum
1968 896 2098 942 Marty-

1221 944 1294 969 rum
1305 934 1345 969 ad
1358 938 1482 973 Divina
1504 939 1601 975 nobis
1610 945 1820 985 promerenda
1843 943 2000 980 beneficia
2012 948 2096 982 vires

1223 984 1391 1028 insigniter
1402 991 1615 1025 commendat
1625 1015 1636 1032 ,
1645 994 1678 1026 ὃ(
1688 994 1857 1029 concludit
1868 1008 1876 1028 ε
1903 997 1993 1030 Utilis
2001 1000 2096 1041 igmae

1220 1034 1332 1068 cunffls
1346 1035 1392 1069 bic
1404 1035 1560 1080 thesaurus
1569 1039 1628 1079 est,
1653 1043 1840 1087 &refugium
1845 1043 2002 1087 salutare,
2027 1055 2096 1081 ram

1221 1085 1284 1117 illis
1306 1091 1358 1128 qui
1373 1085 1457 1120 rebus
1477 1089 1560 1121 duris
1580 1098 1668 1132 atque
1688 1091 1798 1134 asperis
1817 1095 1984 1136 &peccatis
1998 1095 2094 1138 confli-

1220 1133 1340 1169 dantur
1350 1160 1361 1176 ‚
1386 1145 1421 1170 ut
1431 1137 1470 1170 ab
1481 1143 1519 1171 iis
1531 1139 1692 1174 liberentur
1703 1164 1715 1180 ,
1741 1153 1830 1184 quam
1839 1145 1898 1177 illis
1917 1145 2095 1190 quiprpspe-

1221 1187 1254 1218 re
1274 1196 1309 1219 ae
1324 1184 1455 1227 feliciter
1479 1189 1613 1232 degunt,
1637 1199 1673 1224 ut
1683 1192 1734 1224 diu
1748 1192 1895 1234 fruantur
1911 1194 1972 1227 illis
1990 1192 2113 1231 bauria.x

1223 1234 1371 1270 Ecclefiae
1382 1234 1563 1272 thesaurum
1575 1263 1586 1279 ,
1612 1251 1650 1274 ac
1661 1241 1729 1284 ejus
1742 1244 1775 1276 in
1786 1243 1938 1278 donanda
1950 1238 2100 1288 peccato-

1220 1295 1292 1319 rum
1318 1286 1499 1322 remiffione
1524 1288 1774 1326 indefestibilern
1800 1293 2095 1331 virtutemslucide

1221 1334 1404 1378 profitetur.
1433 1336 1622 1374 Peccatores
1642 1339 1750 1376 lucide
1772 1341 1921 1378 hortatur
1935 1366 1949 1385 ,
1975 1353 2108 1392 unfro·-

1219 1384 1379 1419 remiffion
1386 1386 1414 1420 is
1422 1388 1525 1431 gratia
1531 1388 1687 1424 accedant
1695 1392 1996 1427 consummatorum
2006 1393 2097 1438 Mani

1219 1444 1330 1478 tyrum
1341 1436 1491 1471 Basilicas
1501 1462 1513 1478 ,
1535 1440 1581 1473 uti
1591 1440 1673 1474 olim
1683 1441 1825 1483 ipsorum
1835 1453 1982 1486 parentes
1992 1440 2106 1481 acces-²

1218 1486 1322 1521 serant
1349 1486 1582 1523 confessorum
1605 1490 1738 1526 metalla
1757 1515 1771 1533 ‚
1793 1493 1827 1528 ὅ(
1846 1492 2092 1539 designatorum

1218 1535 1404 1579 Martyrum
1414 1548 1553 1574 carceres
1562 1563 1570 1571 .

1267 1585 1370 1632 Qudd
1383 1586 1436 1620 isti
1447 1587 1583 1624 acceffui
1593 1587 1623 1624 A
1627 1589 1802 1634 postolicas
1812 1592 1931 1629 Clavae
1941 1603 2022 1633 tunc
2032 1594 2095 1632 ali-

1217 1636 1352 1678 quando
1373 1636 1582 1680 adjunxerint
1593 1638 1747 1685 Episcopi
1760 1666 1771 1682 ‚
1795 1643 2092 1680 accedentiumsa·

1216 1685 1415 1721 tissa-{tiones
1439 1697 1496 1731 per
1520 1698 1664 1733 apertum
1696 1690 1882 1728 thesaurum
1907 1693 2091 1738 adjuverint

1217 1743 1313 1778 atque
1325 1735 1549 1780 mitigaverint
1560 1762 1572 1779 ,
1599 1739 1674 1775 licet
1684 1740 1854 1777 evidenter
1869 1742 2093 1779 demonstrare

1217 1794 1285 1819 non
1308 1786 1422 1828 poffim
1443 1793 1455 1827 ,“
1478 1787 1632 1823 existimo
1663 1797 1774 1825 tamen
1796 1791 1881 1834 apud
1902 1793 2094 1828 omneseffe

1218 1833 1440 1870 indubitatum
1456 1861 1466 1870 .
1498 1836 1631 1873 Etenim
1657 1850 1727 1874 non
1748 1839 1877 1875 tantum
1899 1841 1976 1878 ante
1997 1866 2010 1884 ,
2033 1841 2091 1879 sed

1215 1885 1313 1919 etiam
1337 1885 1406 1928 post
1428 1886 1545 1932 Magni
1569 1888 1781 1924 Constantini
1802 1900 1968 1934 tempora,
1990 1893 2024 1927 δε
2044 1892 2091 1927 ab

1215 1934 1275 1969 illo
1298 1935 1409 1970 datam
1430 1935 1580 1971 Ecciefiis
1601 1948 1712 1981 pacem
1727 1938 1881 1984 Episcopi
1898 1940 2090 1977 constanter

1217 1995 1420 2030 perrexerunt
1443 1986 1519 2022 dare
1528 1987 1775 2033 indulgentias,
1798 1990 2005 2034 &lapsorum
2021 2002 2097 2036 poe·

1216 2035 1371 2069 nitentias
1383 2036 1536 2081 mitigare
1550 2062 1558 2069 .
1582 2037 1807 2073 Duodecimus
1823 2039 1954 2075 Nicaeni
1964 2041 2091 2076 Conci·

1217 2086 1253 2119 lii
1264 2085 1384 2120 Canon
1392 2086 1425 2119 in
1438 2085 1609 2121 Liciniana
1621 2089 1842 2130 persecutione
1852 2089 1958 2134 lapsos
1967 2090 2090 2127 militm

1216 2136 1351 2171 damnat
1362 2134 1402 2169 ad
1413 2135 1526 2170 decem
1537 2147 1699 2172 annorum
1708 2139 1935 2182 poenitentiam
1946 2164 1958 2181 ,
1983 2139 2091 2176 &hos

1217 2186 1260 2220 fic
1270 2184 1435 2219 distribuit
1444 2197 1453 2218 τ
1462 2186 1526 2227 Post
1536 2191 1658 2234 triennii
1666 2196 1797 2231 tempus,
1805 2200 1861 2233 quo
1871 2195 1950 2225 inter
1960 2191 2090 2225 Audien-

1217 2246 1261 2270 tes
1282 2244 1368 2269 erunt
1387 2241 1420 2268 in
1429 2235 1588 2277 afflifflone
1602 2245 1801 2278 permaneant
1812 2263 1820 2271 .
1846 2240 1926 2279 Hoc
1944 2240 1990 2275 est
2003 2263 2015 2281 ,
2041 2241 2092 2275 se·

1218 2296 1307 2329 ptem
1328 2285 1422 2319 annis
1444 2285 1699 2321 substernantur.
1726 2287 1904 2324 Substratio
1923 2299 1990 2325 erat
2001 2300 2088 2324 vera·

1217 2335 1298 2370 citer
1317 2336 1472 2370 afflistio.
1499 2335 1543 2370 Et
1562 2335 1682 2371 Canon
1706 2336 1856 2382 adjungit
1876 2350 1884 2370 :
1909 2340 1972 2373 Sed
1987 2343 2020 2371 in
2038 2337 2088 2372 bis

1218 2385 1355 2419 omnibus
1378 2384 1556 2428 Propofieum
1574 2388 1609 2421 <St
1626 2384 1751 2429 speeiem
1766 2392 1955 2429 punitentia·
1975 2395 2091 2431 opmee

1216 2437 1373 2478 explorare
1382 2459 1389 2467 .
1408 2437 1559 2479 ,Quotquot
1569 2439 1649 2470 enim
1658 2447 1736 2471 metu
1749 2461 1761 2477 ,
1770 2438 1804 2471 Θ
1813 2436 1968 2477 lacbnmrs
1978 2460 1990 2478 ,
1998 2447 2088 2481 atque

1211 2489 1357 2528 patientia
1371 2508 1382 2525 ,
1407 2487 1459 2519 vel
1467 2485 1550 2518 bonis
1568 2486 1703 2528 operibus*
1715 2511 1726 2527 ,
1750 2486 1836 2520 rebus
1848 2487 1917 2531 ipfis
1936 2485 2090 2530 converfio·

1215 2544 1282 2569 nem
1293 2532 1314 2578 s
1309 2546 1378 2568 uam
1381 2532 1443 2576 fine
1447 2533 1628 2576 fimularione
1646 2536 1845 2576 demonstrant
1855 2561 1868 2577 ,
1893 2536 1926 2570 bi
1935 2538 2089 2581 definitum

1215 2592 1330 2627 tempus
1345 2586 1514 2619 Auditum
1535 2586 1690 2627 implentes
1703 2610 1715 2626 ,
1740 2596 1804 2620 tum
1813 2587 1929 2620 demum
1948 2587 2088 2630 fidelibus

1215 2640 1247 2668 in
1269 2640 1400 2668 oratione
1418 2641 1629 2678 communicent
1650 2660 1658 2668 .
1685 2636 1868 2677 Postmodum
1892 2639 1962 2671 vm)
1987 2636 2087 2672 licebit

1216 2683 1360 2727 Epiftopo
1368 2686 1406 2718 de
1418 2684 1465 2718 his
1475 2686 1593 2728 aliquid
1601 2685 1758 2719 humanius
1768 2691 1894 2730 cogitare
1904 2711 1912 2718 .
1931 2685 2086 2732 Qatuor

1217 2735 1371 2778 palmares
1378 2735 1415 2769 &
1425 2735 1510 2777 quasi
1520 2734 1742 2770 substantiales
1751 2735 1890 2780 antiquae
1899 2736 2088 2772 fitisfactio·

1219 2785 1267 2819 nis
1285 2795 1391 2828 partes
1410 2794 1501 2819 erant
1526 2785 1638 2820 Fletus
1650 2809 1660 2826 ,
1686 2784 1828 2820 Auditio
1845 2809 1857 2825 ‚
1883 2784 2088 2828 Substratio,

1216 2837 1248 2869 &
1261 2834 1477 2869 Consistentia
1491 2859 1498 2866 .
1525 2835 1567 2868 Et
1578 2836 1727 2869 omnium
1748 2834 1910 2869 duriffima
1929 2846 1995 2870 erat
2006 2834 2090 2869 Sub-

1218 2884 1327 2920 stratio
1338 2911 1345 2918 .
1377 2884 1423 2920 At
1434 2896 1508 2919 ecce
1519 2884 1690 2919 Nicaenum
1702 2884 1891 2919 Concilium
1905 2885 2062 2927 permittit
2077 2908 2093 2924 ,

1219 2946 1253 2969 ut
1274 2935 1345 2969 vere
1367 2935 1451 2970 intra
1471 2934 1686 2968 Auditionetn
1710 2933 1941 2977 poenitentibus
1952 2945 2091 2970 omnem

1219 2984 1449 3020 Substrationis
1458 2985 1669 3019 afflietionem
1690 2983 1783 3027 plene
1795 2986 1941 3019 remittat
1956 2985 2095 3028 Episco-

1220 3046 1294 3078 pus,
1324 3035 1471 3079 ipsosque
1487 3032 1674 3068 immediate
1695 3034 1891 3068 transmittat
1913 3033 1954 3069 ad
1973 3033 2092 3068 Confi·

1221 3084 1389 3119 stentiam.
1420 3084 1463 3118 Et
1473 3084 1571 3118 etiam
1591 3084 1660 3117 iilic
1677 3084 1802 3128 cogitet
1824 3083 1865 3117 de
1877 3084 1946 3127 ipsss
1967 3082 2093 3127 aliquid

1222 3133 1417 3174 humaniui,
1442 3132 1508 3168 hoc
1525 3133 1569 3167 est
1583 3157 1594 3173 ,
1619 3133 1719 3167 etiam
1743 3134 1830 3168 istud
1841 3143 1969 3176 tempus
1981 3133 2094 3169 abbre-

1223 3185 1286 3219 viet
1296 3209 1306 3224 ,
1317 3186 1465 3229 ipsosque
1477 3183 1642 3233 impartiat
1654 3183 1871 3218 perfectione.
1902 3183 1960 3217 Est
1972 3184 2092 3218 Canon

1222 3237 1337 3269 Sant'to
1351 3234 1521 3279 Cypriane
1529 3233 1629 3278 longe
1638 3233 1832 3268 clementior
1844 3258 1851 3267 .
1877 3234 1936 3268 lile
1945 3231 2035 3268 eniin
2045 3234 2096 3267 so-

1222 3284 1271 3318 los
1280 3286 1377 3328 plenae
1385 3282 1591 3318 satisfactioni
1602 3283 1770 3326 proximos
1783 3283 1888 3318 voluit
1898 3283 2012 3317 donari
2025 3291 2095 3326 gra-

1223 3335 1268 3367 tia
1281 3349 1292 3368 :
1306 3335 1348 3369 Et
1362 3333 1567 3368 manifestum
1579 3333 1624 3367 est
1639 3331 1822 3368 Audientes
1833 3331 1943 3366 abina
1956 3331 2098 3374 plenitu-

1222 3384 1299 3420 dine
1319 3381 1495 3428 plurimum
1508 3382 1627 3419 abeffe.
1653 3382 1690 3416 In
1704 3380 1883 3418 Maximini
1901 3381 2095 3427 persecutio·

2008 3443 2051 3466 ne
