2352 3756
89 503 128 531 A.
146 506 228 538 1164.

70 2829 130 2860 Lib.
141 2840 164 2859 r.

69 2872 118 2908 Ep.
137 2882 182 2901 20.

775 113 1590 158 CONCILIABOLUM.

1939 137 2029 179 315

274 196 434 245 Episccpo
449 224 458 240 ‚
484 200 518 234 &
539 197 689 242 adjungit
711 208 719 228 ι
747 197 798 229 Ad
816 195 893 228 hunc
910 193 1006 238 solum
1033 198 1160 227 Romam·
1221 200 1304 238 Hugo
1315 199 1428 226 nomine
1447 219 1458 234 ,
1482 198 1631 230 candidus
1650 200 1753 240 facie,
1781 205 1955 245 nigerrimus
1968 213 2082 237 mente.

273 250 431 293 Pontificts
443 248 614 293 consecratio
621 252 755 290 pertinet
768 272 775 278 .
805 245 848 278 Et
860 245 927 288 ejus
935 243 1157 289 Anti-Papam

267 301 492 335 Ostavianum
514 324 524 340 ,
553 301 606 332 seu
637 297 766 331 Pseudo
781 313 793 321 -
804 295 971 329 Victorem
1007 305 1157 338 quartum

263 352 411 386 >affirmat
431 350 526 385 fuisse
547 348 770 383 consecratum
792 344 833 379 ab
871 345 1035 388 Episcopo
1072 344 1159 378 Mal-

265 401 412 444 ·phitano
427 425 438 441 ,
463 398 685 434 Ferentinenfi
700 421 711 437 ,
723 397 757 431 δε
769 395 966 429 Tusculano
982 393 1158 438 ,additque

266 452 366 486 fuiffe
378 449 479 494 ausum
489 454 678 483 temerarium
695 473 701 480 .
731 446 841 479 Etiam
852 444 1025 478 octaviani
1039 445 1158 478 succes·

264 503 376 535 sorem
397 498 730 534 Pseudo-paschalem
755 495 886 529 tertium
898 517 908 533 ‚
934 494 1024 537 quod
1037 494 1054 527 a
1073 495 1156 528 Leo-

266 550 373 584 ·diensi
417 548 582 593 Episcopo
615 548 765 581 Henrico
799 545 1002 579 consecratus
1037 545 1155 585 fuerit,

264 600 404 643 culpant
417 598 590 632 Albericus
603 623 613 638 ,
638 598 673 631 &
686 594 884 630 Godefridus
905 594 1059 628 Coloniae
1078 595 1152 627 Mo·

264 649 396 684 machus
410 649 450 683 ad
462 651 612 684 Sanctum
628 646 878 680 pantaleonem.
909 644 1037 677 Eodem
1053 643 1152 687 igitur

266 699 473 733 *meritiffirno
494 699 563 742 jure
587 696 790 731 Geberardus
813 693 1064 738 Salisburgensis
1078 692 1151 736 Epi-

269 750 387 793 scopus
397 749 566 783 damnavit
579 746 825 781 ordinationem
846 743 998 777 Guiberti
1010 766 1017 773 .

319 797 496 833 Guibertus
516 808 583 831 erat
611 807 690 830 tunc
710 795 835 839 pridem
859 794 1064 826 consecratus
1076 792 1150 835 Epi-

256 842 403 892 'scopu8‚
434 846 571 890 ideoque
595 856 649 888 per
678 843 921 877 ordinationem
943 841 1085 885 intelligi
1097 842 1150 876 de-

260 897 323 933 'bet
334 896 463 941 Papalis
473 894 646 929 coronatio
659 894 711 927 seu
728 891 983 926 inthronizatio.
1013 892 1102 925 Nam
1114 893 1148 926 &

268 948 337 982 haec
357 948 472 991 spestat
499 946 539 980 ad
567 944 779 978 Hostiensem
813 943 1008 985 Episcopum
1033 964 1040 973 .
1067 943 1148 976 Gui-

271 999 401 1032 lielmus
428 997 586 1031 Romanae
620 994 768 1028 Ecclesiae
799 991 1076 1026 Bibliothecarius
1096 1005 1147 1026 ex-

268 1050 365 1091 ponit
389 1046 485 1089 hujus
505 1043 729 1079 conventiculi
765 1043 846 1076 Aeta
870 1067 881 1082 ,
907 1054 946 1076 ac
978 1042 1144 1085 praesertim

269 1097 420 1132 Guiberti
437 1093 766 1130 inthronizationem:
795 1097 880 1125 Hunc
893 1094 1003 1132 talem,
1032 1093 1144 1134 utique

266 1148 466 1182 Guibertum
480 1170 491 1186 ,
517 1149 662 1178 Henricus
678 1147 744 1177 Rex
755 1143 895 1174 adoravit
909 1150 1023 1182 pronus
1036 1147 1068 1173 in
1086 1151 1143 1175 ter-

265 1209 332 1229 ram
345 1220 355 1236 ,
381 1203 425 1229 cui
445 1201 555 1236 etiam,
578 1193 721 1236 suadente
745 1190 869 1232 Dronyfio
879 1193 1048 1224 Placentino
1068 1195 1143 1233 Epi-

261 1247 367 1290 scopo,
387 1249 498 1288 Juraffe
520 1246 651 1287 offeritur
665 1268 675 1284 ,
701 1252 734 1276 ut
760 1242 799 1275 ab
821 1254 852 1275 eo
870 1245 992 1283 Imperii
1010 1252 1142 1274 coronam

264 1304 422 1339 acciperet.
436 1297 523 1340 ,Quid
527 1298 619 1337 plura
631 1295 642 1327 ἒ
654 1298 706 1325 lta
712 1298 839 1334 pexatt‘s
851 1292 1038 1335 exigentibus
1048 1316 1058 1331 ,
1085 1304 1140 1324 om-

264 1359 317 1380 nes
329 1353 380 1389 qui
391 1347 520 1379 aderant
530 1342 691 1387 praesentes
705 1368 715 1383 ‚
735 1352 833 1375 mente
847 1348 983 1374 excaecati
989 1340 1061 1383 sunt
1074 1366 1083 1380 ‚
1107 1351 1140 1374 ut

261 1409 321 1430 non
331 1395 507 1439 respicerent
521 1397 620 1428 coelum
632 1417 642 1432 ,
664 1391 723 1435 sed
743 1394 786 1424 ad
803 1394 867 1434 ejus
882 1391 1003 1434 vestigia
1014 1390 1139 1433 osculan-

260 1449 305 1479 da
314 1471 324 1486 ‚
333 1446 410 1488 prob
422 1447 501 1478 dolor
514 1470 522 1484 ‚
531 1443 593 1487 sese
603 1448 719 1485 pariter
733 1451 775 1474 ter
788 1448 983 1474 incurvarent
997 1465 1003 1471 .
1031 1444 1084 1472 ΗΜ
1094 1447 1137 1473 ita

231 1524 238 1529 .
254 1496 389 1538 peraffls
402 1520 412 1535 ,
427 1499 493 1528 Rex
505 1499 537 1527 in
553 1502 689 1534 apertam
701 1490 830 1532 haerefim
841 1489 953 1533 lapsus,
966 1492 1009 1523 ad
1015 1498 1140 1532 propria

258 1551 294 1577 in
316 1545 443 1578 Ollavt's
466 1543 659 1585 Apostolorum
679 1540 817 1585 regreffus
830 1539 888 1582 est3
918 1540 1076 1573 Guibertus
1088 1552 1137 1574 ve-

254 1597 293 1627 ro
319 1594 510 1636 baerefiarcha
536 1618 546 1633 ‚
573 1592 726 1636 infignitus
753 1590 919 1632 Papaltbus
956 1590 1136 1633 infignffius,

255 1652 323 1677 'cum
334 1644 517 1685 complicibus
527 1641 589 1685 fisis
597 1641 735 1683 pompose
758 1645 890 1673 intravit
912 1642 1052 1672 Italtam.
1083 1640 1135 1673 Et-

257 1694 326 1727 iam
340 1695 372 1727 in
397 1694 520 1727 avitum
543 1690 672 1735 Papalis
684 1688 940 1723 consecrationis
958 1689 1068 1721 locum
1082 1687 1136 1722 hic

254 1749 441 1777 'conventus
467 1742 604 1786 impegit
631 1766 638 1773 .
666 1740 754 1782 Papa
777 1739 889 1777 enim,
916 1738 973 1770 nifi
996 1737 1132 1782 graviffi

256 1804 312 1827 ma
337 1792 499 1826 neceffitas
522 1790 695 1833 impediat,
719 1788 898 1822 consecrari
910 1787 1006 1821 debet
1020 1789 1136 1821 Romae

249 1842 292 1876 in
319 1839 479 1876 Vaticana
502 1840 662 1879 Basilica,
690 1838 731 1872 ad
757 1847 871 1880 corpus
893 1837 1000 1871 Sancti
1028 1836 1135 1871 Petri.

254 1890 424 1926 Vistorem
438 1891 569 1926 tertium
583 1915 593 1931 ,
621 1888 784 1922 Guiberto
798 1887 986 1920 Romanam
1002 1885 1131 1922 Urbem

253 1951 437 1986 occupante
450 1966 460 1982 ,
470 1941 562 1974 fuiffe
578 1939 714 1974 electum
727 1936 835 1972 scribit
847 1935 1013 1981 Magnum
1027 1935 1131 1981 Belgii

252 1991 449 2026 Chronicon
472 2015 483 2030 ,
509 2002 606 2033 atque
630 1988 779 2032 adjungit
802 2012 808 2018 .
838 1986 978 2019 Villorem
1002 1991 1132 2019 invitum

247 2048 342 2084 pauci
364 2043 402 2074 de
421 2043 562 2072 Romanis
583 2040 628 2071 ad
645 2039 757 2070 culmen
775 2035 885 2078 summi
902 2037 1059 2068 sacerdotis
1068 2045 1130 2069 tra-

251 2090 352 2131 bunt,
377 2088 575 2132 corruptisque
597 2093 727 2130 pecunia
754 2089 905 2126 Leonianf
916 2086 1003 2117 Urbis
1014 2085 1131 2124 custodi·

250 2139 327 2181 bus,
353 2141 387 2174 ob
409 2149 518 2173 metum
541 2137 712 2181 Schismatis
728 2161 737 2176 ‚
765 2135 844 2167 ποθι
855 2133 1081 2176 consecrandum
1096 2143 1128 2169 in

250 2190 381 2233 Ecclefia
405 2190 484 2223 beart
507 2192 591 2221 Petri
613 2188 757 2220 inducunt
773 2210 780 2217 .
804 2185 917 2218 Tanta
936 2184 980 2218 est
1003 2186 1127 2219 neceffi·

249 2249 320 2281 tas,
347 2250 384 2273 ut
402 2238 602 2273 consecratio
626 2235 802 2279 accipiatur
826 2236 859 2267 in
880 2234 938 2268 issa
963 2235 1124 2269 Ecclefia.

247 2289 295 2324 Et
321 2301 389 2324 non
413 2289 452 2323 de
464 2289 559 2326 nodie
572 2286 674 2329 accipi
688 2285 783 2319 debet
795 2310 804 2325 ,
833 2283 885 2317 sed
897 2282 976 2318 hora
988 2285 1053 2318 diei
1066 2294 1125 2319 ter·
1138 2322 1141 2329 ¹

245 2340 314 2372 tia.
343 2338 458 2373 Victor
470 2334 728 2374 maluithoram‚
754 2335 849 2379 quam
871 2334 980 2368 locum
999 2334 1123 2379 dispen-

244 2389 366 2423 satorie
377 2388 523 2432 praeteriri
535 2413 542 2420 .

298 2438 438 2473 Duravit
458 2438 510 2472 hic
534 2437 727 2472 Conventus
739 2436 756 2470 ὲ
770 2436 822 2470 die
844 2435 995 2479 vigesima
1006 2435 1117 2476 quinta
1133 2458 1138 2501 i

247 2489 338 2534 Junii
365 2490 464 2532 usque
489 2488 528 2521 ad
561 2488 648 2521 diem
682 2489 804 2520 sextam
832 2485 908 2528 Julii
931 2509 937 2516 .
967 2485 1119 2520 interfue-

1218 245 1392 277 Cardinalis
1402 245 1470 276 olim
1480 269 1490 284 ‚
1515 242 1570 286 sed
1579 248 1692 280 dudum
1712 260 1766 290 pro
1772 250 1834 292 suis
1840 250 1996 294 sceleribus
2004 252 2084 293 juste

1216 300 1482 327 excommunicatus
1506 295 1540 328 &
1563 294 1710 335 abjeeius.
1740 305 1793 331 Hic
1814 303 1976 335 damnatus
2001 303 2085 334 dam·

1215 353 1349 377 mnarum
1361 370 1372 385 ,
1393 346 1537 386 perjurus
1547 347 1721 386 perjurum,
1732 353 1888 386 parricida
1900 353 2006 384 laudat
2010 359 2085 394 par-

1215 396 1356 427 rictdam.
1386 399 1422 427 In
1444 396 1500 427 loco
1502 394 1533 435 fi
1539 396 1659 436 quidem
1669 394 1786 427 horrido
1796 397 1828 428 <at
1847 397 2000 438 asperrimo
2012 425 2023 441 ,
2049 407 2082 433 m
2142 399 2145 402 “

1215 446 1324 478 mediis
1337 445 1489 478 nivalibus
1501 445 1625 486 Alpibus
1636 471 1647 487 ,
1661 444 1819 485 ubtfames
1832 447 1939 484 affidua
1950 473 1960 487 ,
1979 450 2083 493 frigus

1210 497 1289 535 pene*
1303 493 1527 537 sempiternum,
1555 496 1633 527 locus
1659 494 1708 534 isle
1720 501 1803 527 vicus
1817 494 1853 533 est
1859 502 1915 535 pro
1926 500 2059 531 civitate
2070 523 2082 539 ,

1213 550 1264 586 qui
1279 548 1471 577 Brixino'rum
1494 555 1612 578 vocatur
1626 569 1636 584 ‚
1663 545 1801 584 altiffimis
1822 546 2019 578 circumdatus
2024 545 2083 588 sco-

1209 596 1288 635 pulis
1302 620 1311 635 ,
1339 595 1389 628 ubi
1409 600 1498 628 etiam
1520 601 1576 627 vix
1589 606 1691 627 nomen
1711 594 1856 627 obtinetur
1876 594 2086 634 Christianita-

1213 650 1274 684 tis,
1295 653 1506 686 promovetur.
1537 648 1590 676 Hic
1605 646 1782 686 principalis
1809 642 1940 684 Ecclelt'ae
1958 647 2085 686 privile-

1206 700 1261 737 gia
1273 717 1283 732 ‚
1307 694 1356 727 hic
1360 692 1467 736 summi
1479 696 1641 727 Sacerdotis
1646 698 1742 736 jura,
1771 693 1819 726 hic
1838 693 2011 726 semeiorum
2022 697 2082 727 Pa-

1212 753 1291 776 trum
1313 743 1446 784 instituta
1458 769 1468 784 ,
1496 745 1543 777 bic
1561 749 1852 778 omniaevacuantur
1864 747 2014 777 Canonica
2026 747 2082 777 De-

1209 803 1305 827 creta.
1334 799 1490 827 Nimirum
1504 795 1535 836 fi
1551 801 1603 837 qui
1624 795 1763 838 rogaffint
1776 817 1786 833 ,
1812 802 1846 826 ut
1867 794 1958 826 alium
1987 794 2079 827 Coells

1209 849 1366 885 imponeret
1390 848 1502 885 Deum,
1535 854 1680 887 quantum
1700 851 1732 877 in
1743 842 1807 887 ipso
1816 852 1902 882 erat,
1929 843 2080 884 existimo·²

1202 892 1358 933 faceret&
1369 895 1551 936 confirmaret
1565 919 1571 926 .
1601 895 1733 938 Utique
1747 893 1997 928 Ex-Cardinalis
2009 892 2083 925 Hu-

1208 954 1274 987 go.
1302 943 1427 978 Infame
1446 945 1527 979 adeo
1552 945 1726 987 spectrum,
1756 955 1795 977 ne
1814 944 1879 977 fine
1901 942 2081 977 Cardinali-

1209 992 1267 1027 bus
1279 993 1462 1029 viderentur
1474 996 1593 1039 eligere
1604 1019 1615 1035 ,
1641 994 1773 1040 triginta
1786 993 1939 1038 Episcopi
1960 993 2015 1027 fibi
2028 992 2079 1029 ad·

1206 1053 1404 1087 junxerunt.

1273 1247 1493 1313 Qtaestiones
1527 1251 1648 1294 varie
1672 1246 1772 1295 circei
1786 1252 1967 1295 Brixinen
1988 1268 2005 1294 e

1470 1315 1775 1365 conventiculum
1787 1353 1800 1366 .

1276 1441 1374 1477 Rima
1398 1442 1531 1486 quaestio
1556 1442 1600 1475 est
1624 1467 1635 1483 ,
1661 1442 1718 1476 An
1746 1442 1925 1477 Guibertus
1945 1443 1987 1477 ab
2011 1442 2076 1478 hoc

1299 1493 1536 1526 conventiculo
1550 1493 1646 1526 fuerit
1658 1493 1765 1528 revera
1776 1494 1916 1527 electus?
1930 1493 2077 1537 Respon-

1202 1541 1266 1575 deo
1285 1553 1353 1576 non
1376 1542 1484 1576 fuiffe.
1511 1543 1589 1575 Fuit
1614 1541 1723 1586 Regia
1747 1543 2076 1578 excommunicatiac

1201 1590 1367 1636 degradati
1380 1592 1517 1626 Henrici
1529 1592 1761 1626 nominatione
1780 1594 1923 1627 intrusus
1934 1619 1941 1626 .
1970 1594 2079 1627 Discr-

1202 1641 1232 1674 τέ
1256 1639 1318 1674 hoc
1342 1640 1450 1675 scribit
1470 1642 1503 1674 in
1528 1642 1621 1675 libris
1632 1642 1672 1675 de
1683 1641 1883 1677 Guibertino
1897 1642 2078 1678 Schismate
2099 1651 2161 1684 Lib,
2185 1661 2216 1686 ῃ

1202 1691 1334 1723 Sanctus
1348 1691 1520 1724 Anselmus
1532 1692 1683 1725 Lucensis
1706 1692 1883 1735 Episcopus
1895 1707 1905 1726 .·
1934 1695 2051 1726 Deinde
2065 1718 2077 1734 ,

1201 1745 1272 1780 qut'a
1292 1750 1357 1771 cum
1380 1746 1414 1770 in
1425 1741 1524 1772 eodem
1550 1745 1674 1772 Decreto
1683 1749 1798 1773 catanam
1815 1746 1903 1784 effer,
1928 1752 1963 1775 ut
1973 1747 2075 1776 Romae

1202 1787 1353 1829 PontificIs
1364 1789 1458 1822 electio
1468 1792 1488 1821 ἃ
1514 1793 1645 1822 Romano
1655 1791 1741 1823 clero
1761 1792 1795 1823 (⁴2⁶
1804 1793 1908 1833 populo
1918 1801 2051 1835 ageretur
2064 1819 2075 1834 ‚

1200 1839 1232 1871 Θ·
1240 1838 1338 1879 posted
1351 1841 1423 1882 Regi
1436 1838 1632 1880 notificaretur
1647 1865 1658 1880 ,
1678 1838 1908 1883 ipfipraefatum
1920 1845 2075 1876 Decretum

1200 1888 1347 1922 violantes
1360 1912 1370 1928 ‚
1396 1890 1539 1932 elegerunt
1552 1912 1562 1927 ,
1585 1891 1667 1931 quod
1690 1897 1730 1922 eis
1753 1902 1811 1923 non
1833 1891 1961 1932 licebat,
1984 1894 2073 1933 priris

1198 1938 1362 1970 eadaloum
1378 1937 1567 1982 Parmensem
1579 1964 1588 1979 ,
1610 1935 1708 1980 posted
1720 1940 1892 1974 Gusbertum
1908 1945 2072 1976 Ravenna-

1197 1998 1277 2027 tem,
1302 1990 1459 2022 induentes
1485 2000 1532 2021 σοι
1556 1989 1720 2030 apostolicis
1744 1989 1905 2034 infigntbus
1927 2002 2069 2026 vocantes

1199 2037 1364 2079 apostolicos
1390 2063 1401 2079 ,
1449 2037 1603 2080 apostatas
1635 2038 1802 2079 Antichrtsti
1829 2042 2048 2084 praedeteffores
2060 2070 2067 2076 .

1195 2086 1321 2121 Laudat
1347 2086 1512 2129 Synodale
1536 2088 1671 2122 Nicolai
1696 2090 1828 2123 secundi
1851 2091 1893 2124 de
1916 2091 2067 2126 Romani

1196 2136 1367 2171 Pontificis
1377 2137 1532 2170 electione
1553 2138 1730 2171 Decretum
1745 2162 1756 2178 ‚
1782 2139 1817 2172 in
1830 2151 1898 2182 quo
1911 2142 1984 2175 sunt
1998 2140 2065 2177 haec

1194 2187 1306 2222 verba:
1334 2187 1475 2232 Eligatur
1496 2184 1581 2231 salvo
1601 2186 1698 2220 debito
1718 2186 1823 2220 bonore
1845 2189 1880 2222 (90
1893 2199 2063 2225 reverentia

1192 2237 1295 2271 dile&
1308 2237 1365 2280 filii
1387 2238 1472 2278 nostri
1496 2243 1634 2276 Henrt'cI,
1652 2235 1723 2280 ficut
1733 2239 1806 2279 jam
1828 2242 2036 2280 eiconceffimus
2049 2266 2060 2282 ‚

1190 2289 1222 2321 (τ
1243 2288 1442 2332 Succefforibus
1456 2290 1535 2322 illius
1550 2313 1560 2328 ‚
1586 2294 1636 2330 qui
1656 2288 1696 2320 ab
1708 2288 1863 2330 apostolica
1882 2291 2057 2334 Sedeperso-

1187 2339 1294 2371 naliter
1314 2338 1363 2370 boc
1374 2341 1427 2380 jus
1449 2345 1677 2380 impetraverint
1689 2363 1696 2371 .
1722 2337 1885 2374 Henricus
1909 2340 1983 2375 Rex
1994 2343 2056 2376 Ni·

1185 2389 1267 2421 colai
1291 2399 1437 2431 tempore
1458 2398 1526 2422 erat
1547 2388 1655 2422 adhuc
1683 2399 1759 2432 puer
1777 2415 1788 2431 ‚
1815 2390 1851 2424 &
1875 2391 2054 2428 Guibertus

1186 2438 1360 2472 Parmenfis
1381 2439 1526 2472 Clericus
1559 2439 1675 2483 agebat
1701 2439 1767 2482 ejus
1788 2440 2052 2477 Cancellarium.

1182 2488 1251 2522 Hic
1265 2489 1440 2522 Decretum
1453 2489 1614 2531 corrupit,
1636 2488 1727 2523 &ita
1738 2492 1997 2532 transformavit,
2012 2504 2050 2528 ut

247 2549 322 2574 runt
335 2539 469 2583 triginta
483 2537 653 2580 Episcopi.
682 2536 807 2570 Verum
823 2535 966 2568 Romani
980 2525 1136 2578 pontifi-3²
1182 2549 1248 2570 non
1275 2538 1374 2571 solius
1387 2539 1484 2583 Regii
1497 2539 1670 2572 consensus
1682 2563 1692 2579 ‚
1718 2539 1770 2574 sed
1791 2540 1889 2583 plenae
1902 2542 2048 2578 nomina-

246 2590 294 2623 cis
306 2589 346 2622 ad
366 2590 449 2631 ipsos
476 2599 543 2621 non
558 2586 716 2630 spectabat
739 2585 873 2618 elefflo.
901 2583 938 2616 In
960 2595 1056 2626 opere
1077 2581 1135 2619 de'
1180 2587 1335 2629 tionisjus
1347 2590 1494 2622 Henrico
1505 2588 1716 2627 adscriberet,
1732 2600 1829 2633 atque
1844 2590 1902 2624 hac
1916 2592 2045 2635 peffima

245 2638 406 2674 Romanae
417 2637 566 2671 Ecclefiae
585 2634 764 2679 privilegiis
781 2632 950 2676 Presbyter
962 2633 1115 2668 Cardine·
1130 2676 1132 2679 Ι

244 2690 285 2723 lis
297 2687 488 2723 Deus-dedit
501 2687 636 2720 affirmat
653 2685 848 2718 Guibertum
861 2683 952 2717 fuisse
964 2683 1114 2718 Cadaloi-
1129 2687 1131 2703 ¹

243 2751 289 2773 εκ
313 2738 495 2772 intrusionis
509 2736 779 2780 Ante-signanum
795 2757 805 2773 ‚
833 2733 865 2766 δε
887 2732 999 2766 dehac
1017 2734 1056 2767 ad
1069 2734 1130 2777 ip-,v

242 2793 314 2823 sum
338 2787 518 2823 Cadaloum
544 2785 649 2819 scribit
664 2786 795 2819 sanetus
806 2782 920 2815 Petrus
932 2783 1086 2817 Damiani
1104 2797 1110 2816 :
1126 2801 1129 2830 5

243 2840 333 2882 ,Quid
350 2837 406 2871 tibi
429 2839 464 2869 de
487 2835 700 2868 Cart-limilibus
713 2836 830 2866 videtur
839 2830 1016 2874 Episcopis?
1043 2835 1108 2877 ,Qus
1125 2831 1128 2859 l

241 2889 382 2921 videlicet
401 2891 566 2920 Romanum
583 2884 751 2926 Pontificem
763 2884 969 2924 principaliter
981 2883 1090 2925 eligunt
1101 2908 1108 2916 .
1123 2861 1127 2907 l

241 2937 427 2971 cadaloum
447 2947 563 2976 notat,
591 2934 677 2976 quod
703 2947 768 2966 non
793 2933 810 2964 a
832 2932 988 2967 Romana:
1002 2933 1107 2967 Eccle-

240 2987 294 3020 fiae
316 2987 414 3020 Clero
435 2998 472 3020 ac
494 2986 616 3030 populo
633 3009 642 3024 ,
671 2983 721 3016 sed
741 2983 856 3016 eleuus
878 2982 973 3015 suerit
994 2982 1011 3014 a
1035 2984 1107 3016 solis

241 3036 436 3071 Placentino
458 3035 491 3068 ὅ(
513 3034 707 3069 Vercellensi
735 3033 901 3076 Episcopis
923 3055 932 3070 ‚
961 3032 1106 3075 adeoque

238 3088 315 3120 effer
336 3085 668 3119 manifefleintrusus.
697 3082 888 3124 Hocipsum
902 3082 932 3114 in
948 3081 1104 3116 Guiberto

236 3136 372 3170 damnat
395 3135 499 3169 Sansti
514 3133 662 3167 Anselmi
688 3133 838 3166 Lucensis
853 3131 1002 3174 Episcopi
1018 3133 1080 3165 vita
1093 3158 1102 3173 ‚

236 3188 351 3229 scripta
380 3196 433 3227 per
453 3183 519 3225 eius
547 3182 771 3224 Presbyterum
800 3181 1080 3215 poenitentiarium
1095 3195 1101 3214 :

234 3240 274 3270 In
285 3236 419 3268 Guiherti
427 3238 603 3275 promotione
614 3236 708 3264 Roma
723 3242 777 3263 non
793 3236 934 3272 quaert‘tur
946 3254 956 3269 ,
982 3242 1032 3264 nec
1049 3235 1102 3264 Ro-

234 3299 341 3321 manus
364 3287 469 3318 Clerus
491 3290 541 3314 aut
553 3282 694 3323 Populus.
726 3281 903 3314 Brixinensi
923 3280 1012 3313 enim
1025 3293 1100 3314 con-

233 3336 401 3371 venticulo
415 3333 518 3367 adfuit
531 3332 646 3365 unicus
657 3330 827 3373 Presbyter
839 3330 1099 3364 CardinalisHu-

229 3396 277 3431 go
292 3386 451 3425 Blancus,
477 3381 691 3425 dequoidem
705 3381 855 3424 scriptor.-
883 3380 1098 3423 Unicusadfuit

331 3434 435 3476 christ.
453 3437 531 3476 Lupi
549 3437 648 3474 Opera
663 3434 696 3463 T.
711 3433 759 3464 VI.

1177 2648 1243 2670 arte
1266 2636 1373 2672 effecit
1387 2639 1420 2671 in
1443 2637 1607 2671 Bafileenfi
1630 2638 1806 2673 Conventu
1827 2642 1990 2675 nominari
2009 2643 2044 2676 in

1176 2687 1293 2730 Papam
1308 2711 1317 2726 ,
1347 2699 1384 2721 ac
1407 2688 1525 2721 intrudi
1548 2687 1731 2721 Cadaloum
1748 2688 1952 2725 Parmensem
1967 2692 2043 2735 Epi-

1176 2738 1306 2780 scopum
1332 2738 1362 2770 in
1389 2748 1555 2771 vacantem
1573 2737 1770 2772 Cathedram
1788 2740 1929 2774 defuneii
1942 2742 2040 2787 Nicg-

1174 2787 1234 2819 lai.
1264 2788 1350 2820 Nam
1373 2788 1406 2820 δε
1430 2787 1606 2821 Guibertus
1626 2798 1693 2821 erat
1715 2787 1818 2823 homo
1842 2789 2036 2825 Parmensis.

1173 2837 1311 2869 Meliora
1338 2849 1390 2878 per
1417 2838 1568 2871 Sanctum
1598 2838 1776 2872 Annonem
1805 2839 2036 2876 Coloniensem

1172 2885 1458 2929 Archiepiscopum
1471 2888 1601 2921 edottus
1612 2889 1778 2921 Henricus
1787 2888 1853 2922 haec
1865 2889 2035 2925 Attentata

1169 2947 1369 2976 correxerat,
1398 2935 1613 2971 nihilominus
1633 2937 1676 2971 ob
1698 2938 1852 2972 inflictam
1863 2940 1946 2973 fibi&
1960 2941 2034 2973 Gre-

1168 2988 1262 3030 gorio
1284 2986 1421 3029 septimo
1447 2987 1711 3031 degradationem
1739 2991 1825 3022 astus
1852 2990 1883 3021 in
1912 2990 2033 3024 rabiem

1167 3036 1259 3069 rediit
1282 3037 1320 3069 ad
1334 3035 1471 3069 eundem
1494 3036 1639 3073 rabidum
1654 3039 1800 3076 sensum,
1828 3039 2031 3081 atqueistutn

1165 3086 1302 3120 eundem
1323 3086 1387 3128 jam
1412 3087 1574 3120 Ravennae
1589 3085 1877 3130 Archiepiscopum
1899 3088 2032 3122 Guiberh

1164 3147 1230 3169 tum
1247 3137 1278 3168 in
1293 3135 1356 3169 hoc
1369 3136 1545 3170 Brixinenfi
1561 3137 1802 3170 Conventiculo
1823 3137 2005 3171 nominavit
2022 3164 2033 3180 ‚

1164 3197 1258 3229 atque
1280 3186 1435 3219 violenter
1458 3188 1489 3219 in
1515 3187 1671 3228 Papatum
1699 3186 1841 3220 intruiit.
1868 3186 2028 3233 Qodip·

1164 3234 1228 3268 sum
1243 3236 1274 3268 in
1290 3235 1480 3268 Caffinenfis
1501 3235 1691 3268 Monasserii
1718 3235 1885 3270 Chronico
1898 3237 2027 3272 testatur

1164 3287 1230 3318 Leo
1243 3284 1423 3318 Hostienfis
1446 3286 1621 3327 Episcopus
1634 3284 1869 3329 Germanorum
1882 3298 1920 3320 ac
1940 3288 2026 3323 Lon-

1160 3335 1400 3379 gobardorum‚
1429 3336 1482 3377 qui
1505 3335 1686 3367 Henricum
1710 3334 1743 3368 in
1756 3335 1952 3370 schismatica
1972 3337 2026 3370 ad·

1161 3385 1264 3419 versus
1284 3385 1455 3430 septimum
1481 3384 1679 3428 Gregorium
1704 3385 1911 3430 expeditione
1922 3388 2023 3431 seque-

1493 3434 1528 3469 D
1553 3434 1575 3469 d
1626 3445 1648 3471 2
1895 3435 1973 3470 ban-
