2372 3756
381 127 474 173 218

668 125 710 172 S.
747 124 1061 174 GReGoRn
1095 139 1344 172 SEPTIMI
1379 129 1464 176 Po
1487 146 1754 182 urit-iem

136 217 209 256 Cap.
223 226 272 256 3c.
310 215 408 253 chus:
437 212 574 248 Habebat
595 216 742 256 quondam
753 212 973 257 cantuariensis
991 202 1187 259 Arcbieptscof
1242 215 1279 248 ab
1297 222 1428 260 antiquis
1442 223 1622 263 temporibus
1644 224 1817 266 constituta,
1844 228 1907 261 &a
1928 232 1989 271 piis
2003 232 2107 265 Patri-

305 276 367 313 pus
379 263 616 306 chorepiscopum
631 268 781 307 quendam
795 290 805 306 ,
831 270 881 308 qui
901 273 934 299 in
945 264 1070 308 Ecclesia
1081 265 1181 298 sam‘h

309 321 439 352 Martini
447 324 538 348 extra
549 319 749 349 Cantuariam
757 315 897 350 manebat
909 340 918 356 ,
942 320 992 359 qut'
1002 316 1180 350 adveniente

308 365 483 407 Lanfranco
492 365 603 399 deletus
617 364 656 406 est
667 390 678 405 ,
696 366 768 408 ficut
775 366 883 409 ubique
902 375 1047 399 terrarum
1058 366 1179 408 fac‘lum

306 418 500 450 audivimus.
530 416 571 449 Et
582 414 722 449 absentis
741 417 776 450 ὅ(
789 416 933 450 defuncti
954 415 1180 459 Archiep1sco-

304 466 341 512 pi
353 467 438 501 vices
448 465 707 510 Chorepiscopus
721 465 776 499 ille
785 467 819 499 in
831 465 984 501 omnibus
998 465 1180 510 supplebat.

304 520 419 562 Atque
428 517 472 550 ita
484 517 571 549 lucet
583 524 735 550 vacantes
749 515 901 551 Ecclesias
922 517 1012 551 fuisse
1032 526 1084 559 per
1093 514 1177 547 Pres-

305 567 439 610 byteros
458 590 470 607 ,
495 577 549 599 aut
567 564 652 599 certe
670 565 933 610 Chorepiscopos
946 590 957 606 ,
984 577 1050 599 non
1072 564 1178 598 solum

303 617 339 651 in
356 617 467 651 Africa
481 639 492 655 ,
518 614 616 649 sedin
640 614 712 650 aliis
730 617 829 651 etiam
850 614 1056 662 Regionibus
1079 613 1178 649 admi·

302 667 464 701 nistratas.
1095 662 1100 667 '

353 714 550 759 Respondeo
560 715 732 759 antiquum
747 714 939 761 Anglicanae
952 714 1099 749 Ecclefiae
1109 724 1178 748 mo-

299 776 368 801 rem
389 766 472 800 edici
483 766 501 799 a
513 766 667 800 Simeone
677 766 849 800 Monacho
859 765 1072 800 Dunelmensi
1084 788 1094 803 ,
1119 765 1176 807 qui

300 815 335 850 in
347 816 489 860 eJusdem
502 816 647 851 Ecclefiae
657 814 791 850 historia
802 816 911 850 scribit
935 815 976 849 de
988 816 1051 859 ipsa
1064 826 1177 849 vacan-

300 876 333 900 te
345 879 399 909 per
418 876 558 900 mortem
578 866 686 901 Sancti
698 866 871 900 Cutberti:
897 863 1106 908 Episcopatum
1118 867 1178 898 Ec-

299 914 478 957 clefiaeillius
493 915 637 959 servavit
654 916 831 949 venerabilis
845 915 1095 950 Eboracensium
1119 919 1179 947 An-

297 966 377 1006 tisles
390 965 567 1008 vvilfridus
581 989 591 1005 ,
618 966 707 998 donec
726 967 880 1009 eligeretur
895 971 947 1008 qui
962 974 1019 1009 pro
1036 966 1178 999 cutberto

295 1017 421 1055 Antistes
442 1015 719 1049 ordinarideberet.
747 1015 855 1049 Addit
879 1016 921 1049 de
942 1026 1105 1051 carcerato
1122 987 1194 1059 peri

294 1065 495 1101 Eadberturn
525 1065 651 1110 Regem
689 1064 883 1108 Cynenulfo
920 1065 1175 1100 Lindisfarnensi

294 1117 473 1160 Episcopo:
502 1115 743 1148 Friotbnibert'us
755 1112 989 1159 Hagustaldenst't
1010 1115 1176 1159 Episcopus

293 1164 574 1209 Lindisfarnensem
586 1163 798 1208 Episcopatum
810 1166 1039 1205 administravit
1051 1190 1062 1206 ,
1087 1168 1176 1199 donec
1188 1205 1191 1213 .

287 1220 410 1260 placato
429 1221 508 1259 Rege
532 1217 570 1249 de
589 1220 723 1258 captione
746 1216 906 1249 relaxatur
929 1215 1110 1257 cynenulfus
1133 1219 1177 1250 ad

284 1266 374 1313 suam
385 1268 497 1300 rediret
509 1264 662 1307 Ecclefiam
674 1290 681 1298 .
711 1266 753 1299 Et
763 1265 804 1299 de
820 1266 976 1311 Aedgaro
999 1267 1091 1310 Rege
1105 1267 1177 1300 scri-

115 1306 172 1337 ΑΠ’·
188 1310 253 1340 9⁶²·
291 1318 340 1351 bit
363 1315 559 1359 Radulphus
580 1317 621 1350 de
642 1316 766 1350 Diceto
789 1328 796 1347 ε
823 1320 890 1349 Rex
922 1317 1076 1359 Aedgarus
1096 1320 1174 1348 Lon-

289 1365 458 1410 doniensem
469 1364 623 1406 Ecclefiam
637 1367 753 1407 Pastore
759 1371 880 1407 proprio
889 1366 1051 1398 viduatam
1059 1371 1173 1398 commi-

282 1418 322 1460 sit
336 1418 495 1461 regendam
519 1415 670 1455 Dunstano
690 1414 859 1459 Vigornenfi
875 1413 1017 1457 Episcopo
1044 1439 1054 1454 ,
1080 1417 1115 1449 &
1139 1414 1174 1455 sic

290 1468 464 1507 Dunslanus
496 1463 728 1507 Londoniensem
756 1463 910 1506 Ecclesiam
934 1466 1174 1498 commendatam

288 1517 393 1551 babuit
424 1518 474 1558 ,Θ
493 1526 550 1547 non
573 1515 725 1547 titulatam
743 1540 750 1547 .
771 1513 917 1549 Proinde
931 1516 1115 1549 vacantium
1138 1516 1170 1548 in

289 1567 413 1612 Anglia
442 1563 658 1600 Ecclefiarum
686 1563 845 1599 visitator
872 1564 995 1599 solebat
1031 1565 1172 1598 omnino

288 1620 350 1652 esse
375 1618 582 1661 Episcopus.
628 1614 730 1649 Porro
758 1615 1000 1650 Cantuarienfis
1027 1615 1172 1649 Ecclesiae

281 1666 455 1713 proprium
483 1664 524 1699 ab
559 1665 696 1709 antiquo
728 1665 944 1707 Capelianum
984 1665 1167 1704 Roffenfis,

287 1715 470 1752 Ca'ntorem
491 1715 718 1749 Vintonienfis
732 1740 741 1755 ,
770 1716 1021 1750 Decanum'effe
1045 1715 1076 1748 se
1094 1715 1170 1748 alle-

287 1779 344 1813 gat
365 1765 450 1810 apud
474 1765 664 1799 Ger-vastum
691 1764 899 1798 Monachum
931 1763 1170 1799 Londonienfis

287 1819 486 1862 Episcopus,
514 1816 694 1860 &longam
718 1814 920 1860 aguntlitem
945 1815 986 1848 de
1006 1815 1074 1857 jure
1093 1825 1170 1848 con·

288 1868 437 1902 sectandi
461 1866 728 1900 Cantuariensem
755 1866 901 1899 Elefium
921 1889 929 1897 .
957 1865 1048 1911 Qin
1069 1866 1167 1898 etiam

287 1920 328 1952 de
349 1917 498 1952 visitandi
513 1916 581 1959 jure
592 1916 674 1949 olim
692 1915 908 1960 litigaverint,
934 1925 1002 1948 non
1016 1914 1059 1948 est
1073 1915 1168 1948 dubi-

288 1969 424 2002 tandum
439 1993 449 2008 ,
477 1965 617 2009 ideoque
648 1964 778 1999 adistos
801 1976 909 1999 motus
930 1964 1103 1999 evitandos
1114 1977 1168 1999 vo-

289 2019 386 2053 luerit
403 2016 601 2051 primatialis
617 2016 759 2050 Ecclesia
781 2018 812 2050 se
833 2016 998 2049 viduatam
1024 2026 1077 2057 per
1098 2026 1168 2058 pro-

288 2070 394 2112 prium
419 2066 699 2110 chorepiscopum
718 2066 936 2099 administrari
957 2090 963 2096 .
993 2064 1142 2098 Eandem
1159 2089 1169 2105 ,

287 2131 357 2163 quae
380 2120 414 2151 in
438 2119 543 2152 Sansti
571 2117 716 2150 Thomae
745 2114 900 2157 Martyris
928 2115 1170 2148 consecratione

286 2168 451 2212 contigit,
479 2168 568 2200 litem
584 2177 743 2199 memorat
762 2167 795 2199 δε
809 2162 1001 2208 Radulphus
1022 2164 1061 2197 de
1073 2165 1169 2198 Dice-

287 2230 344 2253 to:
375 2219 498 2251 Elec‘lus
521 2218 675 2250 ordinatus
699 2217 736 2256 est
758 2225 791 2247 in
808 2215 1010 2254 Presbyterum
1030 2220 1061 2246 in
1075 2216 1169 2246 Eccle-

279 2269 325 2312 fia
348 2267 560 2308 Cantuariensi
575 2269 594 2299 ci
607 2267 746 2298 Waltero
759 2265 885 2306 Roffinfi
892 2263 1035 2307 Episcopo
1047 2289 1056 2304 ,
1083 2271 1115 2296 in
1126 2276 1171 2296 or·

288 2319 496 2353 dinationibus
505 2319 538 2351 (θ’
551 2316 779 2350 dedicationibus
784 2315 935 2355 sostendit
944 2314 1075 2355 Ecclesiae
1087 2319 1167 2346 can-

288 2367 438 2409 ‘tuarienfis
453 2372 585 2402 Vicario.
612 2361 748 2408 Sequenti
760 2368 807 2397 die
822 2369 975 2397 Dominica
983 2363 1163 2407 consecratus

289 2420 327 2461 est
340 2419 377 2451 ab
390 2422 509 2451 Henrico
521 2414 704 2456 Vinioniensi
717 2413 860 2457 Episcopo
871 2439 880 2454 ‚
908 2422 972 2449 vice
986 2416 1165 2450 Londonien·

284 2469 325 2512 fis
339 2468 470 2510 Ecclesiae
490 2477 558 2500 tunc
571 2472 712 2500 vacantis
731 2491 737 2497 .
765 2467 857 2508 ,Quod
875 2466 918 2497 ad
929 2468 983 2506 jus
997 2458 1087 2507 ‘suum
1104 2461 1167 2505 spe-

290 2521 374 2560 e‘lare
395 2519 512 2552 dicebat
533 2515 671 2559 Roffensis
711 2515 875 2558 Episcopus
902 2539 912 2555 ,
934 2513 992 2558 sed
1016 2526 1071 2546 non
1092 2514 1167 2545 obti-

292 2576 357 2604 nuit
378 2594 385 2601 .
415 2567 643 2603 Bartholomaei
669 2565 980 2601 ExonienfisAElesti
1007 2565 1168 2598 consecra-

294 2623 420 2654 tionem
445 2620 551 2654 eidem
591 2618 746 2651 Waltero
763 2615 966 2660 delegaverat
989 2615 1026 2647 in
1055 2613 1168 2647 mortis

296 2671 377 2704 letio
398 2671 531 2704 Sanetus
551 2666 769 2702 Theobaldus
791 2665 1029 2700 Cantuariensis
1053 2662 1169 2698 Archi-

295 2721 463 2763 episcopus
485 2746 495 2760 ,
523 2719 692 2763 pergitque
713 2716 860 2750 laudatus
882 2712 1072 2758 Radulphus
1090 2726 1097 2745 ε
1124 2716 1169 2746 Et

297 2771 362 2803 licet
382 2778 468 2802 morte
490 2771 675 2802 mandatoris
698 2768 820 2810 finitum
838 2766 941 2808 fuisset
968 2766 1169 2804 mandatum,

301 2829 399 2853 tamen
424 2827 492 2861 quia
512 2819 679 2851 Richardus
707 2815 912 2856 Londoniensis
939 2813 1101 2857 Episcopus
1126 2814 1170 2845 ia-

301 2869 423 2902 borabat
443 2867 569 2911 paralysi
577 2894 585 2907 ,
611 2871 752 2900 Hearicus
772 2873 863 2900 etiam
877 2864 1095 2906 Vintonienfis,
1121 2867 1170 2895 Vi-

303 2926 396 2955 carius
419 2917 618 2959 Londonienfis
642 2915 791 2957 Ecclesiae,
816 2916 987 2948 morabatur
1008 2915 1093 2956 apud
1101 2913 1172 2947 Clu-

305 2978 421 3005 niacum
439 2979 509 3003 tunc
532 2971 670 3008 temporis
693 2991 703 3006 ‚
731 2964 867 3006 Roffenfis
885 2963 1048 3007 Episcopus
1069 2973 1172 2996 memo-

304 3031 403 3056 ratum
420 3018 598 3062 consecravit
620 3017 755 3048 Elecium
779 3039 788 3059 ,Ι
815 3015 919 3048 Addit
944 3015 983 3047 de
1009 3013 1172 3047 Balduino

306 3070 564 3113 Art-hiepiscopo
593 3067 772 3110 profecturo
804 3065 842 3098 ad
872 3066 992 3097 sacrum
1031 3064 1172 3113 bellurn:

308 3123 478 3154 Balduinus
499 3130 537 3151 ex
556 3123 698 3150 communi
721 3113 826 3155 confilio
843 3113 960 3156 suorum
975 3112 1175 3156 suffraganeo-

307 3184 373 3204 rum
392 3173 467 3203 vice-s
486 3167 558 3211 suas
583 3164 727 3208 Episcopo
739 3163 934 3205 Londoniensi'
949 3164 1096 3196 Richardo
1105 3173 1171 3196 com·

308 3219 400 3260 mifit.
427 3216 564 3259 Roffi’nfis
585 3214 745 3258 Episcopus
768 3214 806 3245 ab
828 3220 947 3256 antiquo
968 3218 1103 3246 V1carius
1127 3217 1175 3243 Ar-

308 3268 479 3310 chiepiscopi
496 3278 559 3300 tam
580 3272 612 3299 in
632 3271 777 3299 territorio
798 3267 933 3303 cantiae‚
961 3265 1050 3305 quam
1071 3267 1102 3294 i'n
1121 3265 1177 3293 Ec-

310 3317 396 3355 clesiis
410 3321 606 3350 Maneriorum
618 3341 627 3356 ‚
656 3312 864 3356 Arcbiepiscopi
885 3324 985 3345 curam
1004 3312 1178 3351 pastoralem

309 3367 455 3413 suscepit.
484 3367 652 3399 Consonat
681 3364 850 3397 Gervasius
876 3361 1065 3396 Monachus
1092 3361 1178 3395 Can-

309 3416 496 3455 tuarienfis:
525 3414 576 3455 Est
597 3421 628 3448 in
641 3413 765 3455 Ecclesia
789 3411 997 3454 cantuariensi
1009 3410 1192 3455 consuetudo,

166 841 228 873 Lib.
260 854 283 872 1.

161 891 189 913 C.
214 893 257 914 xc.

117 1113 150 1145 1--
163 1121 220 1144 20c.
231 1124 258 1143 2.

109 1880 167 1909 An.
186 1880 269 1907 1162.

111 2233 145 2261 A.
169 2231 240 2259 1162

122 2727 160 2756 Α.
177 2726 259 2753 1161.

132 3147 168 3178 A.
189 3153 276 3180 1119-

1242 266 1296 301 but
1319 267 1476 310 observata
1496 295 1506 311 ‚
1529 274 1613 314 quod
1635 283 1764 307 vacante
1789 277 1860 309 Sede
1882 280 2106 323 cantuarienfi,
2126 275 2162 312 A!
2177 283 2260 312 ¹¹4⁷·

1242 319 1293 351 vel
1311 317 1431 361 absente
1453 320 1666 365 Archiepiscopo
1687 347 1698 363 ‚
1723 324 1828 358 debeat
1849 326 2010 371 Episcopus
2033 331 2108 374 Rof-

1233 366 1328 408 fenfis
1347 377 1379 403 in
1392 371 1603 414 cantuariensi
1612 373 1736 415 Ecclesia
1756 375 1943 418 ministrare,
1965 378 2108 422 ficutpro·
2160 411 2162 413 .
2195 398 2197 400 -

1238 425 1323 460 prius
1350 422 1383 455 (ts
1396 426 1542 463 privatus
1569 422 1788 466 Cantuariensis
1815 427 1950 470 Ecclefiae
1972 430 2108 471 Capella-

1241 480 1295 502 nus
1307 474 1322 510 ‚'
1339 469 1364 511 fi
1370 480 1468 504 tamen
1477 473 1498 503 ἃ
1509 473 1718 515 Cantuarienfi
1726 475 1948 520 Ecclefiafuerit
1958 488 2084 513 vocatus
2096 506 2104 513 .

1242 519 1288 553 Ea
1310 519 1350 555 de
1372 523 1465 555 causa
1491 522 1580 556 addit
1611 523 1797 558 Roffensem
1825 526 1972 562 Eiectum
1999 540 2069 563 non
2088 531 2107 564 ὲ

1240 569 1334 614 Rege
1343 594 1354 609 ,
1380 571 1432 604 sed
1447 570 1487 605 ab
1496 570 1753 617 Archiepiscopo
1762 577 1884 619 semper
1893 578 2082 613 investitum
2093 603 2105 620 ,

1238 621 1271 654 ὄσ
1290 621 1431 655 defuncti
1445 622 1593 665 Episcopi
1606 622 1756 658 baculum
1769 649 1780 666 ,
1806 637 1874 661 non
1884 627 1924 661 ad
1937 627 2112 670 Palatium,

1242 670 1294 705 sed
1314 669 1355 703 ad
1378 670 1617 707 Cantuariensis
1634 674 1780 710 Ecclesiae
1807 676 1918 710 Altare
1941 677 2034 713 fuisse
2057 680 2112 714 de-

1239 729 1402 763 portatum
1416 746 1423 753 .
1452 722 1502 755 Ex
1511 722 1627 757 eodem
1648 724 1807 769 principio
1827 726 1978 762 adfirmat
1997 739 2110 763 vacan-
2127 740 2163 769 Α,
2182 743 2266 778 1134.

1239 771 1283 805 tis
1305 771 1467 806 Roffenfis
1493 772 1637 807 Ecclefiae
1658 773 1745 809 bona
1772 787 1940 819 nunquam
1967 788 2022 820 per
2044 778 2112 812 Re-

1238 831 1332 865 gem,
1358 819 1412 856 sed
1431 823 1554 866 semper
1563 834 1619 866 per
1642 822 1933 871 Archiepiscopum
1955 828 2047 862 fuisse
2058 840 2110 863 cu·

1239 870 1357 905 stodita
1370 897 1381 913 ‚
1407 872 1659 918 adjungenshoc
1668 874 1818 910 obtinere
1838 877 1939 911 etiam
1957 878 1990 911 in
2002 878 2109 913 simul-

1239 931 1331 955 tanea
1356 922 1517 965 utriusque
1541 922 1689 958 Ecclefiae
1709 926 1879 960 vacatione
1893 951 1904 968 ,
1927 937 2026 970 atque
2043 939 2108 971 per·

1238 982 1335 1015 gens:
1365 975 1555 1015 Recognitum
1572 972 1630 1013 est,
1653 977 1691 1007 'in
1712 975 1911 1010 Londinenfi
1931 977 2107 1012 Guilieltni

1239 1020 1374 1055 Eliensis
1389 1021 1539 1064 Episcopi
1558 1023 1591 1056 &
1603 1022 1784 1065 Apostolici
1807 1025 1924 1071 Legati
1946 1028 2106 1070 Synodo,

1237 1068 1402 1113 Roffensem
1426 1069 1604 1113 Episcopum
1629 1073 1848 1115 Cantuarienfis
1883 1076 2015 1117 Ecclesiae
2037 1086 2108 1120 pro-

1236 1127 1337 1163 prium
1358 1120 1398 1153 ab
1419 1127 1540 1163 antiquo
1551 1121 1643 1164 fuiffe
1661 1125 1856 1165 capellanum
1871 1149 1882 1166 ,
1907 1137 2029 1169 eumque
2051 1139 2109 1160 va·

1238 1180 1324 1204 cante
1348 1170 1558 1211 cantuarienfi
1576 1173 1647 1205 sede
1667 1174 1712 1205 ad
1734 1179 1915 1208 vocationem
1934 1180 2107 1210 conventus

1238 1220 1340 1254 debere
1352 1224 1552 1254 CantuarIam
1562 1223 1711 1264 accedere,
1737 1222 1877 1267 chrisma
1896 1225 2047 1268 conficere,
2072 1228 2107 1260 θ

1235 1279 1344 1303 caetera
1354 1271 1587 1303 sacramentalia
1603 1272 1788 1314 ministrare,
1813 1285 1935 1317 eumque
1955 1282 1988 1308 in
1999 1284 2108 1317 expen-

1233 1319 1269 1358 fis
1291 1328 1449 1361 procurare
1466 1319 1568 1353 debere
1578 1343 1589 1360 ,
1613 1327 1666 1363 qui
1685 1322 1969 1366 Arcbiepiscopatum
1991 1325 2107 1366 custodi·
2124 1312 2157 1341 Α·
2175 1320 2188 1342 ¹
2199 1322 2260 1350 ¹9²·

1236 1380 1279 1403 ret
1291 1394 1299 1401 .
1327 1373 1453 1403 Vivente
1472 1378 1573 1402 autem
1585 1370 1819 1414 Arcbiepiscopo,
1841 1371 2036 1417 sedabsente
2057 1376 2109 1408 vel

1234 1428 1418 1463 aegrotante,
1444 1420 1490 1451 ad
1503 1426 1688 1455 vocationem
1710 1420 1841 1464 ejusdem
1854 1420 1941 1462 fimul
1958 1425 1992 1456 Θ
2002 1432 2106 1466 procu-

1234 1475 1375 1502 rationem
1397 1469 1482 1502 debet
1504 1470 1635 1503 accedere
1659 1495 1667 1503 .
1694 1474 1781 1518 Venit
1796 1475 1885 1513 igitur
1902 1476 2104 1509 cantuariam

1233 1521 1276 1552 ad
1299 1523 1469 1561 proximum
1495 1518 1611 1562 Pascha
1636 1521 1657 1552 ἃ
1682 1523 1838 1554 conventu
1863 1530 1989 1556 vocatus
2024 1526 2103 1558 idem

1234 1567 1398 1612 Episcopus
1417 1593 1428 1609 ,
1454 1571 1488 1602 Θ
1505 1574 1538 1601 in
1559 1573 1652 1602 Curia
1674 1574 1884 1604 canonicorum
1909 1572 2011 1606 San&
2031 1577 2103 1607 Gre-

1227 1625 1304 1663 gorii
1325 1617 1488 1662 hospitatus
1510 1618 1550 1659 est
1571 1644 1580 1660 ,
1605 1629 1642 1652 ne
1662 1620 1867 1663 ignorantibus
1888 1623 2040 1656 videretur
2058 1623 2106 1656 aa

1231 1667 1375 1712 expensas
1392 1669 1481 1711 fuisse
1498 1667 1726 1711 Monachum,
1747 1669 1779 1712 fi
1783 1675 1815 1702 in
1838 1676 2039 1706 eorumcuria
2049 1672 2103 1706 ba-

1228 1719 1309 1752 beret
1319 1717 1493 1761 hospitium.
1521 1718 1558 1751 ln
1571 1718 1787 1763 Metropolita
1807 1720 1896 1755 aliud
1909 1722 1955 1755 est
1976 1722 2103 1756 Metro-

1228 1768 1364 1812 'politica
1381 1793 1392 1808 ,
1419 1767 1507 1801 aliud
1530 1768 1723 1803 Dioecesana
1747 1768 1917 1804 Potestas:
1946 1771 1990 1805 Et
2008 1769 2104 1815 hujus

1230 1819 1329 1852 solius
1350 1818 1437 1851 vices
1458 1817 1491 1851 in
1514 1817 1741 1853 Cantuarienfi
1761 1820 1946 1864 Metropoli
1963 1817 2104 1856 habebat

1229 1868 1409 1912 Episcopus
1431 1867 1591 1901 Roffenfis
1610 1893 1617 1900 .
1644 1869 1806 1903 ordinare
1827 1871 1992 1911 Clericos,
2017 1870 2104 1905 dedi-

1227 1930 1299 1952 care
1321 1918 1481 1952 Ecclesias
1503 1942 1513 1957 ,
1539 1918 1700 1952 conficere
1721 1917 1860 1953 chrisma
1881 1944 1892 1961 ‚
1919 1919 2046 1967 aliaque
2067 1918 2102 1954 id

1225 1979 1329 2013 genus
1348 1967 1554 2002 pontificalia
1569 1978 1718 2001 exercere
1740 1970 1868 2013 potuit,
1895 1980 2102 2013 nequaquam

1226 2029 1337 2053 tamen
1360 2017 1545 2052 consecrare
1563 2018 1757 2060 Episcopos,
1787 2030 1847 2052 nec
1859 2019 1962 2061 ipsum
1974 2020 2104 2054 Metro·

1228 2069 1364 2113 politam
1386 2080 1394 2100 :
1422 2067 1611 2110 Spestabant
1635 2066 1701 2100 haec
1720 2068 1759 2101 ad
1782 2066 1884 2102 Proto
1896 2067 2102 2125 -QThronum

1226 2117 1489 2156 Londinensem‚
1517 2127 1572 2150 aut
1589 2117 1658 2158 ipso
1671 2117 1825 2150 defuncto
1847 2117 1897 2151 vel
1918 2116 2101 2161 impedito,

1229 2169 1270 2202 ad
1285 2167 1538 2202 Vintoniensem
1551 2191 1558 2199 .
1586 2167 1629 2200 Et
1642 2166 1699 2200 ista
1713 2167 2000 2212 fuitantiquiffima
2011 2168 2102 2202 illius

1230 2216 1610 2256 Ecclesipeconsuetudo.
1637 2212 1699 2250 Per
1722 2226 1818 2259 quem
1844 2217 1893 2251 vel
1909 2215 1971 2260 qua
1982 2219 2104 2252 decau-

1229 2270 1258 2301 sa
1268 2268 1417 2301 inductus
1430 2266 1524 2300 fuerit
1535 2265 1795 2309 Chorepiscopus
1808 2266 1967 2301 Vifitator
1977 2291 1988 2306 ,
2001 2267 2103 2310 usque

1230 2317 1293 2351 huc
1308 2328 1375 2351 non
1389 2316 1499 2350 inveni
1517 2340 1524 2347 .
1552 2310 1725 2360 Qudquid
1751 2315 1811 2356 fit,
1838 2317 1963 2350 avitum
1977 2327 2103 2350 rnorem

1230 2366 1385 2411 reparavit
1408 2366 1541 2400 Sanstus
1568 2365 1771 2403 Lanfrancus
1791 2390 1801 2406 ,
1826 2376 1923 2407 atque
1951 2367 1995 2399 ita
2015 2367 2105 2399 lucet

1231 2417 1383 2460 antiquos
1399 2414 1439 2449 de
1462 2414 1523 2456 hac
1542 2425 1576 2447 re
1592 2413 1747 2449 Canones
1770 2415 1804 2449 in
1823 2415 1947 2460 Anglia
1965 2412 2106 2451 omnino

1231 2468 1382 2511 viguiffe.

1281 2516 1402 2550 Eadem
1414 2516 1458 2549 est
1476 2514 1558 2548 tatio
1577 2513 1755 2549 Gallicanae
1777 2514 1941 2549 Ecclesiae.
1970 2514 2106 2550 Etenim
2122 2526 2196 2565 c2p.
2213 2530 2280 2562 6³1⁸·

1233 2567 1377 2609 Rejenfis
1389 2565 1540 2608 Synodus
1560 2563 1670 2597 statuit
1683 2588 1694 2604 ,
1720 2573 1756 2597 ut
1766 2565 1806 2598 ad
1818 2559 2038 2608 sepeliendum
2061 2565 2104 2599 vi-

1231 2618 1335 2651 duatae
1356 2613 1525 2650 Cathedrae
1546 2614 1745 2657 Episcopum
1766 2615 1853 2648 solus
1877 2614 2044 2648 vicinioris
2060 2614 2105 2648 ci-

1233 2668 1344 2700 vitatis
1371 2666 1517 2699 Antistes
1542 2663 1674 2698 accedat
1696 2688 1706 2703 ‚
1733 2665 1788 2708 qui
1818 2663 2002 2698 Vifitatoris
2031 2663 2104 2698 vice

1231 2717 1383 2760 disponat
1405 2715 1446 2749 de
1455 2714 1548 2748 rebus
1570 2714 1736 2754 Ecciefiae,
1763 2713 1859 2756 idque
1875 2714 1959 2747 intra
1983 2713 2103 2757 septem

1232 2768 1317 2807 dies,
1345 2765 1460 2810 quibus
1479 2764 1571 2807 lapsis
1593 2764 1721 2797 recedat
1743 2763 1782 2796 ad
1802 2762 1950 2807 propria,
1975 2763 2009 2796 ὅ(
2026 2774 2103 2797 cum

1231 2818 1303 2850 aliis
1319 2818 1375 2850 suae
1387 2814 1570 2849 Provinciae
1590 2813 1758 2856 Episcopis
1777 2814 1935 2855 exspectet
1949 2814 2103 2847 ulteriora

1234 2867 1452 2908 Metropolitae
1471 2863 1622 2898 mandata
1639 2886 1646 2894 .
1674 2862 1820 2896 Hilarius
1831 2863 2022 2896 Arelatensis
2042 2864 2106 2896 Ar·

1234 2916 1455 2960 chiepiscopus
1475 2914 1516 2948 de
1533 2913 1711 2947 Primatiali
1731 2914 1801 2955 jure
1821 2911 2006 2956 disputabat
2025 2923 2104 2946 tunc

1233 2978 1308 3000 cum
1333 2966 1448 3000 vicinis
1468 2963 1650 2998 Provinciis
1670 2986 1681 3002 ,
1708 2963 1747 2995 ad
1770 2961 1931 3004 Jacobum
1959 2961 2105 2996 Ebredu-

1237 3018 1365 3050 nensem
1389 3014 1637 3057 Metropolitam
1659 3012 1878 3055 sepeliendum
1896 3012 1963 3045 duo
1973 3013 2105 3046 accesse-

1234 3077 1303 3100 rant
1326 3065 1499 3110 Episcopi,
1523 3064 1555 3097 δε
1578 3061 1700 3095 Hilarii
1722 3062 1837 3095 fastum
1860 3064 2020 3096 aversatus
2032 3062 2105 3096 Cle-

1236 3127 1285 3149 rus
1313 3116 1346 3149 &
1373 3115 1509 3159 populus
1535 3113 1619 3155 ipsos
1635 3123 1788 3157 coegerat
1814 3111 1853 3146 ad
1877 3113 1943 3146 fine
1963 3113 2045 3145 faeta
2063 3110 2105 3144 ad

1237 3167 1339 3208 ipsum
1367 3165 1524 3199 relatione
1560 3162 1815 3195 consecrandum
1850 3163 1943 3195 suum
1968 3161 2104 3195 electum

1240 3216 1500 3249 Armentarium.
1530 3212 1695 3254 Ejusmodi
1709 3213 1802 3246 ausus
1819 3211 1965 3246 adductis
1985 3211 2107 3244 Decre-
2221 3238 2244 3252 l

1237 3266 1277 3298 tis
1295 3276 1411 3298 conata
1434 3263 1478 3296 est
1500 3262 1558 3295 ista
1579 3262 1732 3305 Synodus
1753 3262 1875 3295 sistere.
1903 3261 1946 3294 Et
1968 3260 2009 3293 ad
2030 3261 2107 3294 San·

1238 3317 1322 3348 Ctum
1350 3314 1520 3348 Caesarium
1539 3312 1763 3345 Arelatensem
1786 3315 1862 3345 item
1883 3309 2108 3353 Archiepisco.

1240 3376 1315 3406 pum
1346 3365 1386 3398 de
1413 3362 1613 3405 Episcopalis
1646 3362 1812 3396 elediionis
1849 3361 1953 3394 forma
1989 3360 2109 3402 scripsit

1238 3413 1454 3458 Symmachus
1480 3411 1634 3446 Pontifex
1662 3424 1669 3444 :
1704 3413 1857 3444 Decretum
1882 3409 1944 3451 fine
1981 3409 2112 3451 Vifitato-
2129 3434 2214 3474 Epist.
2237 3443 2261 3471 3·

2019 3471 2062 3492 ’Ἦ
2128 3485 2154 3506 c.
2179 3480 2206 3505 6.
