2352 3756
932 163 1457 210 INDEX.

248 276 252 280 -
316 256 539 294 idololatriam
565 254 622 299 qui
647 253 797 288 dolorem
823 246 1016 281 delistmum
1029 245 1161 279 suorum

313 320 386 343 toto
400 308 498 342 corde
509 307 542 340 ὃς
563 304 732 338 manifesta
755 296 1004 336 lamentationis
1015 296 1077 328 suae
1092 306 1162 338 pro-

314 360 450 393 fessione
462 368 529 391 non
540 355 705 390 testaretur
721 378 726 384 .
1030 355 1111 392 273.
1145 353 1159 377 1

261 407 405 444 Aeacius
429 408 610 451 Episcopus
632 416 690 446 pro
713 398 941 444 redemptione
956 397 1160 449 captivorum

310 459 459 493 Ecclesiae
472 458 543 490 vasa
557 453 731 489 conflanda
751 449 875 486 curavit
888 473 895 480 .
926 456 1003 492 124.
1032 458 1062 482 2-
1082 445 1162 487 Ejus

312 510 414 553 pietas
426 509 443 541 ὲ
458 506 607 540 Chosroe
619 504 786 538 Persarum
800 502 894 542 Rege
904 496 1101 551 collaudata.
1116 494 1159 528 ib.

263 558 462 593 Accidentia
486 555 710 591 Eucharistica
732 554 798 586 fine
820 548 965 591 subjecto
997 546 1159 581 exrstunt.

312 618 394 655 150.
422 619 452 644 2-

263 659 463 695 Accidentia
486 655 711 692 Eucharistica
737 663 857 698 negare
879 647 1033 683 videntur
1043 647 1160 680 Icono-

316 708 440 744 classae.
1021 704 1105 752 252.
1138 707 1154 731 1

262 758 462 794 Accidentia
479 756 703 792 Eucharistica
718 777 729 792 ,
746 763 859 787 utrum
874 750 1007 784 redeant
1021 756 1054 800 in
1069 746 1157 778 suam

314 809 483 853 pristinam
499 817 646 842 naturam
658 829 669 846 ‚
696 806 750 838 seu
765 814 806 837 an
831 802 921 835 suam
941 794 1157 830 annihilatam

314 858 525 891 substantiam
538 856 697 898 recipiant
711 854 727 884 ?
1031 856 1108 891 155·
1139 857 1154 881 1

264 907 464 942 Accidentia
487 903 709 940 Eucharistica
734 899 931 944 quibusdam
946 895 1096 930 videntur
1110 896 1158 929 in-

313 956 554 1001 corruptibilia.
584 964 664 999 155.
699 963 731 986 2.
770 950 851 983 Haec
863 945 1021 983 sententia
1033 957 1100 979 non
1113 946 1162 979 vi-

314 1007 409 1041 detur
431 1005 563 1041 destitui
588 1001 805 1037 fundamento
819 1024 826 1032 .
935 1007 1012 1044 155.
1040 1007 1071 1032 2.
1098 996 1156 1031 &c.

315 1055 403 1092 Vide
414 1053 603 1093 Euchartstta
618 1079 625 1085 .

263 1105 403 1141 Adelais
432 1103 601 1139 Sabaudiae
626 1099 801 1136 Comitiffa
829 1123 841 1139 ‚
877 1097 965 1142 quod
1003 1097 1160 1131 Ecclesias

312 1168 381 1190 non
405 1154 559 1198 diriperet
572 1178 582 1193 ,
610 1151 787 1196 plurimum
801 1146 1033 1183 commendata
1045 1147 1061 1179 a
1081 1148 1159 1181 San-

313 1209 367 1240 &o
377 1205 475 1239 Petro
488 1203 646 1238 Damiani
662 1227 668 1234 .
1051 1196 1105 1243 65.
1140 1208 1154 1232 1

263 1256 435 1291 Adrianus
459 1264 593 1299 quartus
604 1261 776 1294 utramque
795 1249 939 1284 Siciliam
951 1247 985 1281 in
999 1248 1157 1292 Regnum

313 1307 440 1340 evexit.
1025 1308 1100 1343 141.
1140 1308 1155 1334 1

264 1354 431 1391 Adrianus
443 1366 558 1400 quarto
572 1355 590 1388 ὲ
599 1350 917 1388 GuilielmusSiculo
927 1350 1073 1393 captivus
1082 1359 1158 1382 con-

313 1407 412 1440 sentit
424 1408 457 1440 in
472 1405 662 1440 soediffimos
676 1404 762 1447 pacis
774 1401 928 1436 articulos
944 1424 952 1431 .
1031 1408 1107 1444 141.
1140 1410 1155 1434 1

263 1456 423 1491 Africana
434 1456 579 1490 Ecclefia
592 1454 610 1489 ὲ
623 1455 777 1488 Romana
805 1451 946 1485 Ecclesia
960 1451 1085 1492 accepit
1101 1449 1157 1492 pri-

312 1518 386 1540 mos
397 1508 558 1541 Doctores
571 1530 581 1546 ,
606 1514 704 1548 atque
717 1503 897 1545 Episcopos
910 1525 919 1532 .
1033 1496 1110 1547 383.
1141 1510 1156 1534 1

263 1557 415 1591 Africani
440 1557 475 1590 in
496 1553 700 1598 exponendis
714 1554 808 1587 sacris
821 1550 993 1595 Scripturis
1009 1560 1076 1583 non
1090 1549 1160 1583 raro

311 1607 467 1641 recedunt
478 1605 497 1639 a
509 1607 614 1640 littera
626 1629 635 1636 .
1027 1598 1104 1635 166.
1137 1611 1159 1635 2

262 1654 385 1693 Africae
395 1657 497 1688 totius
509 1655 637 1687 Primas
651 1675 662 1691 ‚
687 1661 785 1696 atque
799 1650 970 1686 Exarchus
988 1648 1160 1693 Carthagi-

311 1705 451 1748 ginenfis
462 1703 661 1746 Episcopus.
1017 1696 1095 1744 278·
1137 1709 1153 1732 1

262 1752 433 1798 Agapetus
456 1751 615 1786 Pontifex
629 1751 793 1784 Mennam
816 1746 1159 1789 Constantinopolita-

312 1815 394 1837 num
407 1802 607 1846 Episcopum
621 1798 751 1833 ordinat
764 1822 774 1837 ‚
791 1798 1030 1841 postulantibus
1042 1796 1158 1829 Orien-

312 1852 432 1887 talibus
455 1850 733 1886 Archimandritis
744 1874 751 1881 .
781 1849 899 1896 367.1.
926 1848 1060 1881 Fanum
1074 1843 1107 1878 id
1119 1845 1157 1878 se·

311 1903 458 1937 cundum
482 1900 663 1939 Canoms,
689 1900 723 1932 &
746 1910 786 1931 ex
809 1897 917 1930 Sancti
932 1896 1022 1929 Petri
1034 1895 1158 1937 privile-

310 1953 371 1997 glo
385 1978 393 1986 .
425 1951 502 1999 367.
533 1962 566 1987 2.
589 1947 773 1983 Ordinatio
784 1945 840 1978 illa
853 1945 917 1978 fuit
932 1945 1031 1977 etiam
1041 1945 1058 1977 a
1070 1942 1158 1985 Justi-

311 2002 416 2036 nlano
429 2002 629 2042 Imperatore
641 1997 803 2040 postulata
818 2017 829 2032 ,
853 1996 886 2027 δε
899 1993 916 2026 ὲ
927 1995 1042 2034 quinta
1054 1995 1157 2035 Syno-

312 2051 360 2085 do
384 2049 518 2084 admissa
540 2048 574 2081 &
592 2045 806 2089 comprobata
820 2067 832 2084 ‚
859 2053 1000 2086 totoque
1019 2042 1158 2076 Oriente

312 2101 349 2135 in
362 2100 427 2134 suis
439 2097 627 2134 Ritualibus
638 2122 646 2129 .
1076 2091 1153 2126 ibid.

262 2150 428 2186 Aicatdus
442 2147 637 2183 Arelatensis
650 2143 926 2188 Archiepiscopus
944 2143 1039 2177 variis
1051 2142 1085 2176 in
1100 2145 1157 2186 Sy-

316 2201 413 2236 nodis
425 2201 609 2235 damnatus:
620 2195 735 2230 Postea
746 2204 855 2229 tamen
870 2193 1120 2240 restitutus-327.
1145 2204 1156 2226 1

261 2251 370 2287 Anno
383 2249 595 2285 Coloniensis
618 2246 800 2291 Episcopus
813 2244 1006 2279 Simoniacae
1021 2244 1156 2288 pravita-

313 2302 355 2335 tis
371 2301 570 2345 profligator.
1075 2305 1105 2341 3-
1134 2305 1155 2330 2

261 2351 492 2395 Albaspinaeus
512 2350 547 2384 in
568 2347 792 2392 explicatione
811 2345 1012 2382 Tertulliani
1026 2343 1154 2379 videtur

315 2401 465 2437 deviare.
744 2396 855 2446 1732.
882 2396 995 2434 2662-
1025 2393 1102 2432 280.
1131 2407 1151 2432 2

260 2451 455 2487 Alexander
474 2449 633 2484 secundus
654 2458 867 2483 communem
891 2447 1096 2480 clericorum
1111 2446 1155 2479 vi-

310 2514 378 2537 tam
391 2501 505 2537 dilexit
517 2526 524 2533 .
554 2501 607 2548 36.
625 2512 651 2535 1.
680 2500 861 2533 Lucensem
875 2499 967 2530 suum
982 2496 1153 2539 Episcopa-

310 2564 382 2587 tum
393 2552 480 2586 dedit
494 2550 653 2584 Anselmo
667 2547 841 2582 Monacho
854 2545 1057 2581 sanctiffimo.
1072 2544 1148 2580 ibid.

260 2602 400 2638 Alexius
412 2603 605 2637 Comnenus
619 2600 797 2642 Imperator
811 2595 1152 2639 Constantinopolita-

312 2665 373 2688 nus
394 2653 574 2687 maximam
598 2649 771 2692 pecuniam
794 2647 946 2681 Henrico
957 2647 1148 2690 Imperatori

308 2703 486 2739 transmisit
498 2726 509 2742 ‚
533 2711 570 2734 ut
584 2699 767 2734 Robertum
779 2698 911 2732 Ducem
925 2697 1013 2730 bello
1026 2708 1150 2740 appete·

309 2765 376 2788 ret.
408 2750 765 2800 336.1.AtHenricus
781 2748 951 2791 pecuniam
967 2746 1057 2780 illam
1074 2759 1149 2781 con-

1940 187 2005 231 40
2020 190 2035 217 r

1275 243 1382 279 solum
1394 243 1567 278 Ciborium
1580 248 1878 292 comprehendunt.
1984 261 2058 295 104-
2085 265 2108 288 2.

1223 293 1388 330 ‘Altarium
1400 295 1601 329 consecratio
1612 299 1829 341 antiquiffima
1845 325 1852 332 .
1984 299 2057 336 181-
2084 313 2107 337 2.

1227 345 1354 380 Altaria
1369 346 1555 379 consecrare
1567 344 1653 386 apud
1666 348 1768 381 varias
1779 350 1903 383 Gentes
1916 361 1982 384 non
1994 349 2108 390 licuit,

1274 396 1374 430 etiam
1387 394 1556 430 Cardinali
1569 394 1734 437 Episcopo
1745 396 1808 430 fine
1830 401 1923 434 venia
1935 401 2110 443 Metropo-

1277 444 1382 479 litani.
1979 459 2057 486 220-
2083 461 2107 486 2

1227 495 1340 530 Altare
1352 494 1566 529 domesticum
1578 519 1588 535 ,
1609 494 1643 528 in
1656 505 1723 537 quo
1734 495 1942 532 reconderent
1953 497 2109 532 Euchari-

1276 546 1384 586 stiam,
1395 545 1527 588 quidam
1538 544 1649 579 fideles
1659 544 1742 578 olim
1755 542 1931 580 habebant.
1960 557 2070 594 2041.
2084 559 2107 585 2

1225 594 1387 630 Amalarii
1402 605 1515 630 natura
1528 594 1738 639 phlegmatici
1754 595 1917 638 scrupulus
1928 597 1966 630 de
1977 599 2107 641 sumpto

1276 645 1399 680 Christi
1412 645 1573 690 Corpore.
1992 658 2055 692 155
2087 658 2105 683 1

1225 697 1255 730 S.
1278 690 1450 792 1{rgnbrzofii
1470 696 1511 731 de
1530 693 1731 730 Eucharistia
1742 694 1889 730 doctrina
1900 694 2084 731 orthodoxa
2100 721 2108 728 .

1224 798 1256 831 S.
1284 796 1450 831 Ambrosii
1463 795 1503 830 de
1515 795 1730 829 sacramentis
1740 793 1840 829 libros
1851 798 1913 830 effe
1925 797 2110 841 legitimos,

1275 846 1435 890 quidquid
1458 846 1558 889 aliqui
1581 845 1808 880 contradicant
1820 845 2110 881 restedemonstrat

1275 899 1415 940 Joannes
1442 896 1625 930 Heffelius.
1980 896 2056 932 166.
2087 907 2106 932 1

1223 946 1252 979 S.
1286 945 1634 988 Ambrofiusaquibus
1655 945 1956 980 fueritordinatus?
1985 943 2059 994 380-
2088 957 2107 983 1

1275 997 1402 1030 Fisturn
1417 1015 1431 1038 ,ι
1454 995 1542 1038 quod
1568 996 1737 1031 ordinatus
1757 996 1854 1032 fuerit
1875 997 1999 1041 aplena
2009 996 2110 1030 Italiae

1274 1047 1432 1091 Synodo.
1980 1044 2055 1094 381-
2088 1057 2107 1082 1

1224 1097 1254 1131 S.
1284 1096 1473 1132 Ambrosius
1494 1110 1534 1132 ex
1556 1097 1702 1141 delegata
1713 1096 1910 1132 authoritate
1924 1099 1954 1132 S.
1977 1097 2110 1131 Damasi

1275 1146 1449 1182 Pontificis
1472 1148 1691 1192 syrmiensem
1715 1148 1914 1191 Episcopum
1926 1147 2110 1181 Anemium

1274 1198 1460 1231 ordinavit.
1816 1199 1891 1246 376·
1919 1210 1950 1234 2·
1981 1196 2060 1244 389-
2090 1207 2107 1233 1

1224 1246 1254 1281 S.
1283 1246 1476 1282 Ambrosius
1488 1260 1554 1292 quo
1580 1248 1648 1291 jure
1666 1249 1870 1282 attentaverit
1889 1247 2034 1282 Felicem
2046 1247 2112 1281 Co-

1274 1299 1419 1331 mensem
1430 1299 1623 1332 ordinarein
1638 1299 1743 1333 aliena
1756 1299 1955 1333 Provincia?
1980 1297 2058 1344 389.
2092 1309 2109 1333 1

1224 1348 1253 1381 S.
1267 1348 1460 1382 Ambrofius
1472 1349 1505 1382 in
1520 1349 1678 1383 Concilio
1694 1348 1892 1392 Aquileiensi
1903 1348 1975 1392 egit
1986 1346 2115 1386 omnia,

1273 1399 1334 1432 fuir
1347 1410 1394 1438 os,
1404 1399 1436 1432 ὅ(
1449 1398 1563 1444 lingua
1578 1398 1723 1432 Concilii
1735 1423 1745 1437 ,
1759 1409 1888 1442 propter
1898 1398 2051 1431 dostrinae
2061 1408 2115 1431 ex.

1273 1448 1544 1489 cellentiam,non
1558 1461 1610 1492 per
1622 1449 1711 1482 Sedis
1724 1448 1982 1492 Praerogativam.
1998 1446 2073 1494 389.
2093 1458 2111 1483 1

1224 1501 1254 1534 S.
1285 1498 1476 1534 Ambrosius
1502 1499 1691 1534 Ticinenfis
1731 1499 1879 1533 Ecclefiae
1911 1498 2116 1542 Episcopum-

1273 1551 1456 1584 consecrat.
1988 1558 2063 1595 390.
2094 1558 2112 1584 1

1224 1598 1353 1634 Amulae
1363 1624 1374 1640 ‚
1385 1599 1545 1643 quidquid
1557 1601 1632 1633 sint?
1651 1609 1758 1644 103.1.
1771 1598 1802 1632 A
1815 1597 1985 1634 Fidelibus
1994 1598 2112 1632 oblatae

1274 1650 1308 1683 in
1319 1661 1423 1684 unum
1434 1651 1576 1684 calicem
1591 1650 1758 1692 conjeetae.
2034 1650 2114 1684 ibid.

1224 1699 1375 1733 Ananias
1398 1701 1431 1733 &
1455 1699 1610 1743 Sapphira
1636 1711 1678 1734 ex
1699 1699 1878 1743 Augustini
1902 1700 2048 1734 dofflina
2063 1711 2118 1744 per

1272 1748 1486 1790 temporalem
1511 1758 1650 1782 mortem
1674 1750 1846 1783 transmiffi
1872 1751 1907 1783 in
1937 1750 2117 1794 Regnum.

1273 1807 1352 1841 255-
1384 1808 1412 1831 1.
1443 1807 1519 1842 303-
1551 1809 1579 1833 1-

1224 1847 1253 1881 S.
1283 1845 1423 1879 Andreas
1445 1844 1592 1879 Abbates
1606 1870 1616 1886 ,
1642 1857 1683 1879 an
1705 1849 1827 1881 fuerint
1848 1849 2120 1893 Lugdunensium

1274 1894 1612 1939 Archiepiscoporum
1636 1897 1671 1929 in
1695 1897 1950 1932 administranda
1978 1900 2119 1937 Ecclesia

1274 1944 1432 1980 vicarii?
1793 1959 1870 1994 217.
1902 1961 1933 1985 2.
1989 1961 2066 1996 219.
2095 1966 2118 1991 2

1222 1995 1253 2028 S.
1282 1994 1423 2030 Andreae
1435 1993 1589 2039 Apostoli
1601 2006 1699 2039 caput
1713 1997 1747 2030 in
1761 1998 1895 2040 Jubilaeo
1908 2000 2051 2034 Romam
2065 2003 2119 2036 de-

1272 2045 1395 2079 latum.
1989 2051 2064 2096 306.
2093 2065 2117 2090 2

1222 2094 1329 2139 Angli
1355 2094 1465 2139 Reges
1494 2096 1626 2128 noviter
1647 2094 1862 2130 intrhonizati
1886 2099 2034 2141 sempera
2048 2103 2119 2137 Ro.

1269 2156 1370 2179 mano
1394 2143 1560 2179 Pontifice
1591 2142 1852 2180 benedictionem
1889 2149 2116 2190 postularunt,

1270 2205 1348 2243 243·
1376 2207 1408 2233 2·

1221 2246 1410 2290 Anglorum
1420 2247 1510 2281 Gens
1520 2244 1756 2283 benedictionis
1768 2246 1991 2292 Ecclefiastice
1999 2260 2117 2292 amans

1270 2307 1315 2342 24
1345 2321 1351 2328 .
1383 2307 1411 2332 1-

1219 2307 1349 2381 Animie
1379 2346 1493 2381 nostrae
1510 2358 1577 2382 non
1594 2346 1723 2390 possunt
1735 2347 1767 2381 in
1782 2349 1957 2385 Daemones
1968 2355 2110 2397 mutari,

1271 2395 1541 2441 mentiunturque
1562 2399 1730 2440 Demones
1749 2398 1894 2435 dicentes
1910 2403 1941 2436 se
1964 2405 2026 2439 esse
2040 2407 2111 2440 ani-

1268 2458 1337 2482 mas
1351 2447 1506 2482 monachi
1518 2473 1528 2487 ,
1542 2448 1603 2481 &c.
1969 2465 2047 2500 259,
2085 2467 2103 2493 1

1217 2496 1348 2532 Anima:
1378 2497 1548 2533 nobiscum
1573 2509 1643 2533 non
1674 2501 1841 2535 versantur
1859 2525 1872 2542 ,
1898 2503 1952 2537 sed
1978 2505 2104 2550 Angeli

1266 2549 1364 2583 mali.

307 2815 357 2838 tra
378 2803 596 2846 juramentum
620 2798 662 2835 ad
682 2796 929 2834 conciliandum
952 2795 1010 2830 fibi
1030 2798 1148 2842 vulgus
1209 2800 1317 2837 Annae
1337 2801 1518 2836 Comnenae
1541 2801 1577 2836 in
1596 2801 1792 2847 Gregorium
1805 2804 1976 2849 septimum
1988 2808 2097 2841 convi-

309 2855 500 2888 Romanum
510 2851 667 2895 expendit
679 2874 687 2882 .
1066 2847 1143 2882 ibid.

261 2904 399 2939 Alexius
411 2903 604 2936 Comnenus
618 2901 751 2944 punitus
765 2923 772 2932 .

259 2954 399 2989 Alexius
421 2953 592 2986 Menezius
614 2949 750 2985 Ordinis
770 2948 1022 2984 Eremit-Sanc'ti
1036 2949 1144 2993 Augu-

307 3004 408 3044 stini,
434 3001 708 3046 Archiepiscopus
732 3001 891 3039 Goanus,
917 3000 950 3033 δε
965 2999 1144 3034 orientalis

306 3053 411 3087 lndiae
420 3051 568 3091 Primas,
594 3052 629 3085 in
648 3050 894 3096 Angamallenfi
909 3048 1046 3093 Synodo
1063 3049 1143 3084 anti-

306 3113 406 3147 quam
420 3102 553 3135 Miffam
566 3101 657 3134 istius
667 3101 776 3145 gentis
788 3100 891 3134 edidit
906 3124 913 3131 .
1016 3098 1093 3136 206.
1120 3111 1142 3136 2

259 3153 388 3187 Altaria
408 3152 533 3197 vulgari
556 3151 718 3184 vocabulo
741 3152 774 3183 in
798 3150 979 3183 Galliarum
999 3149 1142 3193 partibus

313 3202 463 3237 Ecclefiae
474 3201 525 3235 vel
542 3200 690 3234 Decimae
708 3210 885 3235 vocantur.
1041 3197 1094 3246 89.
1122 3211 1138 3236 1

259 3254 374 3287 Altare
385 3253 519 3286 unicum
532 3251 565 3284 in
578 3250 720 3284 Ecclesia
730 3250 965 3293 qualibetolim
978 3248 1140 3284 habebant

306 3303 442 3342 Latini,
469 3300 737 3335 ficutetiamnum
759 3301 882 3334 Graeci.
1036 3298 1089 3346 89.
1121 3312 1136 3337 1

255 3352 424 3388 Altarium
450 3351 596 3387 Cortinae
615 3351 840 3395 antiquiffimae
853 3373 863 3389 ,
887 3350 920 3384 &
943 3350 977 3384 in
997 3350 1139 3385 Ecclesia

303 3402 498 3437 retinendae.
1016 3411 1090 3447 195.
1122 3413 1137 3437 1

256 3452 377 3487 Altaris
399 3453 477 3486 sacri
499 3453 593 3495 Septa
618 3462 687 3485 non
707 3451 843 3487 Sacratii
860 3451 1057 3493 Cancellos,
1084 3452 1138 3486 sed

355 3502 540 3546 ChristLupt'
551 3507 651 3546 Opera
668 3505 752 3535 T.V1.

1973 2567 2050 2602 259·
2079 2570 2106 2595 2

1215 2597 1321 2633 Annae
1348 2598 1529 2634 Comnenae
1550 2599 1586 2633 in
1603 2599 1772 2636 scribendo
1793 2613 1936 2645 errore-r,
1964 2606 1997 2639 ὅ(
2016 2606 2101 2641 calu-

1260 2650 1378 2683 mniae.
1977 2667 2050 2705 135-
2077 2670 2100 2695 2

1212 2700 1316 2735 Annae
1349 2699 1530 2734 Comnenae
1551 2700 1586 2734 in
1617 2701 1815 2748 Gregorium
1839 2704 2009 2748 septimum
2028 2707 2099 2742 odii

1260 2752 1366 2786 causa.
1968 2757 2044 2803 146.
2076 2769 2098 2795 2

1256 2853 1310 2887 tia.
1960 2866 2035 2905 339-
2072 2870 2095 2894 2

1021 2908 1096 2945 134-
1123 2911 1145 2935 2
1207 2903 1236 2935 S.
1254 2902 1409 2938 Annonis
1420 2901 1548 2938 obitus.
1988 2916 2043 2952 40-
2072 2918 2094 2943 2

1207 2952 1483 2988 Annuntiationis
1505 2956 1623 2989 festum
1636 2965 1811 2989 occurrens
1831 2955 1865 2988 in
1883 2955 2096 3004 Qadragefi-

1254 3015 1309 3038 ma
1323 3004 1508 3039 Graecorum
1524 3004 1673 3039 Ecclefiae
1684 3016 1751 3040 non
1763 3006 1999 3040 consueverunt
2011 3007 2094 3042 cele-

1255 3052 1344 3088 brare
1359 3079 1369 3094 ,
1398 3055 1540 3099 ideoque
1567 3056 1715 3099 Hispana
1739 3055 1820 3089 olim
1844 3054 1984 3089 Ecclesia
2006 3055 2091 3091 istud

1255 3104 1371 3139 festum
1396 3116 1464 3138 non
1486 3105 1521 3139 in
1533 3104 1789 3154 Qadragefima
1802 3129 1814 3145 ,
1840 3103 1940 3139 sedin
1953 3107 2091 3140 Decem-

1255 3154 1303 3188 bri
1317 3154 1495 3190 celebrabat
1508 3181 1515 3187 .
1984 3159 2039 3202 84.
2066 3168 2090 3192 2

1204 3205 1232 3239 S.
1260 3204 1413 3240 Anselmi
1436 3204 1615 3240 authoritas
1637 3204 1927 3240 &sacramentariis
1942 3217 2089 3241 contem-

1253 3255 1341 3289 nitur
1352 3281 1359 3289 .
1962 3265 2037 3303 170-
2066 3267 2084 3292 1

1202 3307 1230 3341 S.
1259 3304 1407 3339 Anselmi
1419 3304 1459 3340 de
1469 3302 1670 3340 Eucharistia
1682 3307 1840 3340 sententia
1853 3331 1860 3339 .
1873 3317 1942 3352 170.
1970 3319 2000 3343 2.
2024 3307 2089 3340 Re-

1252 3355 1299 3389 ste:
1311 3357 1418 3395 sentit,
1432 3355 1483 3389 sed
1496 3368 1563 3390 non
1577 3356 1657 3390 recte
1668 3356 1813 3398 loquitur
1824 3370 1831 3390 z
1843 3357 1886 3391 Et
1898 3360 1977 3391 cur?
1995 3367 2053 3402 ¹7¹-
2070 3369 2083 3392 1

1203 3403 1385 3449 Anti-Papa
1400 3406 1519 3448 primus
1534 3407 1755 3440 Novatianus.
1958 3417 2033 3452 313.
2059 3420 2083 3445 2

1202 3456 1394 3501 Anti-Papae
1402 3457 1507 3492 solent
1519 3456 1648 3491 mittere
1662 3457 1804 3501 Legatos
1813 3455 1853 3492 ad
1864 3466 1979 3491 omnes
1990 3456 2087 3491 Chri-

1572 3508 1601 3542 L
1628 3508 1640 3541 l
1691 3517 1712 3555 3
1912 3506 2036 3541 flianos
