2372 3756
90 2211 124 2238 A.
145 2219 224 2244 ¹077-

663 179 957 226 QJARTUM
995 164 1314 209 Romanum
1351 163 1735 209 Cone-rmum.
1973 180 2040 227 *57

273 255 533 300 giumpaffaesunt
545 278 555 293 ‚
582 253 616 286 (ν
624 250 786 295 secundum
801 249 893 293 prisci
906 252 992 292 juris
1015 252 1141 293 rigorem
1153 273 1163 288 ‚
1228 246 1350 282 Conon
1376 246 1592 293 Praenestinus
1607 245 1807 290 Episcopus,
1832 246 2042 284 &paschalis
2063 252 2108 285 se-

277 319 341 340 mm
351 307 482 340 homme:
493 306 584 348 quam
593 314 643 335 res
659 327 669 343 ‚
702 305 805 346 Regiae
816 302 924 334 ditioni
930 297 1003 342 sunt
1012 304 1159 340 mancipa-
1227 297 1326 344 cundi
1341 308 1397 340 per
1405 295 1549 330 Galliam
1559 296 1703 340 Legatus
1714 321 1724 335 ,
1753 308 1867 339 quarto
1886 298 2108 356 deciquuo.

278 365 319 391 ti.
349 357 393 391 Et
404 357 445 390 de
455 353 599 400 quodam
623 353 784 395 naufrago
795 350 910 385 Olrico
941 349 1161 394 prosequitur:
1226 347 1346 381 decimi
1374 346 1476 380 saeculi
1504 358 1593 380 anno
1616 346 1700 388 apud
1723 346 1911 381 Belluacum
1934 350 1968 384 in
1991 351 2107 384 nostro

288 406 426 449 Ouaesivit
447 412 479 438 in
498 403 652 447 sententia
662 427 673 444 ,
702 401 834 434 anltcite
848 397 991 440 pqffitst‘bi
1004 399 1162 431 vendicare
1227 397 1348 442 Belgio
1360 396 1536 431 celebravit
1547 396 1722 439 Synodum
1735 420 1745 435 ‚
1757 396 1790 429 ὅ(
1803 397 1811 429 i
1817 397 1858 439 pli
1872 398 2003 434 inseruit
2014 398 2107 434 hune

279 439 552 499 zanctptumj'uum
563 479 572 495 ,
589 453 915 493 ubicumquereperiret
926 472 933 479 .
963 451 1008 480 Et
1020 447 1088 480 cum
1096 449 1161 481 lata
1227 448 1398 482 Cononem
1415 459 1422 479 :
1450 450 1639 490 ,Quicumque
1650 457 1695 479 res
1713 445 1926 488 naufragorum
1936 450 2106 492 diripiunt,

277 510 343 551 effi-t
351 505 502 550 sententia
514 530 525 545 ‚
549 503 629 548 quod
633 501 722 544 poffet
733 523 743 539 ,
769 500 856 532 dedit
881 509 1024 541 magnam
1039 499 1162 539 alapam
1224 505 1257 530 ut
1266 504 1399 539 raptores
1411 498 1445 530 (Ὺ
1448 497 1588 538 fratrum
1597 506 1747 530 necatores
1757 495 1796 528 ab
1810 493 1944 538 Ecclefiae
1955 499 2108 533 liminibus

278 560 389 592 olrico,
418 550 792 599 Nempeiniquiffirnam
816 561 856 582 ex
869 548 1042 593 naufragio
1069 549 1157 582 servi·
1225 549 1443 582 excludamur.
1474 547 1587 582 Exstat
1609 547 1643 580 in
1666 546 1837 591 spicilegio
1860 545 1958 580 Lucae
1977 547 2108 584 Dathe-

277 619 382 642 tutem
408 607 536 642 Olricus
557 602 734 645 effugerat,
761 600 795 633 ὃς
816 600 834 633 ὲ
857 597 1000 632 domino
1018 608 1161 642 repertus
1225 598 1285 632 rii.
1314 597 1370 631 Ab
1382 597 1627 631 Honorioitem
1640 595 1781 630 secundo
1794 596 1959 631 pontifice
1981 597 2110 632 &San-

278 660 322 692 est
347 656 387 691 ad
398 655 533 691 eandem
553 650 752 695 judicialiter
773 647 1026 683 condemnatus.
1056 649 1100 682 Et
1124 649 1159 682 in
1226 651 1278 682 sto
1301 646 1498 681 Hildeberto
1511 647 1661 680 Turonis
1684 645 1945 691 Archiepiscopo
1965 647 2108 683 eandem

277 709 390 744 eadem
411 704 578 739 &domino
602 701 815 735 confirmatus
827 710 883 742 per
905 698 1049 742 alapam.
1077 698 1159 732 Hoc
1228 699 1436 742 iniquitatem
1452 696 1623 737 damnari,
1650 697 1742 739 supra·
1761 696 1947 731 audivimus
1968 721 1975 730 .
2003 698 2048 732 Et
2067 699 2107 733 in

277 761 362 792 enim
376 754 550 788 charactere
561 751 716 789 dominus
728 749 930 793 mancipium
943 747 1156 782 vendicabat.
1226 749 1279 784 sua
1301 748 1507 783 Lateranenfi
1532 746 1672 790 Synodo
1696 746 1808 781 statuit
1835 746 2024 782 Alexander
2044 757 2107 783 ter-

276 807 389 850 Pergit
410 804 566 838 Albertus
589 814 595 833 :
628 804 728 834 Avia*
748 802 782 834 6·
803 808 900 832 mater
921 796 979 842 sub,
1000 806 1156 840 praetextu
1225 798 1313 831 tius:
1342 800 1406 841 ,Qui
1431 797 1615 838 Chrzstianos
1635 796 1829 841 naufragium
1844 802 2017 840 patientes,
2042 803 2107 842 qui·

274 856 430 899 naufragii
437 853 580 898 servituti
597 850 669 895 [unt
689 850 821 883 addu‘iae
832 874 841 881 .
871 848 1089 892 Naufragium
1098 849 1160 882 effe
1224 849 1280 881 bus
1287 847 1445 891 ftcundum
1455 847 1527 889 fidei
1535 849 1666 892 regulam
1676 847 1847 891 auxilioesse
1856 856 2010 888 tenemur,
2022 849 2107 882 dam-

278 907 417 940 nauticae
426 905 504 938 artis
517 901 715 946 imperitiam
726 894 893 943 judicabat
907 898 965 932 ista
978 897 1159 939 barbaries,
1203 876 1329 941 inanda
1354 900 1517 942 cupiditate
1550 898 1638 932 rebus
1658 896 1725 940 suis
1745 895 1881 941 spoliare
1897 896 2107 941 praesumunt‚

276 957 414 999 ideoque
437 956 472 989 ὅ(
491 953 669 996 naufragos
688 962 756 984 non
779 948 886 983 solum
908 949 1093 983 transvectis
1116 958 1162 983 re·
1222 947 1280 989 ntfi
1285 947 1389 981 ablata
1398 950 1605 989 reddiderint,
1626 946 1956 991 excommunicationis}
1967 953 2106 983 noverint

277 1008 335 1041 bus
356 1030 367 1044 ,
393 1004 446 1038 sed
478 1004 513 1037 ὃ(
537 1005 604 1047 ipsa
629 1001 779 1036 libertate
805 999 958 1035 censebat
980 998 1158 1043 indignos.
1217 996 1371 1042 subjacere
1390 1022 1397 1030 .
1427 998 1501 1032 Tot
1525 998 1730 1041 Apostolicis
1747 1023 1758 1040 ,
1785 998 2009 1042 synodalibus
2029 1023 2040 1039 ,
2066 1008 2106 1032 ac

276 1056 380 1104 Qod
394 1054 513 1089 liberos
536 1052 687 1088 homines
708 1052 808 1086 etiam
829 1050 894 1084 fine
919 1051 1015 1084 causa
1038 1057 1162 1092 raperet
1225 1047 1340 1092 Regiis
1366 1046 1490 1081 Edistis
1512 1049 1678 1090 peffimam
1698 1048 1880 1083 barbariem
1893 1048 2033 1082 Ecclefia
2053 1047 2106 1083 de-

274 1118 330 1139 aut
341 1115 473 1150 cogeret
487 1105 520 1138 in
536 1104 724 1138 servitutem
738 1126 748 1142 ,
775 1099 862 1135 lucet
872 1099 1070 1143 exantiquis
1082 1098 1162 1142 legi·
1224 1098 1297 1132 buit
1320 1109 1511 1142 oppugnare
1538 1122 1546 1130 .
1585 1099 1629 1132 Et
1650 1108 1821 1142 oppugnat
1854 1100 1956 1141 usque
1984 1096 2101 1133 hodie.

276 1156 334 1190 bus
347 1158 583 1200 Hungarorum
598 1177 607 1185 ·
1224 1149 1235 1181 l
1240 1149 1330 1192 psam
1342 1148 1429 1181 enim
1443 1149 1622 1192 quotannis
1633 1148 1667 1181 in
1679 1148 1865 1182 Dominicae
1878 1147 1990 1182 Coenae
1999 1148 2106 1182 fausta

324 1206 427 1241 Hanc
449 1205 551 1250 igitur
569 1211 705 1238 omnem
729 1200 908 1235 barbariem
932 1198 1068 1234 damnat
1083 1197 1136 1232 hi:
1150 1222 1161 1238 ‚
1224 1199 1302 1233 feria
1323 1200 1592 1233 excommunicat
1618 1198 1653 1232 δε
1674 1198 1753 1232 diris
1779 1199 1922 1234 devovet
1948 1198 2103 1233 Romana

272 1267 309 1290 ac
334 1256 503 1291 eliminare
529 1253 636 1289 studet
663 1251 771 1287 noster
802 1251 1010 1295 Gregorius..
1045 1249 1160 1283 Etiam
1225 1248 1386 1283 Ecclesia.

831 1457 1550 1505 CANONIL

420 1600 710 1651 Rdinationes
744 1598 936 1653 illorum,
977 1596 1057 1662 qui
1092 1594 1148 1644 ab
1182 1596 1572 1644 excommunicatis
1609 1592 1703 1643 sunt
1738 1596 1931 1645 ordinati
1960 1635 1972 1658 ,
2008 1597 2107 1651 san...

274 1601 419 1740 O
455 1677 618 1722 &corum
654 1672 838 1717 Parrum
870 1665 1101 1733 sequentes
1136 1664 1320 1729 vestigia
1352 1700 1365 1726 ‚
1406 1668 1548 1717 irritas
1583 1663 1676 1716 fieri
1713 1663 1959 1717 censemus,

461 1805 488 1850 S
524 1817 549 1848 c
583 1816 616 1846 H
648 1815 681 1850 ο
715 1815 740 1843 L
775 1814 792 1844 Ι
827 1813 859 1843 0
893 1813 925 1843 N
939 1830 954 1842 ι
1216 1796 1297 1832 blicae
1304 1799 1376 1840 jam
1392 1799 1515 1842 pridem
1536 1798 1744 1844 conspirassent
1755 1823 1766 1840 ‚
1792 1799 1933 1845 allorsiem
1951 1804 2111 1840 intendere·

402 1848 406 1853 ‘
1168 1804 1177 1943 Ι
1215 1860 1305 1890 quam
1317 1851 1506 1892 loquerentur
1517 1874 1530 1891 ,
1555 1861 1606 1884 nec
1631 1859 1697 1883 tam
1711 1850 1877 1893 apostolica
1895 1853 2109 1889 sediauevort-

1214 1908 1311 1933 tatem
1323 1899 1454 1942 deferre,
1467 1903 1558 1944 qutim
1568 1910 1603 1935 ut
1614 1901 1795 1945 dignitatem
1806 1906 1932 1947 Regiam
1937 1901 2108 1948 subruant,

1214 1949 1381 1991 occafionem
1403 1962 1535 1993 quaerere
1547 1974 1563 1990 ‚.
1585 1953 1803 1986 &inveterata
1824 1954 1976 1987 adversus
1989 1959 2101 1999 Regem

1213 2000 1282 2032 odia
1303 2011 1379 2034 novo
1402 2004 1551 2045 religionis
1569 2002 1713 2035 vocabulo·
1724 2003 1862 2044 palliare·
1879 2028 1887 2036 .
1915 2007 1999 2037 Eum
2017 2007 2105 2040 reele-

1178 2049 1180 2052 ’
1212 2048 1312 2083 honori
1320 2049 1373 2093 suo
1380 2050 1545 2095 prospicere
1558 2075 1569 2091 ‚
1586 2051 1617 2094 fi
1622 2058 1659 2085 in
1665 2051 1757 2093 hoster
1762 2051 1830 2095 suos
1835 2054 1974 2097 gladium
1986 2054 2101 2098 {quem

1204 2099 1302 2137 juxta
1315 2100 1436 2140 Apostoli
1454 2113 1554 2134 vocem
1576 2104 1620 2134 ad
1631 2103 1803 2135 vindieiam
1814 2105 1966 2138 malorum.
1980 2115 2102 2148 accepe-

1209 2151 1252 2179 rit
1262 2171 1273 2186 ,
1301 2150 1447 2181 maturius
1458 2149 1616 2193 distringat
1627 2174 1643 2189 ‚y
1664 2151 1884 2193 &contemptis
1904 2159 2042 2188 inanium
2050 2167 2099 2190 σοι

1182 2207 1242 2455 Jca
1252 2208 1348 2230 tonum
1358 2199 1493 2232 latibulis
1506 2223 1517 2239 ,
1542 2199 1708 2241 manifestos
1721 2203 1819 2244 Regni
1840 2201 2020 2244 insidiatores
2027 2214 2097 2247 poe-1

267 1949 392 2033 DE
403 1948 499 1993 hujus
518 1947 700 1984 calamitosi
713 1947 870 1991 temporis
891 1946 1028 1982 exordio
1042 1945 1149 1981 scribit

387 1999 580 2035 Lambertus
603 1997 914 2043 Schafnaburgenfis
939 2011 950 2031 .-
969 2001 1052 2042 Jam
1073 1995 1147 2039 solu-

265 2061 312 2084 tus
334 2063 446 2085 carcere
465 2049 517 2093 fito
526 2048 678 2083 sathanas
691 2074 702 2089 ,
729 2061 786 2081 non
802 2047 895 2091 solum
906 2049 1045 2089 corporali
1058 2071 1068 2086 ‚
1090 2046 1148 2089 sed

265 2099 461 2142 &spirituali
469 2109 624 2132 armatura
636 2098 828 2141 oppugnabat
849 2106 955 2138 pacem
963 2096 1146 2138 Ecclesiiasti-

264 2162 329 2182 cam
340 2175 347 2182 .
375 2153 421 2182 Et
432 2160 552 2192 quorum
561 2155 678 2190 corpora
681 2146 843 2190 jugulabat
852 2171 862 2187 ‚
891 2151 1010 2179 animas
1021 2156 1142 2188 quoque,

262 2211 299 2232 ne
308 2205 340 2231 in
351 2208 495 2231 aeternum
507 2203 648 2231 viverent
659 2221 670 2236 ,
697 2196 875 2238 exstinguere
879 2195 1040 2238 satagebat
1053 2219 1060 2228 .
1081 2197 1144 2229 Udo

262 2246 424 2291 Episcopus
436 2244 639 2286 Trevirenfis,
665 2248 760 2277 Roma
783 2252 877 2286 nuper
886 2243 1046 2287 reversus,
1070 2255 1143 2277 com—

261 2302 412 2331 manicare
420 2296 535 2330 nolebat
556 2292 701 2337 Episcopo
714 2298 883 2338 Moguntino
893 2319 905 2335 ,
932 2292 1076 2336 Episcopo
1087 2299 1142 2327 Co·

261 2346 400 2389 lonienfi,
424 2347 537 2381 &aliis
559 2347 651 2388 qudm
670 2344 826 2387 pluribus,
852 2351 903 2387 qui
923 2346 1008 2386 apud
1031 2347 1140 2388 Regem

257 2405 324 2439 prae
336 2402 452 2431 caeteris
464 2396 562 2437 affidui
572 2403 658 2428 eram
669 2419 680 2435 ‚
706 2397 740 2428 (θ’
753 2406 873 2437 quorum
893 2398 958 2427 Rex
982 2399 1080 2427 omnia
1085 2394 1139 2435 fa-

261 2447 355 2481 ciebat
375 2444 483 2488 confilio
499 2471 510 2488 ‚
533 2445 694 2479 obtendens
719 2446 830 2485 ocos,
854 2446 888 2477 Θ
910 2443 1004 2487 ipsum
1029 2448 1139 2489 Regem

260 2501 519 2530 excommunicatos
531 2496 583 2539 effe
593 2497 613 2527 ὰ
624 2499 754 2527 Romano
770 2495 906 2537 Pontifice
918 2519 928 2534 ‚
948 2494 1004 2536 fibi
1014 2503 1116 2528 tamen
1128 2519 1139 2535 ,

260 2548 342 2588 quod
357 2544 454 2588 ipsum
474 2543 661 2587 vixficmmis
678 2546 814 2587 precibus
838 2540 990 2586 extorserit
1002 2569 1013 2584 ‚
1039 2546 1136 2578 indul-

259 2607 323 2629 tum
344 2596 394 2638 effi·
414 2596 534 2628 tantum
554 2597 626 2637 Regi
646 2595 823 2635 colloquendi
844 2596 992 2628 licentiam
1018 2618 1029 2634 ,
1054 2595 1137 2628 nulla

253 2654 370 2688 praeter
386 2632 450 2677 baec
469 2650 504 2677 in
522 2642 606 2683 cibo,
633 2647 664 2674 in
680 2651 752 2686 potu
769 2667 779 2683 ‚
804 2648 836 2676 in
857 2650 1009 2682 oratione,
1034 2647 1084 2678 vel
1104 2650 1139 2676 in

259 2701 375 2729 caeteris
396 2694 530 2727 omnibus
550 2698 743 2727 communione
767 2695 833 2734 eJ’us
849 2694 1005 2736 permissa.
1032 2697 1133 2737 Hujus

258 2745 433 2778 auc'ioritate
450 2748 580 2786 permoti
597 2745 758 2786 complures
781 2745 837 2777 ali&
852 2767 864 2784 ‚
901 2755 1020 2785 quorum
1045 2746 1080 2778 <9⁹
1103 2744 1134 2777 in

258 2793 355 2828 ‘Deum
361 2793 435 2835 fides
442 2799 545 2836 purior
556 2817 566 2834 ,
591 2794 626 2828 ὁ·
639 2794 683 2826 ad
691 2795 869 2836 dignitatem
881 2793 1059 2836 Reipublicae
1066 2792 1132 2837 sen·

256 2851 351 2879 tentia
361 2845 460 2878 melior
470 2868 481 2884 ‚
502 2846 652 2886 paulatim
659 2842 694 2886 se
707 2844 824 2876 Palatio
831 2841 1049 2885 subtrahebant
1058 2866 1069 2882 ‚
1094 2856 1132 2878 ne

257 2895 393 2928 videlicet
410 2892 508 2937 supra
518 2893 660 2927 diciorum
680 2898 873 2926 communione
895 2895 1126 2927 macularentur.

257 2947 302 2977 Et
312 2947 356 2978 ad
365 2949 472 2989 Regem
484 2969 495 2985 ‚
517 2944 588 2977 licet
597 2943 706 2976 crebris
715 2942 882 2983 J'ufflonibus
893 2949 1005 2977 evocati
1018 2968 1028 2983 ‚
1055 2945 1130 2978 redi-

255 3004 288 3027 re
303 2993 457 3028 nolebant.
483 2994 582 3027 Satius
594 2995 769 3035 judicantes
792 2996 899 3036 Regem
922 2995 1012 3035 quam
1034 2996 1128 3027 Deum

254 3042 398 3083 offendere
410 3068 422 3085 ‚
445 3048 572 3086 eorporis
594 3045 685 3087 quim
694 3049 805 3076 animae
826 3041 1010 3085 dispendium
1021 3046 1127 3078 incide-

253 3104 302 3127 re.
330 3093 379 3126 Illi
397 3094 415 3127 ἒ
432 3092 648 3136 ammiralii,
668 3092 822 3139 fremere,
847 3091 976 3136 insanire
987 3105 1001 3134 ;
1026 3100 1126 3128 minas

253 3145 432 3177 &convitia
449 3149 481 3176 in
490 3155 587 3178 omnes
603 3145 706 3186 passim
720 3144 871 3184 jaculari:
897 3142 1039 3182 Injustaem
1052 3167 1064 3183 ,
1091 3146 1125 3179 &-

251 3194 359 3227 idcirco
372 3191 459 3227 nihili
467 3192 670 3233 aestimandam
691 3192 740 3236 effe
753 3197 879 3226 Romani
892 3193 1045 3234 Pontifim
1057 3193 1124 3237 sen-

251 3249 400 3285 tentiam,
426 3248 478 3286 qui
493 3241 587 3286 senec
595 3244 743 3277 canonice
765 3244 810 3276 ad
817 3244 962 3282 synodum
971 3254 1123 3286 evocatos,

252 3292 388 3337 discuffos
398 3317 410 3335 ‚
434 3303 485 3327 nec
503 3292 605 3334 objecit
626 3297 759 3327 criminis
765 3295 862 3333 juxta
875 3296 1029 3327 Canonum
1045 3297 1123 3328 5cita

250 3343 395 3377 conviaos
417 3342 623 3386 velcwfhffin,
646 3348 797 3385 praecipiti
811 3343 1018 3385 furorepotius
1033 3348 1122 3386 quam

249 3398 363 3428 ratione
381 3393 643 3437 excommunicasset
662 3418 668 3426 .
697 3391 876 3436 Epiftopum
897 3394 1097 3437 Trevirensem
1108 3421 1119 3436 ,

252 3443 413 3479 &caeteros
432 3448 482 3488 qui
491 3452 556 3480 cion
577 3455 609 3480 eo
620 3443 666 3478 ad
682 3445 874 3479 evertendum
895 3443 1005 3485 [iatum
1014 3448 1119 3488 Reipu-

1207 2256 1248 2278 na
1264 2270 1280 2287 ,
1303 2259 1396 2290 quam
1415 2259 1566 2282 merentur
1585 2272 1596 2288 ‚
1620 2251 1732 2291 afficiat
1755 2275 1762 2282 .
1789 2251 1894 2298 Qod
1916 2254 2091 2296 peffimutu·¹

1205 2297 1413 2332 contumacis
1430 2299 1637 2333 turbulentiae
1658 2299 1830 2335 confilium
1852 2302 1978 2338 secutus
1992 2304 2088 2340 Hen-

1204 2346 1288 2382 ricus
1315 2348 1474 2391 plurimos
1495 2374 1506 2390 ‚
1531 2350 1630 2383 etiam
1655 2349 1855 2393 Apostolicae
1877 2352 1953 2388 Sedi
1974 2365 2013 2388 nc
2033 2355 2085 2390 di·

1202 2397 1345 2440 sciplinae
1358 2398 1500 2433 addictos
1513 2424 1523 2440 ‚
1536 2399 1717 2443 Episcopos
1727 2401 1767 2434 ad
1779 2401 1837 2436 fibi
1850 2412 1906 2437 aut
1917 2404 1982 2438 suis
1992 2416 2082 2440 com-

1201 2446 1340 2489 plicibus
1353 2450 1642 2484 cornmunicidum
1654 2449 1780 2484 seduxit
1792 2476 1803 2493 ,
1813 2462 1910 2496 atque
1921 2453 1965 2489 ita
1976 2466 2080 2492 omne

1199 2495 1376 2541 Imperium
1391 2499 1539 2543 implevit
1548 2501 1859 2536 excommunicatis.
1872 2504 1975 2552 Qod
1986 2507 2078 2543 enim

1197 2547 1298 2582 etiam
1309 2551 1453 2592 optimus
1464 2551 1847 2596 MetenfiumEpiscopus
1854 2552 2078 2591 Herimannus

1198 2596 1365 2632 incurrerit
1388 2600 1528 2637 eundem
1553 2601 1728 2645 laqueum,
1754 2614 1793 2636 ac
1815 2614 1870 2647 per
1890 2605 2076 2649 Hugonem

1196 2646 1352 2683 Diensem
1366 2649 1563 2694 Episcopum
1575 2674 1586 2691 ,
1611 2651 1714 2685 nostri
1735 2651 1888 2696 Gregorii
1907 2654 1942 2687 in
1955 2655 2079 2691 Galliis

1195 2694 1366 2731 Vicariurn
1385 2723 1396 2738 ,
1421 2699 1589 2733 absolutus
1614 2701 1710 2738 suerit
1735 2724 1747 2741 ‚
1772 2704 1866 2737 refert
1890 2703 1928 2737 in
1956 2704 2076 2741 Virdu-

1194 2747 1281 2780 nenfi
1319 2746 1491 2782 Chronico
1528 2750 1635 2794 Hugo
1659 2748 1772 2786 Abbas
1798 2752 2072 2791 Flavinincenfis.

1192 2797 1395 2842 Contegiosa
1418 2798 1463 2833 est
1486 2796 1553 2833 haec
1576 2798 1790 2835 communio.
1817 2801 1912 2838 Hinc
1935 2816 2078 2849 quotan*

1191 2858 1241 2880 nis
1266 2859 1365 2883 crevit
1392 2859 1543 2883 numerus
1568 2860 1932 2888 excommunicatorum
1958 2879 1971 2896 ,
2002 2866 2072 2890 ran-

1189 2897 1329 2942 demque
1351 2909 1420 2933 non
1443 2900 1508 2934 fuit
1532 2911 1707 2942 numerus,
1734 2901 1788 2936 sed
1810 2903 1943 2939 infinita
1963 2906 2074 2951 multi-¹

1190 2948 1270 2981 tudo
1287 2972 1293 2980 .

1238 2997 1325 3032 Inter
1337 2998 1521 3042 Palmaria,
1546 3001 1591 3035 ob
1611 3012 1681 3046 quae
1692 3000 1852 3038 Photium
1875 3005 2064 3041 Constanti-

1188 3048 1384 3090 nopolitanae
1410 3051 1557 3085 Eccleiiae
1590 3052 1748 3087 intrusum
1777 3054 1975 3098 Episcopum
2001 3058 2066 3091 effe

1186 3097 1423 3140 irreparabilem
1447 3112 1485 3135 ac
1506 3101 1599 3135 omni
1621 3104 1717 3142 venia
1738 3103 1912 3147 indignum
1934 3106 2062 3141 censuit

1184 3147 1265 3181 olim
1288 3150 1399 3183 oeiava
1413 3150 1587 3193 Synodus,
1613 3153 1676 3186 fuit
1701 3152 1796 3196 ipfius
1808 3164 1862 3196 per
1872 3164 2062 3190 excommu-

1184 3198 1331 3232 nicatum
1360 3199 1519 3242 syracusae
1546 3201 1835 3246 Archiepiscopum
1857 3203 2058 3250 Gregorium

1182 3248 1262 3282 facta
1297 3250 1499 3284 consecratio
1524 3277 1535 3293 ,
1567 3251 1716 3286 adversus
1742 3262 1840 3295 quam
1871 3254 1990 3298 scripsit
2014 3255 2055 3290 ad

1181 3308 1293 3332 omnes
1315 3299 1689 3344 Constantinopolitanae
1708 3301 1863 3337 Dioetefis
1874 3304 2055 3350 Episcopos

1185 3348 1344 3383 Nicolaus
1354 3349 1475 3392 primus
1488 3365 1499 3383 :
1526 3355 1701 3395 Gregorius,
1729 3357 1782 3394 qui
1802 3353 1987 3399 transgressor
2000 3355 2053 3397 fa-

1179 3398 1241 3430 [lus
1264 3399 1302 3438 est
1322 3401 1393 3442 legis
1408 3425 1418 3442 ,
1443 3402 1488 3434 ad
1496 3403 1684 3434 iracundiam
1702 3400 1751 3444 sui
1760 3409 1854 3448 magis
1869 3429 1880 3445 ‚
1906 3407 1997 3447 quam
2009 3405 2054 3438 ad

1177 3446 1417 3492 consecrationem
1453 3452 1577 3494 alicujus
1616 3476 1628 3493 ,
1653 3455 1798 3496 spiritum
1833 3455 1973 3489 Sardum
1992 3461 2055 3495 per

1914 3507 2002 3546 impos
