2372 3756
81 582 119 613 A·
138 587 221 618 1130·

82 2212 147 2246 Lib.
163 2214 209 2250 13}

83 2264 112 2285 t·
125 2263 168 2290 19·

639 126 912 174 Qumrum
949 115 1270 162 Romanum
1304 111 1690 165 Concuxun.

254 206 357 247 &per
365 203 557 248 privilegium
567 206 752 246 Capuanum
764 206 970 244 Principatum
981 226 992 242 ,
1019 202 1054 235 (5
1066 204 1131 234 Du·

251 263 354 289 catum
370 256 608 297 Neapolitanum
630 264 698 288 cum
719 255 831 296 Apulia
850 252 1040 290 &Calabria
1057 275 1069 292 ,
1095 252 1130 287 et

252 305 351 338 Sicilia
370 306 418 338 illi
437 305 614 347 confirmans
639 328 651 344 ,
676 308 841 348 Regemque
861 302 1034 342 constituens
1050 325 1061 342 ,
1087 302 1131 340 ad

248 352 284 398 fe
302 359 436 391 attraxit
456 378 467 394 ‚
489 360 670 397 praecipiens
694 363 728 388 ut
749 351 889 397 Episcopi
914 354 948 393 (π
976 351 1105 385 Abbates
1121 375 1133 392 ,

252 410 306 446 qui
314 403 418 451 tnsuae
426 407 549 444 dmom's
555 403 617 448 solo
627 403 790 442 manebant
803 426 816 444 ,
841 408 868 436 ei
878 401 1127 444 obtemperarent.

253 453 338 489 Non
362 456 476 498 utique
497 454 632 499 fimplici
655 479 668 495 ,
693 464 791 498 quarn
813 451 962 496 Regibus
983 450 1132 501 impendi

253 503 390 541 mandat
411 504 612 548 Apostolus,
637 501 848 541 obedientia,
874 502 928 536 sed
948 501 1039 545 juxta
1059 511 1131 545 prae-

254 554 380 593 tensam
393 554 508 589 Siciliae
523 552 756 592 Monarchiani
769 576 777 585 .
803 550 961 590 Anacleti
983 552 1130 596 diploma

253 603 359 641 exstat
380 605 467 648 apud
477 603 688 641 Cardinaletn
700 603 896 636 Batonium.
927 601 1053 636 Datum
1068 601 1132 636 fuit

251 654 363 690 saeculi
381 655 569 693 duodecimi
580 664 672 687 anno
692 653 859 697 trigesimo
871 676 885 695 ,ι
908 649 1053 686 &habet
1065 651 1131 685 haec

252 704 372 740 verba:
398 705 621 743 AuHorizamus
641 704 865 744 &concedimus
878 726 891 747 ἓ
916 710 950 734 ut
955 709 1013 743 per
1022 713 1131 736 manus

254 753 535 799 Archiepiscoporum
557 761 649 789 terrae
667 762 751 793 tuae,
770 754 867 793 Juxta
889 761 979 786 tuam.
996 752 1135 789 volunta·

250 813 337 845 tem,
358 802 543 845 affientibus
565 803 635 838 aliis
646 801 804 846 Episcopis
826 812 897 845 quos
920 802 1050 838 volueris
1061 825 1072 841 ‚
1098 810 1132 834 tu

252 856 345 889 &tui
364 853 497 891 baeredes
517 860 550 887 in
560 855 653 898 Reges
676 857 886 896 inungamini,
914 852 992 885 &in
1007 850 1133 891 statutis

255 904 435 946 temporibus.
455 909 627 942 coronemini
639 927 649 940 .,
670 902 750 946 Ejus
760 901 1015 937 coronationem
1037 902 1133 935 refert

255 953 454 996 Chronicon
474 953 744 990 Beneventanum
765 966 777 991 ,τ
805 953 924 986 Eodem
949 962 1030 985 anno
1055 954 1135 984 Ana·

252 1005 346 1038 cletus
370 1005 564 1042 cardinalem
582 1002 672 1048 suum
693 1027 704 1044 ‚
740 1007 888 1039 Comitem
913 1006 1028 1035 nomine
1055 1025 1066 1041 ,
1092 1002 1137 1035 ad

255 1056 369 1091 Ducem
378 1055 511 1095 direxit,
537 1060 588 1098 qui
609 1055 657 1087 dle
667 1058 861 1091 Nativitatis,
873 1055 995 1089 Domini
1019 1056 1052 1085 in
1061 1056 1134 1085 civi-

255 1111 318 1138 tate
329 1106 549 1140 Panormitana
570 1109 603 1139 in
614 1109 721 1147 Regem
727 1107 885 1141 coronavit
894 1127 902 1139 .

306 1153 375 1188 Res
386 1154 430 1190 ita
441 1155 635 1199 quibusdam
647 1154 774 1191 videtur
783 1151 957 1189 cucurrisse,
975 1151 1076 1194 usque
1093 1149 1134 1184 ad

255 1203 399 1247 ejusdem
425 1205 615 1241 duodecimi
641 1203 747 1241 saeculi
773 1213 898 1237 annum
931 1200 1133 1246 quadragesi-

255 1264 350 1288 mum
368 1255 529 1298 primumi
553 1254 610 1292 Ad
634 1256 739 1297 ipsum
763 1252 883 1297 quippe
911 1250 1022 1285 scribit
1042 1251 1077 1283 in
1090 1249 1137 1283 Si-

254 1301 380 1347 geberti
393 1304 635 1342 Gemblacenfis
646 1304 870 1347 supplemento
891 1300 1057 1335 Robertus
1070 1299 1136 1334 Ab·

255 1352 315 1387 bas
327 1354 526 1390 Montensis:
553 1358 695 1398 Rogerius
717 1353 755 1387 de
765 1354 864 1387 Sicilia
880 1350 945 1393 post
969 1358 1136 1392 occupatum

257 1402 413 1441 Calabriae
433 1406 468 1439 et
490 1405 606 1447 Apuliae
626 1407 833 1445 Principatum
857 1405 978 1443 Papam
998 1404 1136 1436 Innocen-

256 1459 335 1486 tium
345 1453 417 1489 bello
427 1459 524 1496 capit,
553 1453 682 1495 &falla
691 1463 757 1485 cum
776 1464 809 1485 eo
818 1452 1026 1495 qualicumque
1035 1459 1112 1493 pace
1126 1475 1136 1491 ,

254 1510 293 1536 ut
312 1501 352 1535 ab
361 1513 394 1536 eo
414 1508 448 1536 in
460 1506 564 1547 Regem
573 1512 758 1540 coronaretur
776 1502 903 1537 obtinuit
917 1525 925 1533 .
953 1503 1056 1545 sicque
1073 1506 1138 1542 pri-

253 1562 325 1586 mus
347 1552 385 1586 de
411 1557 670 1589 Nortmannorum
693 1563 802 1597 genere
837 1555 928 1596 Regis
947 1549 1002 1591 fibi
1027 1561 1134 1584 nomen

254 1599 419 1644 usurpavit
436 1628 444 1638 .
470 1602 643 1638 Consonat
664 1601 706 1637 ad
727 1602 868 1636 eundem
896 1612 1022 1636 annum
1036 1601 1138 1635 Nico-

251 1651 328 1686 {aus
337 1651 531 1689 Trivettus:
557 1657 700 1697 Rogerius
720 1653 758 1686 de
771 1654 872 1685 sicilia
882 1677 894 1693 ‚
917 1653 998 1694 filius
1015 1650 1137 1683 Robertt

255 1699 416 1744 Guiscardt
443 1707 630 1739 Nortmanni
652 1727 663 1744 ,
698 1707 751 1745 qui
779 1704 894 1744 Apuliae
920 1702 955 1735 ό·
982 1699 1134 1734 Calabria

257 1754 468 1794 Principatum
489 1759 586 1789 tenuit
597 1778 608 1794 ,
633 1756 653 1787 ἃ
666 1756 754 1794 Papa
767 1757 934 1786 Innocentio
950 1758 1075 1792 propter
1087 1758 1136 1785 in·

257 1800 418 1841 vestituras
440 1803 656 1846 Ecclefiarum,
683 1815 761 1846 quas
781 1801 834 1842 libi
847 1800 1006 1845 ufitrpavit
1020 1824 1032 1840 ,
1056 1805 1137 1834 Ana·

252 1850 401 1886 thematis
417 1850 570 1895 sententia
586 1855 747 1887 innodatur
762 1877 769 1884 .
796 1855 861 1896 ,Qui
883 1851 946 1894 post
968 1849 1066 1893 ipsum
1081 1854 1138 1883 Pa-

252 1909 330 1945 pam
350 1907 382 1934 in
393 1901 466 1937 bello
485 1909 583 1945 cepit,
608 1907 642 1939 (ν
654 1914 718 1936 cum
739 1902 865 1944 eofaci'a
883 1912 960 1944 pace
986 1901 1113 1934 obtinuit
1126 1926 1137 1942 ‚

256 1960 292 1984 ut
312 1955 344 1984 in
365 1954 474 1996 Regem
494 1954 600 1988 stciltae
619 1962 824 1988 coronaretur.
851 1955 952 1995 sicque
974 1957 1096 1993 primus
1121 1953 1137 1984 e

254 2012 362 2045 genere
380 2005 642 2038 Nortmannorum
662 2015 766 2038 nomen
776 2007 867 2046 Regis
894 2001 1061 2046 usurpans,
1087 2010 1136 2043 po-

256 2051 320 2092 sted
337 2053 415 2093 pene*
434 2060 528 2086 totam
540 2054 673 2094 Africam
693 2052 866 2097 acquisivit.
892 2052 994 2087 Hanc
1019 2061 1086 2085 rem
1101 2052 1136 2085 in

260 2101 342 2135 sacri
355 2101 441 2136 Belli
453 2102 602 2137 Historia
621 2104 756 2146 exponit
767 2101 965 2135 Guilielmus
975 2101 1064 2144 Tyri
1079 2100 1138 2135 Ar-

262 2149 502 2194 chiepiscopus:
532 2157 695 2197 Imperator
708 2150 869 2187 Lotbarius
883 2157 914 2184 in
928 2151 1066 2193 Apuliam
1075 2161 1139 2183 cum

262 2200 380 2241 infinito
401 2200 579 2243 deflendens
602 2211 734 2237 exercitu
756 2226 768 2242 ,
792 2199 964 2244 universam
982 2199 1072 2243 usque
1098 2200 1141 2233 ad

262 2249 402 2284 Pharum
421 2253 577 2295 Regionem
597 2254 740 2296 violenter
759 2256 915 2293 occupavit
937 2275 949 2291 ‚
975 2253 1087 2284 Ducem
1107 2255 1139 2282 in

261 2299 373 2342 Apulia
393 2300 565 2340 constituens
589 2308 691 2335 virum
709 2301 875 2346 providum
901 2302 936 2335 Θ
958 2298 1115 2343 discretum
1128 2323 1139 2340 ,

262 2353 422 2387 Reynonem
440 2356 557 2385 nomme
568 2376 578 2387 .
603 2355 759 2397 Rogerium
777 2359 878 2385 autem
894 2354 1058 2390 Comitem,
1086 2356 1138 2392 qui

259 2408 372 2432 terram
392 2399 479 2434 illam
490 2403 636 2437 violenter
650 2411 847 2445 occupaverat
861 2425 874 2443 ‚
898 2406 931 2434 in
942 2401 1070 2434 siciliam
1085 2400 1140 2442 fu-

254 2461 326 2494 gere
338 2451 496 2493 compulit,
520 2463 610 2495 quam
626 2453 807 2495 postmodum
828 2450 996 2495 discedente
1008 2454 1136 2492 Impera-

258 2509 323 2533 tore
346 2508 523 2543 recuperans
543 2509 696 2547 pugnavit
721 2514 786 2536 cum
818 2500 963 2544 praedic‘lo
988 2503 1136 2541 Reynone,

257 2560 346 2592 eoque
357 2549 651 2593 defundioDucatum
671 2553 814 2586 obtinuit.
841 2551 1026 2592 Postmodum
1046 2556 1138 2584 etiam

259 2600 368 2633 sicilia
387 2612 422 2633 ac
440 2599 589 2645 universae
627 2605 796 2637 Provinciae
834 2605 901 2635 Rex
937 2600 1054 2641 effecqus
1079 2600 1137 2641 est.

259 2649 367 2697 Qod
379 2649 481 2693 ipsum
501 2651 536 2686 in
550 2652 615 2686 vita
636 2651 800 2687 Ludovici
813 2650 922 2685 Groffi
938 2651 1138 2685 Francorum

259 2697 366 2744 Regis
385 2700 496 2736 scribit
519 2702 674 2748 Sugerius
696 2702 810 2736 Abbas
832 2701 937 2736 Sancti
962 2700 1137 2744 Dionysii.

260 2748 464 2793 Reynonern
485 2751 583 2787 istum
617 2755 703 2788 Otto
727 2751 936 2796 Frifingenfis
958 2750 1137 2795 Episcopus

260 2799 296 2833 in
306 2802 450 2844 generali
463 2801 610 2836 Historia
631 2811 726 2837 vocat
740 2801 962 2847 Reginaldum
976 2825 987 2841 ,
1012 2802 1045 2835 δε
1067 2802 1139 2835 scri-

261 2849 333 2884 bit:
352 2852 499 2885 Reinaldo
513 2852 666 2894 ,viroforti
692 2857 826 2887 Ducatus
845 2852 960 2894 Apuliae
980 2853 1114 2885 traditur
1127 2876 1134 2883 .

261 2900 370 2933 Verum
383 2900 499 2943 filentio
517 2909 676 2946 pra-tertre
698 2904 828 2936 nolumus
842 2926 853 2942 ,
878 2903 959 2943 quod
982 2907 1014 2934 in
1037 2903 1139 2935 dando

262 2951 383 2983 Ducam
403 2957 482 2985 inter
494 2952 672 2987 Lotbaristm
692 2957 906 2996 Imperatorem
928 2952 962 2985 Θ
975 2954 1138 2986 Romanum

263 2999 433 3040 Pontificem
440 3003 514 3043 pene
524 3002 714 3045 controversia
725 3014 790 3037 orta
805 3001 868 3043 fuit
878 3027 889 3042 ,
915 3009 1033 3044 utroque
1044 3006 1137 3035 Duca-

261 3055 326 3082 tum
353 3051 467 3091 Apulus
485 3050 554 3093 fore
577 3052 625 3096 fici
647 3055 729 3095 juris
755 3054 921 3098 affirmante
941 3077 948 3084 .
993 3054 1074 3095 ,Qua
1097 3054 1136 3085 lis

262 3097 372 3140 confilio
382 3101 503 3134 tandem
513 3101 564 3135 boc
582 3106 667 3137 modo
684 3103 782 3146 decisa
805 3104 938 3142 dicitur,
963 3112 997 3135 ut
1010 3109 1042 3135 tn
1062 3104 1135 3136 dan-

263 3149 302 3182 do
315 3151 390 3182 Duci
410 3152 522 3184 vexillo
536 3161 656 3196 uterque
679 3166 804 3187 manum
813 3153 965 3186 adhiberet
981 3176 988 3184 .
1015 3153 1062 3187 At
1071 3164 1136 3188 cer-

262 3208 335 3236 tum
353 3199 398 3233 est
422 3200 611 3243 Imperatori
635 3204 762 3237 nullum
789 3204 883 3237 fuisse
908 3202 958 3245 jus
977 3226 985 3233 .
1017 3202 1135 3238 Siciliae

261 3249 352 3282 enim
365 3250 507 3285 Insulam
521 3275 531 3291 ,
558 3252 666 3294 ejectis
676 3254 844 3287 Saracenis
865 3253 898 3286 δε
912 3252 1041 3294 Grecis,
1067 3252 1133 3288 Ro-

262 3309 366 3333 manae
378 3299 526 3336 Ecclefiae
538 3301 629 3336 dedit
642 3303 820 3346 Imperator
832 3301 1022 3338 Ludovicus
1034 3303 1112 3339 Pius
1123 3327 1135 3345 ,

263 3347 305 3383 ab
344 3350 466 3385 eisdem
486 3362 598 3386 autem
624 3363 679 3396 per
707 3353 917 3388 Ludovicum
956 3353 1132 3388 secundum

265 3396 432 3436 liberatam
476 3402 663 3438 Calabriam
700 3414 798 3448 atque
841 3401 999 3448 Apuliam
1035 3403 1133 3440 Caro·

1910 132 2005 181 139

1187 197 1238 232 lus
1264 197 1390 234 Calvus
1414 220 1422 230 .
1448 196 1499 232 Ita
1519 198 1677 234 testantur
1698 199 1846 241 Annales,
1866 198 2072 244 Francorum

1188 247 1364 289 Fuldenses
1377 272 1384 281 .
1414 246 1569 291 Uterque
1581 248 1734 293 Princeps
1755 253 1846 288 dedit
1870 253 2003 298 plenum
2015 253 2073 290 do·
2134 279 2140 284 .

1191 297 1331 333 minium
1343 311 1350 330 :
1378 298 1422 330 Ab
1436 299 1484 335 illo
1495 303 1572 336 enim
1584 299 1631 335 die
1643 323 1653 339 ,
1670 299 1777 344 inquit
1792 302 1968 346 Eutropius
1980 303 2071 343 Lon·

1190 347 1375 395 gobardus,
1400 347 1573 392 honorificas
1593 347 1811 393 consuetudines
1823 355 1924 395 Regiae
1937 355 2067 397 degutta-

1190 406 1232 440 tis
1257 409 1340 434 nemo
1364 402 1478 442 Regum
1501 424 1513 440 ,
1554 410 1637 432 nemo
1662 403 1876 442 Imperatorum
1901 402 2070 445 acquisivit.

1192 450 1276 498 Qiae
1287 450 1399 487 omnia
1410 448 1524 490 Siculaev
1542 449 1748 490 Monarchiae
1759 450 1909 485 defensor
1918 445 2072 489 Thomas

1191 498 1350 538 Phazelus,
1374 498 1508 538 silentio
1534 499 1706 544 supprimit
1731 512 1738 532 :
1767 501 1811 539 Et
1832 499 1921 534 Petri
1949 502 2071 537 Leonis

1191 550 1328 584 schisma
1348 549 1391 583 fic
1401 550 1560 584 consarcit
1580 574 1591 590 ‚
1618 561 1655 590 ut
1667 550 1783 592 omnia
1809 561 1947 591 evertat.
1980 552 2077 598 Qe-

1191 601 1290 644 usque
1301 599 1424 645 Reyno
1449 598 1514 639 five
1538 600 1766 644 Reginaldus,
1793 612 1892 645 quem
1914 600 2073 644 antiquus

1191 650 1334 695 Scriptor
1354 650 1456 691 Falco
1467 650 1608 694 appellat
1632 650 1897 696 Raynulphum,
1924 652 2004 692 Dux
2029 650 2077 687 vi-

1190 700 1262 748 xit,
1288 700 1414 744 quievit
1437 700 1624 747 Rogerius;
1653 702 1724 744 ipso
1747 712 1858 741 autem
1879 701 1920 737 ad
1933 700 2076 745 ejusdem,

1182 749 1364 791 'memorati
1382 750 1486 790 saeculi
1504 749 1712 796 'trigesimum
1735 762 1863 787 nonum
1885 763 2011 787 annum
2023 750 2079 786 de-

1193 801 1305 836 functo
1316 823 1329 844 ‚
1353 798 1409 838 hic
1418 810 1546 835 armato
1558 800 1663 841 milite
1675 801 1789 841 invasit
1811 802 1925 839 denuo
1935 801 2050 841 omnia
2065 824 2078 841 ,

1194 850 1335 894 ideoque
1359 851 1576 891 Innocentius
1603 851 1763 894 Pontifex
1789 851 1945 891 adversus
1971 852 2076 894 ipsum

1195 899 1279 933 milit
1301 901 1489 946 Romanam
1513 900 1667 942 militiam
1688 925 1701 946 ξ
1725 902 1859 946 ipstjmet
1877 902 2078 940 comitatus.

1196 948 1323 986 Verum
1344 950 1522 985 infeliciter
1535 976 1543 983 .
1569 950 1728 994 Pontifex
1748 953 1839 994 enim
1860 953 1879 986 ὲ
1893 951 2078 990 Guilielmo

1197 999 1335 1043 Roget-ii
1355 1000 1427 1039 filio
1439 1011 1550 1043 captus
1564 1025 1576 1041 ‚
1600 1002 1665 1043 fuit
1686 1002 1800 1038 duetus
1813 1002 1854 1037 ad
1870 1002 2054 1046 Rogerium
2066 1025 2082 1041 ‚

1195 1050 1228 1090 ἀ
1241 1049 1356 1090 multis
1366 1059 1464 1094 atque
1476 1048 1659 1090 humilibus
1676 1052 1826 1096 precibus
1849 1063 1962 1096 pacem
1987 1062 2080 1096 roga-

1196 1109 1249 1135 tus
1259 1124 1266 1132 .
1295 1098 1381 1138 Rem
1392 1110 1517 1135 enarrat
1532 1099 1681 1140 laudatus
1694 1103 1796 1137 Falco
1806 1127 1817 1144 ,
1845 1103 1880 1137 &
1891 1101 2080 1142 concludit:

1197 1153 1264 1186 Rex
1286 1148 1348 1193 ipse
1367 1173 1378 1190 ,
1404 1150 1438 1184 (tt
1462 1152 1534 1183 Dux
1551 1150 1635 1192 filius
1657 1155 1725 1193 ejus
1751 1154 1861 1187 decimo
1883 1151 2010 1196 septimo
2032 1153 2083 1191 die

1195 1198 1299 1241 mensis
1322 1201 1411 1245 Julii
1432 1208 1504 1240 ante
1524 1199 1612 1245 ipfius
1637 1202 1787 1244 Apostolici
1809 1201 2002 1249 praesentiam
2028 1212 2084 1240 ve.

1196 1256 1284 1288 niunt
1296 1274 1308 1291 ,
1333 1251 1368 1288 &f
1388 1250 1455 1291 ejus
1475 1251 1606 1296 pedibus
1624 1251 1755 1288 obvoluti
1779 1248 2012 1295 misericordiam
2030 1260 2085 1293 pe-

1197 1309 1265 1333 tunt
1284 1325 1295 1342 ‚
1321 1302 1356 1341 (ρ’
1377 1301 1423 1333 ad
1445 1300 1598 1342 PontificIs
1622 1307 1784 1345 Imperium
1808 1301 2014 1346 usquequaque
2033 1300 2086 1342 fle-

1198 1351 1337 1389 duntur.
1366 1354 1517 1386 continua.
1537 1359 1595 1394 per
1606 1355 1784 1398 Evangelia
1803 1352 2007 1394 firmaverunt
2019 1351 2085 1384 bea-

1199 1410 1229 1434 to
1241 1403 1331 1434 Petro
1342 1425 1354 1442 ,
1379 1402 1413 1435 (π’
1426 1405 1594 1436 Innocentio
1605 1400 1724 1445 Papae,'
1748 1402 1865 1446 ejusque
1878 1401 2084 1446 Succefforibus

1200 1452 1347 1488 canonice
1367 1451 1555 1485 intrantibus
1562 1451 1744 1494 fidelitatem
1765 1453 1903 1494 deferre,
1930 1455 2085 1487 &catera

1200 1512 1269 1545 quae
1291 1500 1456 1544 conscripta
1466 1500 1540 1545 sunt
1554 1528 1561 1535 .
1589 1506 1662 1548 Regi
1679 1505 1748 1538 vero
1776 1507 1900 1548 Rogerio
1915 1502 2021 1544 statim
2042 1504 2088 1535 st-

1200 1551 1276 1585 ciliae
1289 1555 1425 1595 Regnum
1440 1552 1582 1594 Pontifex
1590 1561 1646 1595 per
1655 1555 1798 1588 vexillum
1812 1555 1941 1593 donavit
1954 1577 1961 1585 .
1987 1554 2085 1587 Facta

1201 1600 1269 1635 haec
1285 1600 1394 1637 scribit
1406 1601 1440 1635 in
1464 1601 1548 1638 festo
1561 1603 1668 1639 Sancti
1685 1604 1798 1649 Jacobi
1820 1603 1993 1648 Apostoli.
2024 1603 2086 1636 Ea-

1201 1652 1277 1687 dem
1298 1650 1408 1686 scribit
1419 1653 1507 1689 Otto
1529 1649 1736 1698 Frisingenfis,
1767 1654 1966 1697 Episcopus:
1996 1657 2086 1699 Roge-
2102 1649 2261 1687 L·7·C·2⁴⁴‹·

1199 1707 1264 1736 rius
1285 1705 1489 1735 Innocentium
1510 1704 1649 1745 Papam,
1675 1709 1708 1738 in
1736 1705 1876 1745 Apuliam
1899 1714 1964 1736 cum
1976 1705 2086 1736 militia

1201 1755 1399 1787 Romanorum
1410 1757 1514 1785 ventre
1527 1754 1675 1787 volentem
1689 1778 1700 1794 ‚
1722 1753 1868 1798 flagitiose
1890 1759 1922 1786 in
1936 1751 2087 1792 Christum

1202 1804 1323 1835 Domini
1332 1813 1456 1835 manum
1467 1807 1613 1843 mittens,
1640 1815 1678 1837 ex
1691 1803 1806 1846 insidiis
1825 1809 1923 1846 cepit,
1943 1805 1985 1838 (9⁸
1998 1807 2085 1846 Regii

1202 1857 1331 1885 nominis
1353 1857 1385 1885 in
1408 1853 1505 1886 Sicilia
1516 1853 1556 1886 ab
1580 1865 1613 1888 eo.
1626 1854 1853 1894 auctoritatem,
1881 1852 2084 1896 &absolutio-

1202 1913 1270 1936 nem
1297 1901 1501 1938 anatbematis,
1527 1901 1644 1944 extorfit
1669 1928 1680 1944 ,
1705 1915 1768 1937 cum
1795 1908 1915 1938 Ducatu
1943 1907 2059 1946 Apuliae
2073 1929 2085 1943 ‚

1202 1952 1377 1993 Calabria,
1404 1954 1563 1995 &Capua
1574 1957 1766 1998 Prmcipatu.
1794 1954 2083 1990 Anacletifastum

1203 2002 1416 2038 Innocentius
1428 2003 1637 2039 confirmavit
1649 2030 1657 2038 .

1252 2052 1368 2087 Exstat
1379 2052 1526 2095 diploma
1541 2078 1552 2094 ,
1577 2055 1611 2088 in
1623 2066 1691 2098 quo
1703 2055 1826 2090 avitam
1845 2055 1912 2099 ejus
1924 2054 2085 2090 nobilita-

1203 2112 1269 2136 tem
1283 2125 1293 2141 ,
1321 2102 1354 2135 &
1376 2103 1481 2135 multa
1499 2104 1534 2136 in
1558 2103 1734 2139 Ecclesiam
1754 2107 1870 2140 merita
1891 2131 1902 2146 ,
1924 2117 1985 2139 nec
2009 2117 2079 2154 non

1203 2152 1238 2187 &
1258 2151 1373 2186 datum
1384 2151 1433 2185 illi
1445 2151 1486 2185 ab
1499 2152 1660 2188 Honorio
1673 2154 1818 2189 secundo
1831 2155 1992 2189 Ducalem
2005 2154 2083 2188 ritu·

1204 2201 1274 2236 lum
1295 2200 1405 2235 laudat
1428 2201 1589 2237 Pontifex
1611 2227 1624 2245 ,
1651 2215 1690 2238 ac
1711 2205 1816 2249 pergit
1836 2216 1843 2236 z
1873 2209 1940 2237 Nos
1962 2207 2081 2236 Honora·

1204 2252 1336 2294 vestigiis
1356 2250 1533 2285 inbaerentes
1546 2277 1558 2294 ,
1584 2254 1665 2297 &de
1673 2261 1810 2296 potentia
1828 2262 1880 2287 tua
1902 2256 1946 2287 ad
1955 2256 2081 2288 decorem

1203 2304 1238 2336 Θ
1250 2303 1408 2337 utilitatem
1427 2300 1545 2346 sancia
1560 2306 1615 2338 Dei
1639 2303 1772 2346 Ecclefiae
1787 2304 1872 2349 spem
1897 2306 1930 2339 t&
1939 2304 2082 2347 fiduciam

1203 2352 1388 2394 obtinentes,
1413 2356 1551 2397 Regnum
1571 2354 1678 2387 Siciliae
1690 2379 1700 2395 ‚
1727 2356 1807 2397 quod,
1825 2360 1925 2397 utique
1945 2358 2081 2398 Regnum

1200 2401 1286 2446 fuisse
1303 2414 1362 2436 non
1386 2402 1508 2436 dubium
1519 2403 1556 2443 est
1568 2427 1579 2444 ,
1604 2403 1661 2437 tibi
1671 2404 1709 2437 ab
1722 2405 1893 2448 Antecefflne
1915 2404 2004 2444 nostro
2016 2416 2083 2438 con-

1201 2455 1301 2496 ceffum
1315 2476 1326 2493 ,
1350 2463 1417 2486 cum
1437 2459 1607 2496 integritate
1627 2453 1744 2488 honoris
1756 2458 1861 2499 Regii,
1888 2456 2079 2498 &dignitate

1203 2503 1333 2547 Regibus
1351 2508 1520 2544 pertinente
1545 2527 1555 2543 ,
1581 2505 1774 2540 Excellentiae
1795 2499 1856 2538 tuoe
1876 2506 2079 2544 concedimus,

1201 2555 1235 2586 <2⁶
1252 2552 1408 2595 apostolica
1423 2553 1597 2588 auc‘loritate
1605 2553 1761 2596 firmamus
1775 2580 1781 2587 .
1810 2558 1959 2588 Ducatum
1970 2565 2079 2597 quoque

1204 2603 1315 2645 Apuliae
1337 2603 1393 2636 tibi
1415 2603 1454 2635 ab
1476 2605 1576 2637 eodem
1597 2605 1756 2645 collatum,
1782 2604 1944 2648 &insuper
1966 2607 2080 2637 Princi-

1197 2660 1306 2697 patum
1317 2655 1498 2694 Capuanum
1518 2655 1630 2697 integre
1654 2654 1843 2688 nibilominus
1855 2654 1939 2694 nostri
1952 2654 2078 2696 favoris

1201 2703 1298 2736 robore
1317 2708 1529 2736 communimus
1556 2713 1647 2746 atque
1672 2705 1851 2738 concedimus
1873 2730 1880 2737 .
1910 2704 2079 2738 Concedit

1201 2755 1235 2787 δε
1256 2753 1313 2798 ipsi
1346 2753 1381 2786 ὃ(
1402 2752 1471 2795 ejus
1494 2752 1527 2785 in
1552 2764 1742 2797 perpetuum
1769 2753 2016 2795 successoribus,
2043 2754 2078 2787 in

1202 2803 1335 2837 feudum
1360 2803 1411 2836 seu
1435 2801 1631 2838 beneficium
1653 2830 1664 2846 ,
1701 2804 1758 2838 sub
1781 2815 1880 2838 onere
1914 2804 2007 2849 Ligii
2036 2804 2077 2838 ad

1202 2852 1432 2897 Apostolicam
1451 2851 1567 2887 Sedem
1600 2854 1758 2889 Hominii
1789 2855 1824 2890 &
1843 2865 1956 2889 annuo
1992 2852 2078 2897 censu

1196 2902 1397 2950 sexcentorum
1412 2902 1619 2945 scypbatorum
1632 2930 1640 2938 .
1667 2905 1795 2942 Datum
1804 2906 1848 2939 est
1863 2905 2009 2950 diploma
2021 2915 2079 2936 an-

1200 2965 1245 2988 no
1266 2952 1455 2988 duodecimi
1487 2954 1593 2988 saeculi
1614 2955 1779 3000 trigesimo
1791 2967 1883 2989 nono
1897 2979 1907 2995 ,
1935 2955 2077 2998 ideoque

1203 3003 1365 3038 Robertus
1377 3002 1562 3038 Montensis
1582 3017 1619 3039 ac
1634 3006 1666 3039 N
1671 3006 1793 3039 icolaus
1805 3005 1977 3040 Trivettus
1990 3004 2075 3037 male

1200 3053 1266 3087 haec
1278 3053 1360 3087 Asta
1371 3052 1526 3089 differunt
1537 3055 1571 3089 in
1583 3066 1707 3090 annum
1726 3054 2004 3099 quadragefimum
2015 3054 2077 3096 prie

1201 3115 1291 3138 mum
1313 3128 1321 3135 .
1360 3103 1454 3138 Errat
1480 3104 1559 3138 item
1586 3105 1746 3140 Nicolaus
1777 3104 1960 3149 Rogerium
1986 3100 2076 3139 hunc

1198 3155 1292 3189 fuisse
1303 3152 1444 3188 Robetti
1455 3154 1627 3190 Guiscardi
1640 3155 1863 3190 filium-Fuisse
1870 3153 1943 3199 eius!
1951 3165 1994 3191 ex.
2006 3153 2076 3187 Ro-

1198 3206 1289 3250 gerio
1299 3203 1370 3236 filio
1382 3214 1533 3247 nepotem
1545 3204 1658 3239 diserte
1672 3205 1822 3242 adfirmat
1834 3201 2003 3243 laudatum
2025 3203 2073 3238 di-

1200 3255 1319 3300 ploma.
1331 3252 1443 3296 Hujus
1452 3254 1588 3299 Rogerii
1602 3265 1691 3299 pater
1702 3267 1739 3290 ac
1752 3254 1891 3289 Roberti
1904 3254 1992 3288 filius
2005 3254 2077 3288 Ro-

1198 3307 1305 3351 gerius
1316 3303 1399 3337 obiit
1411 3304 1502 3338 istius
1515 3305 1619 3339 saeculi
1632 3316 1722 3339 anno
1743 3303 1920 3339 undecimo
1932 3329 1939 3337 .
1953 3336 1954 3339 ,
1969 3303 2074 3350 Qod

1201 3359 1207 3389 i
1213 3357 1302 3399 psum
1312 3353 1397 3397 apud
1412 3354 1590 3389 Camillum
1600 3354 1813 3400 Peregrinum
1824 3356 1961 3390 affirmat
1972 3355 2068 3388 breve

1199 3404 1391 3442 Chronicon
1402 3403 1592 3449 Principum
1605 3405 1774 3440 &Ducum
1785 3405 1973 3443 Beneventa
1979 3405 2070 3438 nortl.

1866 3455 2025 3489 Attamen
