2384 3756
111 2052 148 2084 Α-
159 2051 241 2083 1088.

363 174 424 230 114

673 166 714 213 S.
752 163 1068 212 Guaoonn
1105 176 1337 209 sepum
1375 162 1747 210 Ponrrmms

278 251 347 285 dar-,-
360 278 370 293 ‚
397 261 511 296 capitur
531 255 551 285 ἃ
573 235 699 295 populo,
727 249 927 297 deosculantur
943 257 1012 294 prae
1029 245 1169 291 desiderio
1228 249 1309 290 quod
1328 246 1409 288 istius
1432 253 1618 282 immanitati
1642 259 1750 284 caetera
1770 253 1851 286 vitia
1875 260 2049 297 comparata
2050 255 2113 300 fine

276 304 370 345 pedes
383 306 447 344 ejus
461 328 467 335 .
497 299 866 347 Praegaudio·bea1umse
885 299 1006 347 quisque
1014 299 1146 342 putabat
1155 324 1166 340 ,

279 363 333 400 qui
348 354 590 397 'vestimentorum
606 347 822 398 quamcumque
852 351 1031 394 particulam
1056 348 1166 392 deofiu-

279 409 341 441 lari
361 405 503 438 valebat.
532 402 662 447 Nempe
689 402 817 445 septimi
842 401 996 446 Gregorii
1024 400 1168 439 Canon,

281 457 338 501 qui
360 456 459 489 solius
483 455 577 498 Papae
602 452 698 498 pedes
723 445 919 485 osculandos
941 451 1068 490 sancit,
1095 460 1169 483 nec-

281 508 362 541 dum
382 504 683 547 emanaverat.,„At
705 502 783 537 vero
806 499 846 535 de
873 500 989 536 Sancto
1009 499 1170 534 Anselmo

282 550 562 591 Cantuarienfium
590 553 731 587 Primate
757 576 768 591 ,
806 551 959 585 exulante
987 550 1073 594 apud
1102 549 1171 584 Ro·

282 617 388 645 mam,
417 606 449 639 &
461 605 544 648 apud
554 599 738 639 ‘Urbanum
757 601 935 646 secundum
947 600 1032 640 intra
1044 600 1171 634 Latera—

282 658 382 692 nense
406 656 570 689 Palatium
592 648 851 691 commorantess'
869 648 979 686 scribit
999 649 1033 685 in
1048 649 1118 695 ejus
1130 648 1171 682 vi-

283 719 318 742 ta
330 706 490 740 Edinerus
505 703 709 738 Monachus:
742 700 893 745 anselmus
905 706 936 734 in
954 710 1099 734 conventu
1109 703 1173 731 No-

284 759 406 796 bilium,
433 761 465 788 in
483 752 698 797 proceffiom'bus
715 750 834 796 semper
858 753 894 786 (5
913 750 1021 793 ubique
1042 751 1063 781 ἃ
1083 751 1172 789 Papa

281 807 430 853 secundus
457 813 543 846 erat,
562 814 633 847 prae
654 800 767 837 cune'i‘ls
779 800 960 841 honoratus,
982 808 1049 842 prae
1060 798 1171 832 cunam

284 865 419 900 acceptus
431 877 442 896 ‚
466 864 499 889 at
525 853 585 898 ipse
598 854 732 888 omnibus
736 851 859 894 simplici
871 849 1042 883 bumilitate
1046 847 1172 893 submisl

281 907 351 953 sus.
378 910 531 940 l’raeterea
551 905 640 949 Angli
661 915 692 937 eo
711 909 836 944 tempore
855 904 981 933 Romam
998 905 1172 940 venientes,

280 959 373 1000 pedes
400 958 464 998 ejus
489 980 499 996 ,
525 956 570 988 ad
593 953 685 995 instar
706 953 818 994 pedum
842 953 972 983 Romani
996 949 1147 995 Pontifici:
1160 973 1171 990 ‚

264 1038 267 1042 ,
282 1007 339 1051 sica
360 1006 502 1040 oblatione
522 1004 668 1040 bonorare
692 1000 896 1044 defiderabant
910 1025 921 1041 ‚
947 1000 1053 1042 quibus
1064 1001 1112 1033 ille
1123 1010 1171 1032 ne-

283 1054 436 1099 quaquam
461 1051 642 1097 acquiescens
657 1077 668 1094 ,
693 1057 725 1085 in
741 1049 926 1095 secretiorem
936 1046 1042 1084 domas
1049 1058 1171 1093 partem

277 1107 437 1152 fugiebat,
465 1106 498 1139 δ’
519 1116 568 1139 eos
586 1112 644 1146 pro
668 1103 723 1136 tali
743 1113 776 1135 re
798 1100 875 1135 nullo
892 1100 1067 1143 patiebatur
1090 1097 1172 1143 adse

281 1157 369 1200 palio
389 1157 535 1189 accedere.
568 1152 662 1202 Qid
676 1153 716 1186 fit
738 1150 875 1195 Papales
895 1150 990 1194 pedes
1001 1149 1171 1186 oblatione

284 1206 450 1242 honorare
476 1229 487 1245 ‚
523 1203 662 1248 exponit
696 1202 729 1236 in
757 1200 922 1235 Paschalis
947 1199 1079 1234 secundi
1105 1200 1171 1235 vira

284 1258 518 1300 Anomymm,
547 1264 644 1298 quem
657 1264 698 1287 ex
712 1251 875 1287 Vaticana
888 1248 1096 1285 Bibliotheca
1109 1250 1173 1283 lau-

283 1307 339 1341 dat
351 1305 519 1341 Dominus
536 1302 720 1339 cardinalis
730 1302 912 1341 Batonius,
939 1301 1097 1344 Scriptor,
1125 1298 1172 1331 di-

283 1368 363 1391 cens
385 1357 426 1390 de
448 1354 587 1400 Rogerii
607 1353 710 1387 Siculi
732 1352 772 1386 ad
786 1352 880 1385 illum
895 1351 1022 1385 noviter
1032 1349 1170 1383 eledium

283 1407 408 1449 Papam
428 1405 582 1450 Legatis:
612 1407 665 1436 Ex
685 1410 776 1446 parte
785 1405 909 1434 Comitis
923 1398 1102 1442 officiofifflme
1114 1400 1172 1430 Pa-

280 1464 355 1500 pam
362 1454 502 1499 salutant
516 1479 526 1495 ,
553 1463 647 1496 atque
673 1454 809 1486 inclinati
827 1451 872 1483 ad
875 1449 967 1491 pedes
990 1450 1055 1489 ejus
1070 1445 1172 1489 posue-

283 1516 357 1539 runt
393 1510 457 1538 auri
483 1510 584 1538 uncias
610 1501 690 1537 mille
718 1526 724 1534 .
751 1499 852 1546 Qod
878 1498 1025 1541 quasvis,
1052 1507 1173 1540 praeter-

283 1567 380 1599 quam
393 1558 426 1588 in
440 1553 668 1587 defunstorum
690 1550 788 1582 Misia
803 1572 814 1588 ,
838 1546 1023 1581 oblationes
1033 1545 1121 1590 Papa
1132 1545 1172 1580 ad

283 1608 358 1639 suos
381 1605 478 1647 pedes
496 1601 660 1642 accipiat,
685 1599 819 1632 testatur
843 1596 944 1631 etiam
966 1596 1001 1630 in
1024 1594 1114 1630 libris
1132 1596 1174 1630 de

284 1656 321 1689 Sa
329 1656 399 1689 neto
412 1651 517 1685 Missae
529 1650 654 1685 Officio
666 1647 877 1684 Innocentius
888 1646 1003 1683 tertius
1015 1672 1022 1679 .
1034 1645 1173 1680 Oblatio

283 1704 343 1738 issa
356 1702 455 1736 fiebat
467 1712 543 1735 cum
561 1699 680 1743 pedum
691 1698 806 1734 osculo
823 1722 828 1729 .
841 1696 933 1731 Hinc
945 1696 1045 1740 ipsam
1058 1697 1172 1731 resuta·

284 1755 331 1787 vit
353 1751 526 1785 Anselmus
547 1749 735 1784 admittere:
766 1747 899 1791 Utique
926 1745 1174 1790 propterDista-

284 1814 357 1838 tum
372 1801 473 1836 nostri
486 1799 639 1845 Gregorii
653 1824 660 1832 .
690 1797 746 1832 An
759 1797 864 1842 Angli
884 1796 1101 1831 hocofficium
1114 1798 1173 1831 suo

284 1852 423 1889 Primati
437 1877 448 1893 ,
473 1861 529 1886 aut
551 1851 624 1884 aliis
650 1849 748 1883 etiam
773 1848 944 1891 Episcopis
964 1856 1044 1881 tunc
1066 1843 1172 1880 adhuc

284 1901 477 1938 exhiberent
491 1902 526 1935 in
538 1900 664 1945 Anglia
675 1923 687 1940 ,
715 1899 856 1943 ideoque
868 1898 902 1931 ὃ(
914 1896 1030 1932 Romae
1041 1895 1174 1934 exhibe·

284 1966 318 1988 re
331 1953 451 1987 vellent
467 1976 477 1992 ,
505 1952 627 1996 ignoro
639 1975 646 1982 .

334 2003 389 2037 De
413 2004 510 2036 fratre
535 2000 598 2035 isto
622 1999 721 2034 Petro
733 1998 841 2033 scribit
854 1996 888 2031 in
901 1995 1072 2031 Chronico
1083 1998 1173 2033 Con-

283 2053 395 2088 tardus
407 2052 522 2088 Abbas
534 2049 750 2096 Uspergenfis
763 2062 773 2083 .-
802 2051 911 2082 Petrus
923 2046 1090 2091 Albanenfis
1102 2051 1176 2088 Epi-

283 2103 383 2148 scopus
408 2103 482 2137 obiit
508 2127 515 2134 .
542 2101 596 2142 Iste
619 2108 673 2142 per
693 2101 840 2141 judicium
864 2103 943 2140 ignis
963 2121 975 2136 ,
1003 2095 1176 2138 immensam

282 2151 480 2198 pertranfiens
507 2149 614 2192 illaesus
635 2157 738 2191 pyram
763 2172 774 2188 ‚
800 2146 978 2186 vestimentis
1004 2150 1097 2180 etiam
1118 2153 1174 2187 per

284 2204 438 2245 flammam
458 2198 630 2234 volantibus
651 2223 662 2239 ‚
685 2197 743 2241 sed
761 2202 792 2229 in
814 2196 891 2229 nullo
915 2193 988 2236 Iaefis
1012 2219 1023 2235 ,
1051 2198 1175 2230 Petrum

291 2254 496 2289 Florentinum
507 2247 684 2292 Episcopum
695 2247 864 2280 declaravit
875 2247 1072 2279 simoniacum
1079 2269 1087 2277 .
1117 2248 1177 2278 Un-

292 2306 330 2337 de
350 2304 384 2336 (a
406 2297 571 2347 ipsepostea
593 2302 693 2342 igneus
705 2295 743 2337 est
770 2295 940 2338 appellatus
955 2320 962 2327 .
988 2294 1093 2342 Qod
1110 2295 1176 2338 ejus

291 2353 422 2387 &sacra
446 2349 527 2384 stola
541 2373 552 2389 ,
576 2346 827 2390 &manipulus,
851 2345 886 2380 &
908 2345 1024 2389 capitis
1036 2345 1178 2381 caesaries

293 2415 348 2448 per
374 2402 563 2441 flammam,
587 2397 674 2442 quafi
700 2407 755 2440 per
780 2406 941 2435 ventum,
966 2395 1060 2430 illaesa
1086 2395 1174 2431 vola·

293 2454 359 2488 rint
387 2476 396 2492 ‚
423 2451 556 2484 testatur
581 2448 680 2483 etiam
706 2446 976 2481 Florentinorum
1003 2445 1172 2490 Epistola.

294 2503 339 2536 Et
363 2500 535 2536 Bertoldus
558 2497 837 2534 Constantienfis:
864 2498 973 2529 Petrus
1002 2495 1174 2538 Albanenfis

295 2550 459 2596 Episcopus
477 2576 488 2591 ,
515 2556 548 2583 in
572 2546 658 2592 causa
683 2547 784 2581 Sane‘li
811 2549 898 2580 Petri
915 2545 1150 2587 ferventtfflmus
1164 2569 1174 2585 ‚

294 2607 441 2646 migravit
460 2602 504 2634 ad
514 2604 670 2634 Dominum
682 2623 690 2630 .
718 2602 773 2631 Hic
795 2595 832 2635 est
843 2596 891 2630 iile
903 2598 1013 2629 Petrus
1024 2621 1035 2637 ‚
1062 2601 1111 2640 qui
1123 2598 1178 2629 Pe-

297 2661 375 2685 trum
402 2649 575 2693 papiensem
602 2674 613 2690 ,
645 2649 812 2682 Flore-mini
837 2645 1033 2689 Episcopatus
1059 2644 1176 2690 invaso-

299 2714 359 2735 rem
372 2726 382 2740 ,
406 2710 459 2743 per
474 2702 620 2741 judicium
641 2704 720 2743 ignis
740 2697 789 2741 effe
812 2698 1004 2730 simoniacum
1012 2696 1175 2739 probavit.

301 2752 385 2785 Unde
411 2752 445 2784 (θ’
470 2752 602 2792 deinceps
626 2749 708 2780 illum
730 2747 839 2781 SanHa
865 2745 987 2789 Ecclefia
1008 2752 1125 2791 igneum
1135 2756 1176 2778 co-

298 2806 505 2848 gnominavit.
531 2802 612 2833 Erat
638 2805 732 2831 tantae
754 2795 928 2840 sanditatir
948 2821 959 2837 ,
983 2797 1176 2838 constantiae,

303 2854 338 2886 ὡ·
360 2850 432 2893 fidei
457 2873 468 2890 ,
492 2858 525 2883 ut
550 2855 606 2881 vix
631 2848 739 2890 aliquis
760 2846 809 2890 sui
834 2853 972 2888 temporis
997 2852 1023 2880 ei
1043 2852 1175 2890 potuerit

303 2905 488 2943 comparari.
515 2903 572 2932 Hic
582 2900 648 2942 ergo
659 2898 695 2930 de
709 2896 762 2929 hac
773 2901 843 2930 vita
855 2894 1022 2939 discendens
1039 2908 1176 2940 magnum

304 2962 453 2987 moerorem
479 2948 640 2982 Catholicis
667 2947 802 2989 reliquit.
831 2946 993 2980 Eumdem
1021 2947 1177 2982 laudatio

306 3003 368 3034 suis
378 3000 519 3044 dialogis
531 2998 711 3032 Defiderius
723 2996 952 3030 Caffinenfium
966 2996 1076 3031 Abbas
1085 3023 1096 3039 ,
1122 2997 1178 3041 qui

309 3050 413 3093 postea
440 3049 596 3084 Pontifex
622 3047 683 3081 fuit
708 3045 825 3080 Vmor
849 3045 961 3081 tertius
987 3071 994 3078 .
1023 3047 1095 3081 Nec
1122 3047 1182 3082 mi-

309 3099 384 3139 reris
404 3099 465 3134 hoc
477 3098 703 3143 portentosum
725 3096 856 3129 Divinae
875 3095 1002 3139 justitiae
1012 3107 1125 3131 contra
1136 3096 1183 3131 Si-

310 3150 477 3182 moniacos
496 3146 652 3191 judicium
664 3145 686 3179 .’
702 3146 837 3182 Etenim
859 3157 932 3180 ante
952 3146 1038 3180 Petri
1052 3149 1084 3180 in
1096 3147 1182 3183 flam-

311 3209 380 3233 mas
391 3199 425 3231 &
438 3209 552 3240 prunas
566 3197 741 3242 ingressum
753 3195 834 3229 reste
845 3195 885 3230 ad
906 3197 1099 3239 spestantem
1111 3198 1184 3231 Flo-

312 3249 422 3282 rentiae
449 3248 604 3290 populum
630 3247 784 3280 clamavit
814 3246 921 3279 nescio
957 3247 1028 3289 quis
1056 3246 1185 3281 Abbas:

314 3302 380 3332 Viri
402 3299 550 3336 Fratres,
572 3304 627 3338 pro
641 3295 738 3340 salute
757 3301 923 3328 animarum
948 3296 1109 3335 vestrarum
1125 3296 1188 3329 haec

308 3347 442 3389 facimus
469 3369 482 3386 ,
512 3355 545 3379 ut
570 3347 702 3386 deinceps
738 3347 758 3378 ἃ
776 3344 932 3388 simoniaca
964 3347 1046 3386 lepra
1074 3371 1084 3386 ,
1121 3359 1202 3388 quae*

309 3397 377 3441 fere?
394 3397 464 3437 jam
480 3403 578 3428 totum
597 3393 733 3436 sordidat
758 3396 919 3436 mundum,
946 3403 1099 3429 caveatis.
1130 3365 1205 3431 Hic-¹

309 3450 365 3489 J'us
388 3455 488 3481 autem
510 3444 600 3488 lepra·
611 3449 772 3490 contagium
784 3453 846 3479 tam
856 3456 995 3491 magnum
1007 3446 1056 3490 effe
1060 3444 1164 3490 sciatis
1179 3434 1208 3523 ,¹¹

1224 296 1305 342 quast
1317 297 1407 331 nibil.

1277 349 1321 382 Et
1341 346 1419 382 hinc
1439 349 1592 393 septimus
1605 350 1783 394 Gregorius
1795 353 1847 387 sua
1867 354 1902 388 in
1915 353 2117 392 fimoniacos

1228 399 1368 433 Decreta
1392 399 1491 433 etiam
1512 411 1568 445 per
1591 399 1750 435 Divinam
1772 401 1975 446 Maiestatem
1997 405 2112 450 proba-

1227 449 1253 482 ri
1281 449 1315 484 &
1339 448 1460 483 firmari
1480 475 1490 491 ,
1520 450 1565 483 est
1594 450 1773 485 admodum
1800 452 1922 489 laetatus
1943 480 1950 487 .
1977 455 2112 492 Petrum

1227 497 1401 533 Florentiae
1421 499 1618 543 Episcopum
1639 501 1850 549 degradavit,
1877 503 2012 548 igneum
2032 506 2113 541 vero

1229 548 1366 583 Petrum
1390 549 1513 597 creavit
1527 549 1738 586 cardinalem
1751 553 1871 587 Sanstae
1884 554 2042 589 Romanae
2052 555 2114 591 Ec·

1228 598 1366 638 clefiae',
1401 599 1435 635 δε
1461 598 1681 635 Albanensem
1710 602 1910 647 Episcopum
1938 629 1946 636 .
1986 605 2031 640 Et
2057 617 2112 651 pet

1228 648 1297 693 ejus
1316 647 1358 682 ad
1380 650 1491 696 varias]
1501 661 1615 694 gentes
1625 652 1824 697 legationem
1835 653 1982 697 explevit
1994 666 2114 700 magna

1231 699 1363 743 negotia
1377 723 1384 731 .
1411 699 1564 744 Gregorii
1585 701 1724 736 Decreta
1751 702 1945 747 improbavit
1958 706 2114 750 acimpu-

1228 750 1343 795 gnavit
1368 748 1554 795 Sigebertus
1567 750 1832 795 Gemblacenfis,
1857 754 2033 790 adfirmans
2044 756 2114 799 ipsa

1229 799 1323 833 fuiffe
1350 800 1461 835 ansam
1486 800 1520 835 &
1546 802 1694 844 causam,
1721 813 1763 838 ex
1785 815 1849 848 qua
1875 805 2017 850 populus
2043 806 2115 840 suo-

1230 860 1301 884 rum
1327 849 1578 886 simoniacorum
1604 862 1660 887 aut
1685 853 1937 898 conjugatorum
1964 855 2115 899 Praepofi·

1230 910 1339 934 torum
1360 899 1567 936 Sacramenta
1591 913 1630 937 ac
1649 904 1768 948 quaevis
1789 905 1913 940 Divina
1934 905 2115 941 ministeria

1231 961 1301 984 non
1320 959 1450 985 tantum
1473 952 1641 994 refutarit,
1668 952 1722 988 sed
1744 954 1944 993 conculcarit
1961 956 2114 1000 insuper,

1229 1001 1263 1036 &
1287 1000 1462 1045 multiplici
1484 1001 1603 1045 injuria
1622 1002 1777 1039 adfecerit
1798 1028 1806 1039 .
1843 1005 1947 1041 Poffit
1973 1005 2115 1050 populus

1230 1051 1330 1085 etiam
1351 1061 1391 1084 ex
1413 1051 1620 1096 Divinolper
1653 1053 1765 1099 ignem
1785 1053 1910 1098 judicio
1937 1055 1998 1091 fibi
2019 1055 2117 1091 fabri-

1230 1102 1313 1135 caffe
1331 1102 1502 1137 fomenta.
1528 1102 1703 1151 Qidquid
1728 1104 2115 1153 fit‚*Gregoriipraesens

1231 1150 1410 1186 Decretum
1430 1151 1582 1197 probavit
1604 1153 1638 1187 in
1662 1153 1896 1191 Beneventana
1921 1156 2062 1200 Synodo
2070 1165 2117 1191 et·

1230 1200 1295 1235 iam
1316 1200 1435 1237 vietor
1455 1201 1567 1237 tertIus
1590 1227 1602 1244 ‚
1627 1207 1799 1247 proximus
1819 1207 1976 1242 success'or
2000 1218 2008 1239 :
2036 1211 2117 1241 Cum

1230 1249 1416 1293 hujusmodi,
1440 1263 1497 1296 per
1508 1252 1647 1298 Regiam
1660 1254 1832 1291 simoniam
1845 1256 2006 1300 promotis
2016 1280 2028 1297 ,
2039 1259 2118 1298 Epi·

1225 1298 1344 1341 scopis,
1372 1300 1533 1332 abbatibus
1553 1325 1566 1341 ,
1590 1312 1646 1336 aut
1665 1306 1792 1340 Clericus
1812 1307 1938 1350 reliquis
1965 1311 2019 1350 qui
2042 1317 2119 1340 com·

1231 1353 1380 1388 munitat,
1405 1349 1458 1381 vel
1472 1356 1562 1390 orat,
1587 1358 1641 1383 aut
1659 1350 1789 1393 ipsorum
1815 1357 1917 1397 Miffas
1928 1358 1999 1390 adit
2013 1380 2026 1396 ,
2051 1357 2121 1389 uni

1232 1394 1538 1431 excommunicationis
1560 1396 1710 1440 sententia
1725 1402 1898 1443 plectatur,
1923 1409 1977 1445 qui
1996 1413 2048 1437 nec
2064 1405 2121 1437 Sa-

1230 1447 1360 1481 cerdotes
1373 1447 1494 1489 quidem
1512 1446 1591 1482 reae
1606 1454 1713 1490 putari
1719 1451 1850 1493 poffimt.
1879 1451 2119 1488 Poenitentiam

1233 1499 1312 1531 item
1333 1497 1366 1531 δι
1390 1495 1628 1533 Eucharistiam
1653 1508 1743 1533 vetat
1767 1497 1809 1534 ab
1830 1500 1897 1535 illis
1922 1501 2045 1545 accipi.
2072 1502 2118 1536 Et

1234 1545 1364 1581 videtur
1392 1546 1483 1590 loqui
1506 1547 1605 1582 etiam
1624 1547 1666 1583 de
1687 1548 1833 1589 articulo
1851 1552 1983 1586 mortis.
2010 1551 2119 1599 Qod

1234 1596 1350 1642 nempe
1370 1596 1562 1631 simoniacus
1587 1597 1741 1633 Minister
1759 1600 1799 1635 fit
1820 1598 1987 1636 haereticus
2018 1611 2119 1645 atque

1233 1646 1374 1681 infidelis
1387 1671 1395 1679 .
1424 1647 1518 1681 Hinc
1539 1647 1706 1694 adjungit:
1732 1650 1856 1687 Sacram
1875 1650 1985 1692 Christi
1994 1662 2119 1686 commu-

1233 1702 1348 1731 nionem
1369 1702 1514 1740 quamvis
1543 1696 1697 1740 vifibiliter
1714 1699 1749 1733 Θ
1768 1703 1956 1743 corporaliter
1971 1700 2120 1736 Catholici

1232 1755 1355 1790 propter
1377 1752 1567 1782 imminentes
1600 1747 1751 1783 hereticos
1782 1750 1892 1786 babere
1911 1763 1969 1786 non
1991 1751 2119 1794 pffnu

1234 1799 1305 1830 dum
1322 1806 1426 1834 ,tamen
1449 1806 1548 1832 mente
1567 1797 1681 1839 Christo
1700 1799 1945 1845 conjurantium,
1970 1803 2036 1843 eJus
2046 1812 2121 1835 com·

1235 1853 1401 1882 munionem
1421 1846 1608 1889 invisibiliter
1625 1847 1750 1892 fiimunt
1762 1875 1770 1883 .
1796 1851 1840 1886 Et
1862 1851 1906 1886 fic
1920 1849 2063 1898 omnino
2074 1852 2121 1886 fe-

1235 1898 1282 1932 cit
1306 1898 1441 1933 Sanetus
1460 1897 1748 1944 Hermenigildus.
1776 1900 1855 1937 Sine
1867 1900 2121 1937 absolutione&

1237 1945 1440 1984 Eucharistia
1464 1948 1550 1983 mori
1577 1949 1715 1991 maluit,
1739 1962 1839 1995 quam
1865 1952 1932 1996 ipsa
1957 1952 2122 1996 percipere

1236 1996 1277 2031 ab
1301 1996 1430 2033 Ariano
1453 1997 1618 2043 Episcopo
1634 2025 1642 2033 .
1667 1999 1713 2034 Et
1731 1999 1774 2035 de
1794 2001 2040 2037 Constantienfi
2066 2011 2123 2045 pet·

1237 2046 1460 2083 Geberardum
1484 2048 1626 2092 ejusdem
1645 2049 1790 2086 civitatis
1810 2052 2028 2097 Episcopum,
2055 2050 2124 2087 Ur-

1236 2095 1313 2130 bani
1336 2097 1467 2132 secundi
1492 2098 1526 2132 in
1549 2099 1731 2134 Germania
1752 2094 1940 2146 Legatum,
1962 2101 2125 2137 celebrata

1238 2145 1375 2188 Synodo
1388 2146 1497 2181 scribit
1509 2146 1705 2182 Bettholdus
1717 2146 1840 2185 ibidem
1851 2150 2023 2194 Presbyter
2034 2165 2046 2185 .·
2069 2153 2126 2185 Ge-
2141 2161 2178 2192 Α,·
2189 2168 2274 2197 10⁹4·

1236 2197 1383 2230 berardus
1397 2201 1643 2230 incontinentiam
1656 2197 1892 2236 Presbyter-orum
1902 2210 1937 2233 ac
1946 2200 2121 2233 violentiam

1230 2245 1449 2288 simoniacorum
1473 2245 1546 2278 adeo
1562 2244 1735 2287 prohibuit,
1761 2256 1796 2281 ut
1813 2253 1906 2282 etiam
1921 2250 2065 2291 populum
2083 2248 2124 2282 ab
2159 2263 2165 2268 ·

1237 2306 1335 2329 eorum
1360 2296 1460 2338 officiis
1479 2294 1646 2338 prohiberet
1661 2319 1672 2336 ,
1689 2295 1782 2340 fiipfi
1793 2301 1826 2331 in
1836 2300 1893 2332 tali
1894 2297 2034 2340 facinore
2038 2297 2132 2344 pofiti

1237 2354 1340 2380 contra
1353 2345 1408 2387 fas
1431 2346 1466 2379 (5
1483 2348 1539 2386 jus
1557 2344 1723 2386 ministrare
1730 2345 1992 2392 praesumpfiffi'nt.
2019 2347 2125 2395 Qod

1239 2396 1343 2439 ipsum
1365 2396 1400 2429 in
1427 2395 1523 2430 variis
1544 2395 1689 2439 Synodis
1708 2396 1820 2432 statuit
1840 2397 2002 2434 Urbanus
2012 2399 2124 2434 secun-

1240 2446 1322 2486 dus,
1350 2446 1384 2480 ἀ
1403 2444 1559 2480 acerrime
1578 2446 1727 2481 defendit
1747 2447 1783 2481 in
1803 2447 1919 2483 litteris
1930 2449 1970 2484 ad
1982 2448 2125 2485 Lucium

1239 2496 1343 2530 Sancti
1359 2495 1505 2539 Iuventii
1516 2495 1704 2532 Ticinenfis
1716 2497 1944 2543 Praepofitum.
1973 2500 2017 2533 Et
2029 2499 2127 2543 Joan·

1241 2556 1298 2580 nes
1319 2556 1356 2580 ac
1376 2545 1568 2581 Benedictus
1592 2545 1804 2590 Cardinales,
1830 2547 1999 2583 Paschalis
2016 2550 2126 2585 secun·
2175 2540 2178 2543 ¹

1240 2595 1273 2630 di
1301 2607 1356 2639 per
1380 2595 1525 2631 Galliam
1547 2595 1687 2642 Legati,
1713 2598 1747 2632 in
1758 2598 1813 2632 stra
1832 2598 1936 2642 prima
1947 2596 2126 2632 Pistavien·

1239 2646 1259 2679 fi
1282 2645 1420 2689 Synodo
1445 2646 1640 2681 sanxerunt:
1668 2651 1707 2680 Ut
1731 2648 1836 2687 nullus·
1855 2646 2028 2687 Presbyter,
2052 2650 2127 2680 Dia·

1238 2707 1326 2730 conus
1339 2720 1349 2737 ,
1376 2697 1428 2730 vel
1435 2695 1636 2730 subdiaconus
1647 2697 1835 2733 concubinam
1853 2695 1983 2739 babeat,
2004 2694 2065 2740 sed
2073 2706 2125 2731 nec

1238 2747 1333 2779 aliam
1339 2746 1526 2788 foeminam,
1550 2748 1630 2781 unde*
1640 2759 1752 2793 magna
1761 2744 1888 2791 ficspicio
1898 2745 2066 2787 habeatur,
2089 2751 2127 2781 in

1238 2807 1300 2830 una
1322 2797 1413 2832 domo-
1420 2794 1516 2839 secum
1538 2795 1647 2831 babeat
1668 2822 1675 2830 .
1699 2800 1744 2830 Et
1765 2802 1937 2840 quicumque
1955 2795 2124 2840 hujusmodi

1238 2846 1404 2881 sacerdotis
1424 2845 1644 2889 concubinarii,
1662 2845 1724 2889 five
1743 2855 1800 2890 per
1809 2849 1971 2882 Simmiam
1989 2847 2123 2880 ordinati

1239 2896 1355 2939 Missam
1374 2894 1502 2938 scienter
1523 2899 1693 2938 audierint,
1717 2902 2010 2931 excommunicationi
2021 2895 2125 2941 subja·

1239 2957 1304 2981 cere
1313 2945 1442 2982 debeant
1454 2971 1461 2978 .
1489 2947 1674 2991 Requirunt
1695 2959 1764 2982 non
1774 2947 1962 2982 evidentem
1974 2945 2125 2982 criminis

1241 2996 1395 3031 notitiam
1406 3021 1416 3036 ,
1444 2996 1496 3031 sed
1507 2996 1678 3033 fundatam
1704 2995 1875 3035 dumtaxat
1885 2997 2102 3045 suspicionem
2113 3018 2124 3032 .

1242 3046 1298 3082 Est
1310 3045 1478 3093 singularis
1495 3047 1602 3095 rigor.

2001 3499 2087 3533 Petri
