2352 3756
884 91 1450 138 CONCJthJM.
1924 109 2011 157 361

254 177 349 213 Otho
372 175 522 211 habuerit
544 174 716 220 Colit-gam
740 174 945 210 Udalricum
971 172 1139 207 Albanen-
1204 182 1276 205 num
1294 176 1437 213 Decreta,
1466 184 1498 207 ut
1518 175 1659 220 eiusmodi
1676 178 2078 224 sacrilegiiexemploaditus

253 230 318 262 sem
333 228 533 272 Episcopum
547 252 554 258 .
585 226 715 260 Etenim
728 225 843 259 Petrus
857 225 974 269 lgneus
984 234 1051 257 erat
1063 233 1141 256 tunc
1198 224 1356 264 januaque
1380 225 1536 266 pandatur
1555 229 1689 261 omnibus
1707 230 1854 264 baereticit
1865 254 1875 270 ,
1895 230 1924 271 fi
1931 232 2001 262 talis
2008 232 2076 271 fue-

254 277 449 311 Albanenfis
469 277 661 319 Episcopus.
692 274 795 323 Quod
815 275 855 308 ad
868 275 957 308 istius
971 274 1072 307 saculi
1087 285 1141 306 an·
1205 278 1246 304 rit
1266 284 1323 305 mn
1347 272 1449 312 Past⁰r
1462 296 1472 312 2
1491 271 1554 315 ,ΙΜ-
1568 276 1686 317 invasor
1699 281 1784 312 Sedis
1797 279 1983 322 apostolicae,
2006 290 2077 320 qua-

252 339 334 360 num
361 328 590 371 ostogefimum
611 328 763 360 ostavum
777 324 913 365 vixerit,
940 323 1058 357 diserte
1072 324 1143 356 sc-ri-
1204 323 1242 355 lis
1265 324 1342 356 certe*
1353 322 1412 364 fur
1424 322 1492 363 fuit
1514 324 1548 356 (5·
1575 324 1795 361 Hildebrandus
1817 354 1827 369 ‚
1854 335 1903 372 qui
1923 331 1957 363 Θ
1974 337 2080 371 praecl-

252 378 304 411 bit
317 376 505 412 Conrardus
519 376 631 410 Abbas
647 375 884 420 Uspergenfis.
913 374 956 407 Et
977 373 1067 417 quod
1079 371 1142 407 hoc
1201 379 1288 415 piens
1301 383 1353 406 aut
1363 371 1541 416 consentiens
1561 373 1681 405 illicitas
1704 385 1792 416 atque
1804 379 1944 418 furtivas
1963 381 2079 412 ordina.

252 438 402 471 tempore
421 438 488 461 non
511 427 544 460 in
570 426 745 460 Germania
759 449 770 465 ,
797 424 850 458 sed
874 425 907 456 in
922 424 1030 458 Gallia
1040 423 1143 467 egerit
1205 429 1298 456 tiones
1314 422 1381 464 fieri
1402 428 1434 456 in
1454 424 1747 464 Metropolitanorum
1758 426 1966 468 Episcoporum
1985 432 2081 462 Paro.

255 478 408 522 Gregorii
420 479 583 520 Legatum
597 502 606 516 ‚
634 478 667 509 su
673 476 724 519 pra
739 474 835 509 nobis
848 473 932 507 dixit
946 473 1143 507 Bertholdus
1203 472 1290 513 chiis,
1301 472 1447 516 spoliavit
1459 471 1600 514 Ecclefias
1610 470 1676 515 suis
1683 475 1858 516 privilegiis.
1872 477 1963 510 Hinc
1971 476 2081 513 denuo

256 527 518 561 Constantienfis
530 551 538 558 .
567 527 610 560 Et
636 524 725 568 quod
747 525 834 558 solus
857 522 952 559 Otho
967 522 1143 567 praesederit
1205 524 1343 557 affirmat
1355 523 1554 567 Gregorium
1565 523 1659 556 fuisse
1671 522 1796 567 Papatu
1808 523 1886 566 juste
1897 525 2047 567 ejectum.

256 575 336 609 huic
348 575 486 619 synodo
497 600 507 615 ,
533 574 654 609 habent
673 576 754 608 Asta
769 573 947 616 Synodalia
961 598 968 606 .
1255 572 1408 610 Affirmat
1420 573 1523 606 varia.
1551 571 1687 613 Primo,
1713 572 1802 617 quod
1814 574 1986 609 Romanus
1997 574 2083 609 Pon-

309 625 493 662 Audiamus
513 625 592 669 quid
615 622 676 659 hac
699 626 739 657 de
764 635 796 658 re
821 623 936 656 scribat
962 625 992 655 in
1008 622 1091 657 libro
1103 621 1144 656 de
1205 620 1285 656 tifex
1300 647 1310 663 ,
1335 623 1375 656 ad
1397 623 1682 667 moremcujusque
1702 624 1833 658 alterius
1843 623 2084 668 Metropolitae,

256 675 385 710 unitate
408 677 558 710 Ecclefiae
578 674 759 708 Veneticus
784 673 994 707 Vercellensis
1013 673 1144 715 Episco·
1206 671 1320 707 alienae
1331 672 1511 707 Provinciae
1522 673 1734 716 Episcopales
1745 675 2004 709 consecrationes
2016 686 2084 708 non

240 737 336 768 .pus.
366 725 632 761 Hildebrandum
657 724 778 767 Papam
813 724 939 757 accusat
971 722 1012 755 de
1035 720 1144 757 multis
1207 722 1485 764 poffitinvadere‚
1506 733 1680 767 peragere,
1707 733 1763 756 aut
1773 724 1937 769 delegare.
1966 726 2085 759 Secun-

252 777 457 820 Apostolicae
476 771 642 820 potestatis
674 773 851 808 exceffibus
879 798 890 814 ,
915 770 1006 806 addit
1039 771 1142 814 ipsum
1205 771 1270 811 do,
1297 772 1387 814 quod
1411 784 1464 807 eas
1487 784 1547 807 nec
1571 773 1636 807 suis
1656 772 1788 817 Legatis
1807 774 1956 819 delegare
1969 775 2085 818 poffit.

114 827 233 865 1:0173,
248 825 376 859 exinde
406 826 532 869 Papatu
559 836 695 860 exutum
720 847 731 862 ‚
758 824 791 857 δε
816 822 1016 865 prosequitur
1037 834 1043 854 z
1071 824 1144 855 Ecce
1203 820 1345 861 Tertio,
1371 823 1461 867 quod
1474 822 1554 857 tales
1567 824 2087 870 consecrationesfintillegitimas

253 875 479 910 Hildebrandus
502 872 699 916 coloniensem
719 869 958 914 Ecclefiamnsuis
974 873 1142 916 privilegiis
1206 881 1304 916 atque
1325 873 1469 914 furtivae,
1496 870 1654 916 quoniam
1675 873 1740 908 hoc
1754 873 1857 917 ipsum
1869 875 2031 909 senserunt
2050 874 2086 908 δε

248 924 396 969 spoliavit
410 949 422 965 ‚
442 930 494 967 qut
507 928 649 961 Hartuico
659 920 912 966 Magdeburgensts
924 921 1056 963 Ecclefiae
1068 925 1144 964 Epi-
1205 921 1382 957 Guibertus
1405 924 1490 957 Anti
1503 942 1514 949 -
1526 922 1614 967 Papa
1635 926 1669 959 &
1692 924 1760 967 ejus
1779 924 2021 969 Moguntinum
2042 924 2087 959 la-

252 975 334 1019 scopo
366 974 416 1008 boc
437 975 559 1014 conceffit
580 998 592 1014 ‚
617 974 652 1007 Za·
674 972 725 1006 boc
739 972 840 1012 jusfit,
864 980 897 1004 ut
920 977 1059 1005 terminos
1083 975 1142 1005 Pa·
1207 972 1402 1008 trocinium.
1429 974 1510 1008 Hoc
1520 975 1608 1008 enim
1619 985 1662 1008 ex
1676 974 1762 1008 illius
1774 974 1939 1018 Praecepto
1950 974 1995 1008 ob
2005 973 2089 1006 fimi-

256 1036 337 1058 trum
363 1024 608 1069 transgrediendo
633 1024 791 1056 invaderet
818 1021 993 1057 Parocbiam
1018 1023 1141 1057 alterius
1205 1021 1269 1056 lem
1287 1023 1450 1058 excessum
1465 1024 1632 1059 damnavit
1643 1025 1843 1059 Hartuicurn
1861 1023 2089 1068 Archiepisco-

257 1076 480 1115 Metropolitant
519 1072 660 1116 Episcopi
683 1097 694 1113 ‚
721 1074 755 1106 <tt
784 1074 937 1105 ordinaret
963 1072 1141 1115 Episcopum
1203 1082 1280 1115 pum
1312 1073 1629 1119 Magdeburgensem
1660 1087 1667 1107 ε
1704 1076 1908 1109 Damnatum
1939 1074 2050 1108 antea
2068 1073 2088 1106 a

255 1125 407 1166 quendam
434 1123 662 1167 Reginhardum
687 1128 721 1155 in
742 1119 892 1162 Mindenfi
914 1122 1040 1164 Ecclefia
1063 1148 1073 1162 ‚
1099 1125 1143 1156 ad
1204 1123 1342 1164 Synodo
1365 1125 1500 1166 Seguini
1523 1123 1769 1167 Archiepiscopi
1791 1124 2014 1158 Colonienfis.
2043 1123 2088 1156 Et

254 1175 652 1215 contemptum&injuriam
664 1174 784 1216 Seguini
810 1172 984 1213 coloniensis
993 1172 1140 1214 Archiepi-
1202 1172 1491 1219 certeAnti-Papae
1513 1198 1524 1214 ,
1548 1182 1587 1211 ut
1606 1174 1668 1208 suis
1690 1175 1826 1209 factiosis
1846 1174 1993 1219 placeant
2015 1197 2026 1213 ‚
2051 1172 2087 1209 &

253 1222 353 1266 scopi.
383 1228 442 1257 Hoc
465 1228 555 1257 etiam
565 1224 698 1265 exemplo
711 1220 787 1255 Otho
801 1220 967 1264 Episcopus
980 1221 1067 1262 Ostiae
1079 1226 1143 1256 Mo·
1204 1223 1289 1264 ipsos
1320 1224 1354 1256 in
1389 1225 1444 1257 sua
1483 1226 1624 1258 factione
1659 1223 1787 1258 firment
1812 1249 1822 1265 ,
1849 1225 2088 1259 consueverunt:

250 1278 413 1317 guntinam
435 1271 591 1314 Ecclesiam
612 1271 678 1315 suis
699 1272 868 1315 privilegiis
893 1271 1039 1315 spoliavit
1058 1297 1068 1313 ‚
1094 1282 1139 1305 at·v
1207 1270 1401 1314 Apostolicae
1422 1273 1514 1307 Sedis
1535 1284 1605 1307 non
1627 1274 1756 1308 tantum
1776 1276 1917 1310 Decreta
1937 1296 1948 1312 ‚
1975 1273 2030 1307 sed
2050 1273 2085 1307 &

256 1334 313 1365 que
322 1322 380 1365 ipse
390 1322 634 1367 transgrediendo
637 1320 725 1364 simul
742 1320 882 1355 terminos
905 1325 1032 1355 Patrum
1043 1347 1053 1363 ‚
1082 1325 1139 1355 Pa·
1204 1321 1372 1366 privilegia
1386 1322 1575 1366 praevaricari
1594 1348 1601 1355 .
1627 1322 1755 1371 Qarto
1767 1348 1777 1363 ‚
1788 1323 1969 1358 Venericus
1981 1321 2090 1358 Otho-

254 1372 385 1406 rocbtam
409 1375 630 1415 Metropolitum·
652 1371 793 1415 Episcopi
814 1370 943 1412 invasit,
969 1373 1003 1405 (τ
1023 1373 1069 1404 ad
1079 1383 1140 1405 con·
1205 1382 1279 1405 nem
1303 1372 1466 1418 Legatum
1501 1373 1635 1407 damnat
1661 1372 1706 1407 ob
1734 1373 1875 1407 eundem
1904 1373 2087 1407 excessum.

256 1431 404 1465 temptum
424 1432 513 1466 atque
533 1425 676 1462 iniuriam
703 1423 857 1455 VVizeltni
892 1424 1057 1465 Moguntini
1088 1427 1139 1455 Ar·
1202 1421 1334 1469 Qinto
1352 1447 1363 1462 ‚
1390 1421 1480 1456 addit
1502 1423 1535 1463 ὃ(
1560 1424 1661 1457 alium
1684 1423 1752 1467 ejus
1778 1422 1957 1457 excessum.
1984 1421 2090 1469 Qod

253 1472 429 1516 cbiepiscopi
451 1473 657 1506 Geberardum
678 1473 827 1515 quendam
859 1476 894 1504 in
929 1471 1145 1514 Constantiensi
1204 1472 1318 1516 nempe
1342 1472 1440 1513 vivo,
1466 1473 1500 1506 &
1521 1472 1567 1506 ob
1585 1474 1700 1516 justam
1715 1474 1844 1507 causam
1857 1473 1945 1506 exuli
1957 1472 2090 1507 Othoni

254 1522 385 1564 Ecclefia
406 1522 584 1566 Episcopum
610 1524 767 1556 ordinavit
792 1547 801 1562 ‚
827 1533 891 1554 cum
922 1520 1019 1554 adhuc
1050 1527 1140 1555 etiam
1203 1521 1446 1556 Constantienfi
1474 1515 1639 1567 Episcopo
1651 1522 1937 1566 superordinaffet.
1966 1521 2009 1555 Et
2019 1519 2090 1555 haec

253 1574 372 1616 vixiffet
390 1572 468 1606 otho
489 1571 654 1616 Epist-opus
678 1571 763 1614 ipsius
790 1570 1014 1613 constantiensis
1041 1572 1139 1605 Eccle-
1200 1572 1335 1612 omnia,
1361 1571 1449 1617 quod
1469 1572 1570 1614 aliqui
1582 1574 1682 1607 etiam
1702 1571 1870 1607 Catholici
1880 1572 1921 1606 de
1932 1571 2005 1615 ipfis
2024 1573 2088 1605 ces-

247 1620 318 1662 fiae.
346 1623 476 1662 Sedjam
482 1625 602 1664 pridem
623 1623 662 1655 ab
684 1634 720 1657 ea
730 1620 867 1663 expulsus
883 1620 938 1660 est,
967 1625 1038 1664 quia
1048 1623 1140 1654 noluit
1202 1622 1343 1664 pitarent
1363 1646 1374 1662 ,
1402 1622 1544 1662 discussit
1574 1623 1706 1668 praesens
1737 1621 1893 1666 synodus
1914 1646 1925 1663 ‚
1953 1632 1991 1656 ac
2017 1629 2087 1656 tan·

253 1676 286 1702 in
305 1679 396 1712 parte
417 1672 611 1708 Hildebrandi
631 1672 702 1713 effe,
729 1673 763 1704 (2⁴
784 1671 835 1713 effe
861 1675 1066 1709 communioms
1090 1683 1140 1704 ex·
1200 1669 1275 1705 dem
1298 1673 1414 1708 cunita
1434 1671 1620 1706 Cardinalis
1643 1671 1791 1706 Othonis
1811 1672 1897 1715 apud
1922 1670 2088 1706 Constan-

250 1729 351 1753 ternae
366 1746 373 1753 .
399 1722 446 1754 Sic
465 1723 534 1755 vero
548 1719 719 1763 sanHorum
745 1723 901 1752 Canonum
927 1722 1035 1763 regulae
1058 1720 1140 1758 custo·
1201 1720 1335 1755 tie-nsem
1359 1721 1534 1754 Ecclefiam
1556 1722 1655 1762 Gesta
1670 1722 1840 1766 probavit,
1869 1731 1933 1756 rata
1947 1720 2086 1761 habuit,

252 1770 396 1808 ditentur,
422 1768 636 1812 &observari
661 1770 844 1802 mandantur
866 1792 876 1808 ‚
903 1770 954 1803 vel
973 1769 1013 1811 ab
1038 1769 1141 1803 Hilde·
1200 1769 1427 1803 confirmavit.
1455 1770 1566 1803 Etiam
1588 1773 1796 1806 cassationem
1809 1771 1979 1810 eleffionis
1996 1772 2086 1804 fastae

251 1819 390 1860 brando,
405 1821 458 1853 vel
466 1820 505 1852 ab
517 1819 629 1852 othone
643 1843 650 1850 .
667 1818 799 1862 Utique
810 1818 951 1851 Ostiensi
966 1818 1139 1860 Episcopo.
1200 1817 1240 1851 de
1261 1818 1411 1861 Ruperto
1430 1831 1467 1853 ac
1480 1818 1660 1857 Bertholdo
1672 1846 1680 1853 .
1710 1821 1819 1855 Etiam
1832 1820 1993 1863 publicata
2007 1820 2088 1854 Gre-

253 1867 359 1913 Qod
373 1869 482 1903 nullus
493 1869 708 1912 Metropolita
720 1878 774 1902 aut
790 1867 917 1901 Primos
937 1867 1050 1900 alienae
1063 1866 1139 1900 Pro·
1199 1867 1284 1910 gorii
1305 1867 1476 1903 adversum
1498 1869 1706 1904 simoniacos
1732 1871 1766 1904 &
1793 1870 1987 1914 conjugatos
2008 1870 2084 1904 Cle-

252 1918 374 1951 vinciae
400 1918 606 1961 Episcopales
628 1917 891 1952 consecrationes
904 1915 1140 1957 poffitinvade·
1200 1917 1284 1950 ricos
1304 1917 1445 1951 Decreta
1470 1943 1476 1950 .
1504 1919 1600 1965 an
1631 1919 1814 1953 Cardinalis
1840 1919 1935 1953 Otho
1967 1919 2082 1955 eadem

248 1977 290 2001 το
312 1991 325 2008 ,
352 1966 494 2001 ostendit
523 1968 624 2002 etiam
647 1966 730 2000 infra
757 1977 799 2000 ex
825 1965 932 1998 Sancti
959 1964 1054 2008 Papae
1077 1965 1139 1998 Ca·
1199 1964 1370 2008 publicarit
1393 1978 1430 2000 ac
1452 1968 1485 2001 in
1509 1968 1735 2004 executionem
1757 1971 1910 2010 miserit,
1939 1981 2005 2004 non
2032 1969 2079 2004 est

259 2016 335 2051 lixti
355 2015 537 2051 lfidorianis
579 2016 729 2052 Decretis
759 2039 769 2054 ,
798 2015 936 2047 affirmat
967 2023 1007 2056 ut
1035 2016 1135 2048 exces·
1198 2014 1416 2050 dubitandum
1439 2041 1445 2048 .
1473 2017 1575 2051 Porro
1603 2019 1810 2062 Reginardus
1832 2020 1882 2053 vel
1906 2020 2083 2062 Raymun-

251 2068 324 2101 sum
336 2064 482 2100 damnari
494 2066 535 2100 ab
546 2066 642 2099 omni
654 2065 915 2105 Ecclefia‚atque
928 2064 1138 2105 prosequitur:
1197 2063 1256 2098 dus
1267 2089 1278 2104 ,
1304 2077 1402 2108 quern
1412 2077 1453 2100 ex
1464 2066 1616 2111 Gregorii
1629 2067 1710 2110 jussu
1733 2069 1932 2102 consecravit
1944 2070 2079 2106 Hartui-

121 2123 182 2156 1³01.
192 2134 238 2160 77·
253 2118 352 2159 ,Quod
369 2117 404 2150 (θ’
417 2115 536 2159 saevum
555 2115 593 2156 est
614 2116 651 2148 de
665 2117 800 2148 Hartuico
820 2112 1137 2156 MagdeburgensiEpi·
1197 2124 1254 2147 cus
1276 2113 1565 2158 Magdeburgenfis
1577 2140 1588 2155 ‚
1615 2118 1678 2150 fuit
1690 2117 1835 2151 decimus
1847 2120 1977 2157 octavus
1988 2120 2080 2156 Min-

250 2165 336 2211 scopo
354 2190 362 2198 .
389 2168 474 2209 ‚Quia
499 2169 639 2210 seguinus·
666 2162 839 2205 Colonienfis
865 2160 1029 2204 Episcopus
1052 2164 1136 2195 dam·
1197 2162 1300 2196 denfis
1321 2164 1520 2207 Episcopus,
1546 2176 1584 2197 ac
1607 2166 1647 2198 de
1669 2166 1739 2208 ipso
1764 2166 1873 2201 scribit
1896 2168 2078 2204 Mindensss

254 2222 345 2250 navit
366 2226 432 2249 eum
452 2241 462 2257 ‚
488 2214 731 2259 consentientefin
749 2211 878 2256 idipsum
899 2215 1135 2254 Comprovincia-
1199 2212 1346 2247 Ecclefiae
1367 2211 1559 2247 Chronicon
1581 2226 1587 2245 :
1616 2214 1674 2247 sub
1697 2214 1745 2254 isto
1776 2213 1920 2258 Episcopo
1941 2216 2077 2262 successo,-

252 2268 326 2299 lium
342 2264 553 2308 Episcoporum
566 2266 702 2306 judicio,
722 2263 880 2306 postquam
902 2263 982 2295 nullo
993 2263 1075 2295 modo
1081 2270 1135 2303 po·
1200 2265 1357 2296 Folmarus
1371 2265 1475 2296 Sedem
1487 2262 1690 2306 Epiftopalem
1696 2263 1808 2304 frivole
1818 2266 1946 2308 invasit.
1975 2269 2075 2303 Nem.

253 2321 316 2349 tuit
335 2316 442 2348 adduci
464 2325 497 2349 ut
512 2314 691 2358 satisfacere
703 2315 793 2348 vellet
817 2311 950 2353 Ecclefiae
956 2320 1012 2353 pro
1030 2311 1136 2352 injusta
1197 2311 1234 2355 pe
1265 2313 1407 2346 intrusus
1436 2324 1490 2356 per
1512 2314 1647 2357 Seguini
1669 2314 1878 2349 Colonienfis
1905 2316 2076 2363 Archiepi-

251 2367 439 2397 ordinatione
459 2363 613 2408 cujusdam
635 2364 802 2407 Reginardi
827 2368 858 2397 in
868 2360 1047 2404 Episcopatu
1060 2365 1131 2394 Min·
1197 2363 1284 2406 scopi
1303 2362 1617 2405 Pseudo-synodum
1628 2388 1639 2405 ,
1666 2366 1776 2398 ausam
1798 2364 1976 2410 degradare
1991 2367 2075 2404 Har-

252 2413 350 2455 denfi.
382 2413 591 2448 Praetendebat
611 2422 712 2447 autom
731 2414 780 2446 ille
794 2419 954 2450 Hartuicus
962 2411 1133 2453 potestatem
1195 2413 1317 2447 tuicum
1341 2411 1659 2457 magdeburgensem
1671 2438 1678 2445 .
1706 2414 1840 2449 Interim
1862 2416 1950 2452 dieto
1976 2417 2076 2463 Regi-

249 2462 297 2506 Jui
318 2467 451 2507 Gregorii
473 2468 588 2506 Papae‚
615 2475 682 2506 quae
706 2465 797 2497 talem
817 2461 963 2504 lt'blposset
983 2462 1134 2495 concedere
1196 2463 1298 2497 nardo
1320 2463 1361 2497 ad
1383 2463 1474 2498 istius
1487 2463 1589 2497 sa‘culi
1606 2474 1729 2497 annum
1740 2466 1970 2510 octogesimum
1988 2471 2074 2505 odla-

252 2514 466 2547 ordinationem
491 2516 588 2555 juxta
607 2513 816 2548 authoritatem
837 2514 919 2545 sedis
950 2511 1132 2552 Apostolicae,

251 2565 372 2606 ideoque
386 2563 442 2606 fibi
461 2575 535 2597 cura
549 2576 606 2597 non
616 2565 666 2607 effe
671 2563 759 2607 super
772 2565 938 2605 aliquorum
949 2562 1002 2594 vel
1009 2567 1132 2594 vocatIo-

253 2625 291 2646 ne
313 2614 366 2647 vel
384 2615 573 2647 damnatione
592 2639 598 2645 .
629 2617 705 2646 Ecce
725 2618 850 2655 apponit
873 2618 1025 2653 peccatum
1041 2609 1133 2653 super

248 2672 405 2704 peccatum
417 2688 427 2703 ,
454 2666 488 2697 <ot
500 2663 590 2704 justae
611 2664 796 2695 damnationi
808 2663 899 2695 addit
905 2665 1021 2703 pariter
1034 2661 1132 2694 Eccle-

245 2712 368 2754 fiasticae
389 2719 546 2746 vocationis
567 2714 601 2746 (9¹
634 2714 776 2756 regular-ts
809 2711 976 2755 disciplina»
1009 2718 1131 2743 contem-

249 2771 336 2803 ptum
349 2787 356 2795 .
386 2767 479 2807 Igitur
498 2772 612 2805 praeter
632 2765 714 2796 illam
736 2764 956 2795 damnationem
967 2761 1129 2793 damnatus

251 2812 290 2851 cst
312 2823 376 2845 cum
396 2819 507 2846 caeteris
529 2816 664 2856 Gregorn
685 2818 912 2846 communionem
933 2809 1128 2845 retinentibus

251 2861 408 2904 Episcopi:
426 2869 458 2895 in
480 2862 711 2906 Mogontiacenfi
725 2864 858 2902 synodo,
877 2861 1002 2903 jubente
1024 2861 1060 2892 id
1063 2860 1128 2902 fieri

249 2912 408 2952 apostolica
434 2914 507 2946 Sede
529 2937 539 2952 ‚
565 2914 631 2946 cum
651 2914 738 2946 nollet
767 2918 878 2946 reverti
904 2913 953 2944 ad
971 2919 1076 2952 pacem
1096 2912 1132 2944 Θ·
1183 2910 1294 2954 signum
1302 2920 1356 2953 pro
1367 2921 1476 2945 mortuo
1485 2912 1630 2956 Eptftopo
1633 2914 1787 2955 facerent.
1816 2917 1879 2948 Illis
1901 2925 1995 2950 autem
2006 2929 2066 2950 cre-

248 2964 430 2995 concordiam
454 2962 615 2996 Catholicae
635 2961 787 3003 Ecclefiae.
816 2962 879 2996 Per
900 2959 1127 3003 Apostolicam
1189 2963 1257 2994 dere
1277 2962 1464 3001 nolentibus,
1489 2962 1611 3004 ostendit
1630 2968 1672 2996 eis
1691 2972 1748 3004 pro
1769 2964 1874 3008 insigni
1891 2968 2006 3007 pallam
2018 2967 2063 2999 al-

245 3010 364 3044 Sedem
387 3012 542 3057 intelligit
564 3013 779 3046 Guibertum.
807 3011 851 3044 Et
874 3022 915 3044 ex
935 3010 1002 3043 istis
1025 3009 1129 3044 verbis
1187 3017 1264 3043 taris
1285 3021 1471 3045 cruentatam
1494 3015 1527 3046 οἷς
1545 3011 1804 3056 sanguinolentam
1827 3039 1837 3054 ‚
1864 3019 1896 3046 in
1920 3027 1979 3056 qua
1994 3017 2064 3058 gla-

246 3059 329 3094 item
352 3061 506 3095 discimus
531 3062 654 3106 aliquid
675 3063 816 3105 spestans
834 3061 874 3094 ad
885 3060 1128 3105 Moguntinum
1189 3062 1271 3094 dium
1282 3061 1421 3102 occifionis
1431 3061 1623 3105 absterserat.
1652 3065 1733 3106 ,Quae
1750 3065 1852 3095 multis
1864 3070 1950 3096 annis
1959 3064 2057 3106 postea

246 3108 460 3144 latrocinium
484 3136 490 3143 .
519 3112 703 3146 Cardinalis
736 3109 830 3146 Otho
865 3110 972 3153 postea
1002 3111 1128 3144 evestus
1183 3119 1237 3153 pro
1258 3113 1395 3144 miraculo
1404 3110 1601 3154 servabatur.
1630 3115 1696 3155 ,Qut
1710 3112 1811 3152 statim
1831 3110 1984 3156 surgentes
2005 3126 2062 3153 om-

247 3159 310 3193 fuit
331 3160 365 3193 in
391 3160 567 3195 Urbanum
600 3161 776 3195 secundum
797 3184 807 3199 ,
836 3160 893 3193 sub
914 3160 981 3203 ejus
1004 3159 1126 3203 Papatu
1187 3166 1238 3193 nia
1260 3166 1302 3195 eis
1323 3166 1470 3203 imperata
1487 3161 1617 3203 fideliter
1630 3165 1737 3195 &cum
1747 3165 1847 3194 timore
1850 3163 2059 3204 perfecerunt.

248 3210 446 3244 virulentum
466 3209 683 3244 hunclibrum
695 3211 813 3254 scripsit
834 3210 1034 3250 Veneticus,
1063 3209 1126 3244 bla-
1187 3211 1234 3244 Ita
1247 3211 1372 3245 Divina
1395 3211 1547 3254 Maiestas
1562 3211 1673 3245 nostrii
1686 3210 1835 3255 Gregorii
1848 3211 1929 3246 Atta
1946 3214 2062 3247 confir-

247 3261 363 3294 teravit
382 3259 473 3294 illum
496 3263 558 3295 effe
572 3261 763 3304 sacrilegum
775 3284 785 3299 ,
811 3261 845 3294 δε
856 3260 960 3294 edixit
977 3260 1123 3292 causam:
1187 3260 1287 3294 mavit
1300 3260 1397 3294 etiam
1411 3262 1574 3297 miraculis
1586 3285 1593 3292 .
1623 3260 1742 3304 Etejus
1759 3260 1892 3297 rebelles
1904 3262 2062 3302 horrende

247 3314 383 3342 Furatut
408 3310 447 3351 est
477 3308 669 3351 Ecclefiarum
699 3311 862 3353 privilegia
890 3334 900 3348 ,
925 3310 1123 3343 ordinationes
1186 3310 1372 3355 castigavit.

240 3358 360 3398 faciens
384 3366 416 3391 in
435 3362 543 3393 alienis
570 3358 722 3392 Parocbiis
734 3368 837 3393 contra
848 3358 1017 3403 sanc‘lorum
1029 3363 1122 3393 Cano-

345 3409 449 3451 clmst
466 3414 654 3453 Lupiopcra
669 3411 699 3440 T.
714 3413 765 3442 Vr.
1642 3412 1678 3446 H
1705 3410 1728 3446 h
1927 3412 2013 3446 Dis-

1172 2507 1271 2583 'vum
1292 2513 1433 2548 succeffir.
1454 2513 1623 2551 Folmarus
1637 2537 1647 2552 ‚
1672 2514 1704 2547 <Sc
1732 2514 1926 2551 Chronicon
1947 2521 2071 2564 pergit:

1193 2563 1245 2603 Iste
1258 2562 1421 2605 Episcopus
1428 2572 1549 2606 propter
1554 2562 1702 2607 frivolam
1723 2564 1901 2607 invasionem
1912 2572 1941 2600 E
1939 2567 2069 2611 pisccpa·

1171 2586 1230 2985 llis
1253 2614 1362 2654 sedis,
1389 2622 1421 2645 ut
1442 2615 1592 2656 afferitur,
1618 2615 1638 2644 ἃ
1663 2614 1768 2647 sancto
1790 2618 1932 2660 Gorgonio
1942 2622 2069 2658 Martyre

1193 2663 1225 2695 ἕο·
1235 2665 1368 2695 Patrono
1375 2662 1465 2704 hujus
1479 2663 1611 2705 Ecclefiae
1623 2663 1661 2704 est
1672 2663 1776 2707 occisus
1788 2671 1986 2708 circaannum
2002 2671 2070 2704 mil-

1192 2711 1319 2753 lefimum
1339 2712 1550 2756 nonagesimum
1570 2721 1710 2756 quartum
1731 2739 1737 2746 .
1764 2719 1810 2748 Et
1831 2718 1896 2750 ideo
1928 2725 2067 2753 memoria

1193 2762 1269 2795 illius
1276 2763 1343 2805 fieri
1358 2774 1414 2795 non
1420 2762 1570 2805 consuevit
1585 2789 1592 2795 .
1619 2765 1732 2798 Accidit
1743 2770 1821 2798 enim
1835 2790 1844 2805 ,
1864 2775 1896 2799 ut
1906 2770 2007 2802 eadem
2018 2779 2067 2801 no-

1192 2812 1235 2845 c‘le
1261 2836 1272 2851 ,
1298 2824 1357 2854 qua
1381 2813 1537 2847 Folmarus
1562 2812 1666 2855 occisit:
1687 2814 1746 2854 est,
1774 2815 1876 2849 beatus
1903 2821 2066 2861 Gorgonius

1190 2861 1350 2901 custodibus
1368 2864 1491 2902 majoris
1513 2863 1643 2904 Ecclest‘ae
1653 2872 1829 2906 appareret,
1859 2871 2010 2908 imperans
2030 2877 2066 2902 ut
