2372 3756
195 2262 198 2264 .
260 2237 398 2270 Galilaeae
409 2237 689 2271 transelementata
702 2261 711 2268 .

123 2647 246 2683 Cap-33·

656 117 720 145 De
760 113 1108 162 anusnnm
1145 97 1394 142 PATRUM
1427 96 1629 146 Loc1s.

1883 103 1978 161 '185

240 190 300 233 istis
316 187 495 234 fillabarum
514 193 646 230 aucupiis
661 213 672 228 ‚
697 187 806 231 quibus
829 186 908 221 nihil
928 187 1014 221 aliud
1022 192 1114 228 qaam
1176 186 1262 224 cipite
1275 181 1459 217 &comedite
1473 206 1485 223 ‚
1511 190 1572 218 Hoc
1598 184 1636 224 est
1659 194 1761 229 corpus
1771 189 1886 223 meum.
1914 189 2054 222 similiter

235 240 519 284 suasnJeJunitatem
537 241 687 282 produnt.
1072 267 1073 270 ,

288 290 488 335 Respondeo
507 289 573 324 haec
595 300 664 324 non
688 291 751 325 effe
775 288 881 333 jejuna
914 286 1111 331 syllabarum

238 340 377 384 aucupia
391 366 402 382 ‚
428 341 483 375 sed
501 339 611 374 lucida
639 351 676 374 ac
697 338 956 375 fundamentalia
983 337 1116 382 dogma-

241 401 274 425 ta
286 391 420 425 Patrum
433 417 439 424 .
466 390 571 438 Qod
586 390 692 425 Graeci
704 390 815 424 Patres
827 388 921 424 aliter
931 398 1048 431 aquam
1059 396 1116 420 aut

239 441 352 475 oleum
360 442 394 474 in
413 440 665 478 Sacramentalia
678 440 860 480 elementa,
885 438 980 472 aliter
1000 446 1116 480 panem

239 492 273 526 ἃ
287 492 401 525 vinum
422 502 478 534 per
498 490 653 535 mysticas
674 501 783 535 preces
795 487 940 523 converti
953 488 986 522 in
1003 487 1118 522 Domi·

241 542 279 576 ni
291 536 418 584 Corpu's
428 541 463 575 ἀ
474 541 676 586 Sanguinem
702 539 898 574 crediderint
913 564 922 579 ‚
949 537 1118 582 insigniter

241 591 278 625 in
301 600 414 633 quarta
435 589 661 635 mystagogica
685 587 853 623 Catechefi
886 589 982 622 docet
1009 587 1117 621 lauda-

241 650 297 676 tus
316 640 463 685 Cyrillus
476 666 484 674 .
511 639 744 684 Apostolicum
766 648 807 673 ex
830 638 934 682 prima
947 638 987 671 ad
1002 637 1120 670 Corin-

242 687 333 725 thios
344 690 491 735 Epistola
501 690 542 724 de
554 688 759 725 Eucharistia
767 698 961 723 contextum
974 684 1116 726 adducit,

243 742 278 774 ἀ
287 750 545 776 commentatur:
573 743 646 773 Haec
656 742 750 774 Beati
763 739 855 773 Pauli
868 737 1003 782 doc‘Irina
1009 734 1121 778 suffice-

244 802 277 825 re
281 790 376 833 potest
386 790 430 823 ad
448 789 634 823 reddendum
653 801 707 823 vos
727 794 864 823 certiores
875 789 913 820 de
925 791 1049 819 Divinis
1063 789 1118 824 My-

239 839 337 882 steriis
347 862 358 878 ,
367 850 435 880 quae
445 837 530 872 vobis
542 838 654 872 donata
661 838 734 881 sunt
746 863 758 878 ,
782 844 833 880 qui
839 837 922 879 fabii
935 836 998 876 estis
1011 835 1119 876 Christi

245 894 381 931 corporis
408 890 442 924 ὅ
467 890 626 932 Sanguinis
651 893 875 930 comparticipes
891 911 898 918 .
934 891 1009 919 Cum
1028 892 1117 928 igitur

246 938 380 979 Christus
391 937 453 984 ipse
455 937 496 980 fic
504 939 627 981 affirmet
639 946 726 981 atque
740 939 822 970 dicat
833 940 870 970 de
886 945 964 979 pane
975 961 986 977 ‚
1013 941 1072 969 Hoc
1085 934 1121 973 est

247 994 362 1031 Corpus
386 1000 502 1029 meum,
529 993 597 1030 quis
617 988 754 1030 deinceps
765 988 875 1021 audeat
888 986 1055 1020 dubitare?
1082 990 1121 1018 Ac

247 1041 346 1073 eodem
364 1049 475 1081 quoque
499 1039 690 1080 confirmante
710 1050 745 1072 ac
772 1039 887 1071 dicente
902 1061 912 1076 ,
940 1041 994 1069 Hic
1005 1035 1041 1076 est
1052 1038 1123 1069 san·

242 1094 309 1134 guis
330 1099 412 1122 meus
433 1113 445 1129 ,
470 1094 537 1131 quis
561 1089 676 1123 dubitet
700 1113 711 1129 ‚
738 1091 772 1122 Φ*
797 1095 865 1131 quis
886 1089 967 1120 dicat
994 1097 1051 1119 non
1073 1084 1125 1128 esse

247 1140 310 1181 ejus
336 1138 541 1183 sanguinem?
569 1143 684 1181 Aquam
693 1139 855 1181 aliquando
865 1141 999 1170 mutavit
1022 1142 1053 1168 in
1076 1141 1126 1168 vi-

249 1201 321 1223 num
334 1214 343 1230 ,
371 1190 451 1230 quod
468 1188 506 1230 est
513 1187 653 1232 sanguini
667 1194 870 1230 propinquum
881 1211 892 1226 ‚
917 1193 948 1219 in
961 1191 1050 1220 Cana
1066 1188 1126 1217 Ga-

250 1240 359 1280 lilaeae,
380 1237 447 1282 sivla
456 1240 627 1272 voluntate:
656 1242 699 1270 Et
711 1250 768 1271 non
778 1244 835 1272 erit
848 1239 958 1281 dignus
977 1261 986 1276 ‚
1011 1241 1058 1269 cui
1069 1246 1126 1268 cre·

249 1292 381 1327 damus,
405 1290 488 1331 qubd
507 1293 611 1322 vinum
634 1294 665 1321 in
675 1287 854 1331 sanguinem
879 1285 1124 1329 transmutasset?

250 1341 283 1372 Si
306 1344 383 1371 enim
404 1340 448 1372 ad
471 1345 595 1380 nuptias
615 1347 766 1380 corporeus
792 1344 942 1370 invitatus
949 1336 1127 1378 stupendum

252 1390 423 1422 miraculum
434 1395 574 1429 operatus
587 1386 623 1427 est
633 1413 643 1428 ,
672 1399 714 1420 an
725 1399 782 1421 non
794 1388 884 1420 multo
894 1391 988 1430 magis
1013 1390 1127 1428 Corpus

252 1440 288 1473 6·
308 1440 482 1482 Sanguinem
499 1436 584 1480 suum
600 1437 674 1480 filiis
697 1436 798 1479 sponsi
812 1437 915 1479 dediffe
926 1437 1008 1469 illum
1019 1434 1130 1476 confite-

253 1488 350 1522 bimur
373 1489 389 1520 ἓ
415 1490 520 1530 ‘Quare
535 1497 537 1499 ·
550 1493 630 1520 omni
655 1498 719 1519 cum
755 1487 931 1520 certitudine
954 1489 1070 1528 Corpus
1095 1487 1130 1519 Θ

253 1541 431 1581 Sanguinem
441 1535 550 1577 christi
554 1541 730 1580 sumamus.
759 1540 846 1569 Nam
853 1535 909 1579 sub
930 1534 1027 1579 specie
1037 1540 1130 1578 panis

252 1588 348 1621 datur
357 1586 414 1621 tibi
424 1592 539 1628 Corpus
550 1611 562 1627 ‚
588 1588 622 1620 (⁹5
628 1584 686 1629 sub
692 1584 788 1629 specie
800 1593 865 1620 vini
883 1587 974 1619 datur
987 1585 1042 1618 tibi
1058 1586 1130 1618 San-

253 1642 325 1683 guis
339 1650 351 1671 .·
377 1640 415 1669 Ut
421 1635 537 1679 sumpto
547 1640 674 1678 Corpore
685 1638 719 1670 6)*
730 1638 876 1680 Sanguine
887 1635 999 1675 Christi
1009 1660 1018 1676 ‚
1028 1636 1127 1676 efficia·

253 1698 322 1722 mur
331 1692 358 1721 ei
369 1691 588 1729 comparticipes
598 1689 735 1728 Corporis
744 1688 779 1720 (5
788 1688 808 1718 5
808 1692 946 1729 anguinis
955 1710 963 1717 .
988 1687 1034 1718 sic
1044 1684 1132 1716 Chri-

252 1736 380 1779 ftopbori
402 1742 536 1778 erimus,
562 1735 613 1771 boc
635 1735 694 1776 est,
719 1735 870 1775 Christum
886 1736 1039 1778 ferentes,
1068 1745 1134 1768 cum

254 1788 321 1828 ejus
343 1792 459 1830 Corpus
471 1788 506 1821 Θ
529 1789 708 1830 sanguinem
718 1791 750 1820 in
773 1787 905 1820 membra
917 1786 1011 1826 nostra
1023 1793 1133 1827 recepe-

255 1843 369 1878 rimus,
396 1845 488 1879 atque
512 1842 558 1870 ita
582 1846 615 1869 ut
638 1836 741 1870 beatus
756 1836 1023 1878 Petrus,Apeslolus
1036 1836 1133 1875 dicit,

256 1889 384 1925 Divina·
405 1891 538 1926 ,Naturae
558 1884 701 1928 consortes
728 1888 879 1930 efficiemur
895 1912 901 1918 .
930 1888 1016 1921 Ecce
1028 1885 1134 1927 Cyril-

257 1937 308 1971 lus
325 1936 462 1976 affirmat
473 1936 507 1970 in
535 1936 741 1971 Eucharistia
754 1938 899 1971 essenon
914 1947 1028 1981 panem
1041 1937 1073 1969 &
1089 1937 1131 1969 vi-

256 1998 338 2021 num
349 2006 370 2027 ,ι
389 1985 557 2031 sedpanis
578 1988 612 2021 &
634 1988 702 2021 vini
729 1987 889 2031 speciem:
919 1987 1070 2020 Affirmat
1083 1998 1133 2030 pa-

258 2049 334 2071 nem
355 2037 389 2071 &
409 2037 526 2071 vinum
548 2048 616 2070 non
639 2038 706 2070 sola
718 2037 911 2072 accidentali
924 2037 1133 2071 conversione

259 2086 432 2121 mutaride
449 2087 621 2121 communi
648 2087 683 2119 in
707 2088 828 2121 sacrum
840 2087 1058 2127 elementum,
1084 2087 1133 2120 uti

258 2138 428 2171 transeunt
438 2148 519 2179 aqua
530 2138 563 2171 &
572 2136 682 2171 oleum
696 2147 711 2177 ;
726 2136 781 2170 sed
791 2135 930 2170 omniuo
943 2136 1135 2170 substantia-

259 2186 335 2220 liter
353 2187 628 2221 transelementari
640 2211 651 2227 ‚
678 2187 727 2221 uti
740 2197 822 2230 aqua
833 2186 896 2221 fuit
907 2186 993 2230 apud
1006 2187 1134 2222 Canam

311 2287 354 2320 Et
366 2285 431 2320 haec
442 2288 557 2320 omnia
567 2285 683 2321 fundat
693 2287 728 2320 in
742 2286 847 2321 verbis
858 2298 876 2319 e·
895 2291 954 2320 Hoc
968 2287 1006 2328 est
1019 2290 1138 2329 Corpus>

259 2348 356 2370 meum
368 2361 378 2377 ‚
405 2340 460 2369 Hic
478 2335 518 2378 est
542 2338 672 2381 Sanguis
692 2346 773 2370 meus
796 2363 802 2369 .
830 2336 898 2371 Hic
920 2336 1004 2381 apud
1027 2336 1132 2380 ipsum

258 2386 305 2421 est
315 2386 486 2429 expeditus
496 2386 666 2422 verborum
679 2388 786 2422 sensus
796 2412 802 2419 .
814 2397 816 2401 ·
829 2388 942 2422 Etiam
969 2387 1055 2430 apud
1067 2397 1136 2420 om-

259 2447 316 2471 nes
342 2435 425 2470 alios
451 2436 583 2470 Graecos
609 2462 620 2477 ‚
646 2436 867 2473 Orthodoaos
891 2461 903 2478 ,
940 2437 1135 2479 Hereticos,
1156 2446 1159 2448 ·

261 2485 511 2521 Schismaticos.
538 2487 710 2532 lnfigniter
731 2485 797 2522 hoc
818 2486 906 2532 apud
934 2486 1133 2531 publicatum

261 2537 278 2570 a
299 2535 423 2578 Iacobo
446 2537 602 2572 Gretvero
625 2536 830 2571 Anastafium
850 2538 1011 2573 Sinaitam
1037 2537 1133 2570 docet

261 2585 487 2621 Alexandrina
509 2585 700 2620 orthodoxi
721 2598 796 2621 curn
821 2587 976 2630 Gajanita
998 2587 1134 2629 disputa-

259 2636 329 2671 tio.
355 2633 574 2671 Orthodoxus
597 2646 709 2681 rogat:
739 2640 794 2669 Dic
811 2635 885 2669 mihi
898 2662 908 2676 ,
931 2635 957 2677 si
972 2646 1004 2670 ut
1018 2640 1136 2670 Divini-

260 2695 312 2721 tas
327 2711 337 2726 ‚
348 2691 394 2718 ita
405 2687 439 2720 ό·
450 2686 565 2728 Corpus
578 2685 688 2727 christi
701 2710 711 2726 ,
725 2688 759 2720 δ’
771 2686 810 2720 ab
820 2684 882 2728 ipso
893 2693 1007 2719 unionis
1018 2688 1136 2719 exordio

261 2738 517 2770 immortalitatem
538 2735 625 2770 habet
647 2761 658 2777 ,
686 2748 756 2769 num
779 2742 935 2770 communio
956 2735 1137 2778 sacratissimi

260 2790 399 2829 Corporis
421 2790 454 2821 6
476 2789 636 2831 Sanguinis
668 2786 777 2826 Christi
790 2811 800 2827 ‚
826 2798 916 2829 quam
929 2786 1136 2827 offers&par-

262 2843 368 2878 ticipas
383 2860 392 2876 ,
417 2839 488 2870 vere
506 2836 543 2877 est
568 2848 673 2870 verum
695 2845 798 2879 corpus
823 2838 856 2870 (5
878 2839 1004 2880 sanguis
1029 2836 1136 2877 Christi

263 2888 336 2920 Filii
349 2891 425 2928 Dei,
452 2887 505 2920 vel
524 2888 617 2920 nudus
636 2892 728 2928 pani:
741 2911 750 2926 ,
778 2888 877 2930 qualis
897 2885 1021 2926 ostiatim
1033 2888 1137 2919 vendi-

262 2944 311 2971 tur
325 2961 334 2976 ,
361 2938 413 2970 vel
433 2944 528 2969 vicem
550 2938 714 2970 dumtaxat
739 2939 775 2971 (9·
792 2935 920 2980 figuram
924 2942 1002 2980 gerit
1012 2942 1137 2978 corporis

264 2984 395 3025 Christi,
422 2995 454 3018 ut
461 2985 638 3028 sacrificium
650 2986 723 3020 hirci
735 3012 744 3026 ,
771 2987 849 3028 quod
851 2990 882 3031 J
885 2987 964 3020 udaei
986 2986 1107 3027 offerunt
1121 2988 1137 3019 ἓ

265 3036 309 3069 Et
332 3034 485 3077 Gajanita
511 3037 693 3079 respondit:
720 3036 797 3078 Absit
818 3046 851 3069 ut
877 3038 1008 3069 dicamus
1017 3036 1136 3078 sacram

265 3089 490 3118 communionem
516 3086 565 3128 effic
585 3089 703 3120 tantum
720 3087 848 3130 figuram
869 3093 996 3128 corporis
1008 3086 1138 3128 Christi,

262 3144 316 3167 aut
342 3135 453 3167 nudum
472 3142 605 3176 panem,
627 3136 686 3180 sed
702 3136 797 3180 ipsum
808 3135 1138 3179 corpus&sanguinem

266 3183 375 3225 Christi
399 3185 471 3216 Filii
495 3188 551 3218 Dei
573 3190 746 3226 incarnati,
772 3190 806 3220 (9⁹
833 3185 1057 3230 exsanc‘liffima
1068 3190 1137 3221 Dei*

261 3243 342 3277 para
365 3236 399 3267 (st
416 3232 533 3277 semper
557 3238 675 3278 Virgine
700 3240 800 3269 Maria
825 3243 913 3276 nati,
942 3238 1013 3270 vere*
1033 3243 1137 3279 accipi·

267 3296 350 3317 mus.
381 3285 422 3317 Et
446 3284 561 3318 iterum
590 3283 827 3319 Orthodoxus:
855 3290 900 3320 sic
911 3288 1077 3328 credimus,
1104 3289 1138 3321 6

262 3332 300 3373 fic
322 3333 491 3376 confitemur
502 3359 512 3374 ,
533 3336 628 3374 juxta
649 3335 759 3368 dicium
779 3336 888 3376 Christi
900 3338 942 3368 ad
953 3334 1114 3379 Diseipulos
1127 3361 1137 3377 ,

269 3389 302 3417 in
322 3394 404 3419 coena
416 3384 527 3424 mystica
548 3385 650 3418 dantis
670 3386 729 3418 illis
753 3385 905 3429 vivificum
923 3394 1060 3429 panem3
1088 3391 1136 3421 Ac·

368 3433 473 3475 christ.
491 3438 570 3478 Lupi
582 3440 680 3477 Opera
691 3439 775 3470 Tyr,

1159 2721 1161 2723 ,
1198 2689 1364 2732 pluresque
1392 2688 1504 2721 Latini
1531 2688 1564 2721 &
1593 2688 1694 2722 Graeci
1719 2713 1725 2720 .

1178 234 1212 267 (θ’
1231 232 1349 265 calicem
1369 233 1456 266 dedit
1470 233 1531 265 illis
1542 234 1642 267 dicens
1657 247 1664 266 :
1691 241 1747 270 Hic
1769 237 1804 278 est
1810 237 1935 282 sanguis
1948 249 2030 272 meus
2048 263 2055 270 .

1180 286 1251 316 Non
1261 282 1364 316 dixit.-
1392 281 1498 323 Hocest
1515 281 1612 326 figura
1627 305 1638 322 ‚
1659 282 1712 327 seu
1723 291 1801 320 vices
1813 299 1918 331 gerens
1931 290 2058 332 corporis

1180 335 1212 368 Θ
1219 330 1376 377 sanguinis
1386 338 1463 367 mei.
1495 332 1538 367 Et
1549 332 1696 376 pluribus
1720 335 1780 369 ista
1792 339 1965 373 confirmat
1977 364 1984 372 .
2014 338 2058 371 Et

1180 385 1279 418 etiam
1305 383 1490 427 Julianistas
1515 407 1527 424 ,
1564 383 1778 428 Negranistas
1802 409 1813 425 ‚
1848 387 2058 429 Severianus,

1183 433 1341 478 Jacobitas
1367 457 1378 473 ,
1402 433 1659 468 Theodofianos
1684 458 1696 475 ,
1731 434 1948 470 Dioscoristas
1974 462 1984 477 ‚
2024 438 2058 471 &

1182 494 1317 519 omnem
1339 482 1539 527 Eutychetis
1559 484 1681 518 foecem'
1701 484 1747 518 ita
1767 483 1896 518 credere
1921 486 2058 520 affirmat

1183 534 1328 569 laudatus
1349 533 1535 569 Anastafius
1553 559 1560 567 .
1594 534 1674 569 Hoc
1698 535 1803 578 ipsum
1826 532 1940 569 docuit
1961 536 2059 568 e:iam

1184 585 1219 618 in
1244 583 1386 618 seeundo
1423 581 1650 619 Antirrhetico
1688 585 1822 619 SanEius
1853 582 2063 628 Nicephorus·

1185 634 1370 670 Patriarcha
1382 634 1793 679 Constantinopolitanus.
1824 635 1959 669 Sanctus
1982 635 2062 668 item

1184 686 1326 734 Joannes
1339 685 1563 722 Damascenus
1576 709 1583 716 .
1611 685 1722 719 Etiam
1744 682 1974 719 schismaticus
1986 685 2064 719 Bul·-

1185 746 1336 780 garorum
1359 734 1635 779 Archiepiscopus
1669 733 1944 778 TheophylaRus
1969 759 1977 766 .
2007 734 2063 769 Ad

1186 784 1252 819 haec
1274 787 1414 829 Domini
1438 785 1556 825 verba,
1584 790 1642 819 Hoc
1664 784 1701 824 est
1725 792 1829 826 corpus
1844 796 1962 825 meum,
1990 786 2065 818 scri*-

1188 836 1235 868 bit
1272 836 1306 869 in
1333 837 1440 871 Sansti
1476 834 1620 878 Matthei
1653 835 1898 874 commentariis
1925 847 1933 866 ι
1973 837 2064 868 Porro

1188 889 1331 918 Dominus
1355 887 1455 919 dicens
1468 911 1479 927 ‚
1505 890 1563 918 Hoc
1588 885 1627 926 est
1652 894 1758 928 corpus
1784 896 1881 918 mrum
1905 908 1918 924 ‚
1943 883 2065 925 ostendit

1186 936 1268 977 quod
1287 933 1381 977 ipsum
1402 944 1503 978 corpus
1518 939 1640 969 Domini
1651 935 1688 976 est
1695 940 1790 978 panis
1801 938 1855 977 qui
1859 933 2066 978 sani‘lificatur

1187 991 1218 1017 in
1242 986 1335 1018 altari
1355 1010 1366 1026 ,
1394 988 1429 1020 Θ
1454 997 1512 1019 non
1537 984 1712 1029 respondens
1731 985 1829 1030 figura
1854 1010 1862 1017 .
1891 989 1963 1018 Non
1989 990 2067 1018 enim

1187 1037 1290 1074 dixit,
1318 1039 1378 1068 Hoc
1398 1035 1435 1076 est
1454 1036 1572 1079 figura,
1598 1034 1675 1078 sed,
1703 1040 1765 1069 Hoc
1784 1035 1932 1077 elicorpus
1954 1046 2067 1068 meum.

1189 1083 1335 1124 meffabili
1356 1090 1434 1119 enim
1460 1092 1628 1128 operatione
1654 1085 1892 1127 transformatur
1910 1110 1921 1126 ,
1958 1083 2073 1126 etiamst

1189 1135 1270 1167 nobis
1292 1136 1432 1168 videatur
1447 1142 1542 1177 panis
1555 1161 1564 1175 ,
1591 1140 1730 1177 quoniam
1749 1136 1861 1177 infirmi
1884 1135 1985 1178 sumus
1997 1160 2008 1175 ,
2035 1136 2070 1168 &

1187 1184 1379 1219 abhorremus
1390 1186 1497 1218 cruda,-
1521 1197 1625 1219 carnes
1635 1187 1799 1226 comedere,
1831 1188 1963 1220 maxime³
1982 1185 2071 1218 homi-

1189 1241 1237 1268 nis
1258 1247 1376 1268 carnem
1394 1261 1401 1267 .
1429 1239 1474 1269 Et
1499 1236 1562 1268 ideo
1581 1242 1677 1277 panis
1704 1237 1823 1277 quidem
1849 1243 1996 1277 apparet,
2021 1234 2072 1277 sed

1189 1289 1296 1319 revera
1306 1297 1375 1322 caro
1384 1284 1421 1326 est
1433 1310 1440 1317 .
1467 1286 1600 1320 Diserte
1612 1287 1750 1319 affirmat
1764 1296 1832 1319 non
1843 1287 1905 1319 effe
1929 1296 2047 1328 panem
2057 1309 2068 1323 ‚

1190 1336 1241 1369 sed
1266 1336 1369 1371 solam
1380 1338 1472 1379 panis
1493 1336 1653 1379 speciem:
1679 1334 1778 1369 Panis
1801 1335 2021 1370 transformati
2036 1336 2070 1368 in

1190 1397 1296 1420 veram
1309 1397 1459 1420 carnem:
1482 1385 1727 1421 Transformati
1740 1387 1771 1420 vi
1786 1385 1958 1419 verborum
1977 1398 1983 1417 ε
2012 1391 2073 1418 Hoc

1191 1435 1228 1476 est
1250 1444 1354 1478 corpus
1377 1447 1472 1469 meum
1488 1460 1495 1467 .
1522 1436 1593 1470 Hic
1606 1437 1705 1470 etiam
1718 1435 1803 1479 apud
1816 1436 1909 1469 illum
1920 1436 1966 1469 est
1977 1443 2071 1476 expe-

1192 1485 1278 1520 ditus
1290 1485 1459 1520 verborum
1486 1487 1611 1520 sensus.
1639 1485 1747 1520 Addit
1757 1497 1888 1520 carnem
1904 1485 2001 1519 velari
2021 1496 2073 1527 pa-

1194 1536 1243 1569 nis
1255 1537 1359 1579 specie
1374 1548 1381 1567 :
1405 1534 1460 1570 Ob
1473 1533 1609 1570 humani
1620 1536 1748 1581 generi-s
1759 1536 1938 1571 naturalem
1949 1537 1967 1570 a
1981 1545 2072 1569 man-

1194 1586 1342 1620 ducanda
1363 1583 1508 1619 humana
1531 1598 1627 1621 carne
1650 1587 1816 1620 horrorem
1842 1611 1848 1618 .
1877 1586 1931 1619 Ad
1958 1584 2074 1619 eadem

1194 1636 1337 1670 Domini
1362 1635 1456 1670 verba
1484 1636 1594 1670 scribit
1605 1637 1639 1670 in
1653 1636 1761 1670 Sansti
1774 1635 1882 1670 Marci
1895 1635 2076 1669 Commen-

1194 1686 1299 1720 tario:
1325 1689 1398 1718 Non
1420 1685 1520 1728 figura
1541 1688 1576 1720 (tr
1599 1688 1758 1728 exemplar
1767 1686 1918 1728 quoddam
1931 1689 2080 1718 Dominici

1194 1741 1320 1778 corporis
1341 1738 1433 1777 panis
1457 1734 1496 1775 est
1519 1760 1529 1775 ,
1552 1733 1606 1777 sed
1627 1741 1660 1768 in
1685 1735 1761 1769 illud
1781 1733 1878 1778 ipsum
1896 1740 2077 1768 convertitur

1194 1786 1303 1826 Christi
1326 1794 1450 1828 corpus.
1480 1788 1625 1820 Dominus
1643 1790 1722 1819 enim
1744 1785 1840 1819 dicit:
1868 1788 1966 1818 Panis
1990 1796 2078 1827 quem

1194 1849 1243 1881 ego
1256 1836 1332 1870 dabo
1345 1861 1355 1877 ‚
1369 1846 1436 1869 caro
1450 1847 1516 1869 mea
1529 1835 1575 1876 est.
1590 1840 1662 1869 Non
1675 1837 1758 1869 dixit
1768 1861 1779 1877 ,
1792 1839 1908 1878 Figura
1918 1835 1955 1873 est
1964 1841 2078 1875 carnis,

1191 1887 1250 1930 sed
1260 1911 1276 1926 ,v
1295 1897 1363 1919 caro
1387 1885 1515 1926 meaest‘.
1550 1889 1595 1919 Et
1604 1887 1742 1928 quomodo
1756 1910 1765 1925 ‚
1792 1891 1892 1928 inquis
1905 1911 1915 1927 ‚
1940 1896 2007 1918 caro
2020 1898 2078 1919 non

1195 1939 1318 1972 videtur
1344 1936 1359 1969 ἒ
1387 1941 1412 1970 0
1436 1935 1518 1969 bomo
1543 1960 1553 1975 ‚
1575 1945 1697 1979 propter
1722 1936 1849 1976 nostram
1869 1936 2078 1978 infirmitatem

1194 1989 1274 2022 illud
1278 1987 1316 2030 fit
1332 2012 1338 2018 .
1366 1989 1454 2030 ‚Quia
1467 1993 1544 2020 enim
1551 1992 1643 2029 panis
1656 1989 1690 2021 &⁶
1706 1993 1812 2021 vinum
1822 1999 1858 2020 ex
1871 1986 1920 2019 his
1929 1985 2001 2030 sunt
2014 1992 2080 2028 qui-

1184 2040 1250 2086 }bus
1269 2036 1458 2080 adsuevimus
1483 2062 1493 2077 ‚
1518 2049 1556 2070 ca
1577 2048 1634 2069 non
1661 2037 1852 2071 abhorremus
1867 2061 1877 2076 ,
1894 2054 1895 2057 ¹
1899 2036 2078 2080 sanguinem

1196 2091 1268 2123 vero
1287 2086 1461 2129 propofitum
1489 2089 1522 2120 (ν
1537 2099 1657 2120 carnem
1672 2088 1809 2120 videntes
1831 2099 1890 2120 non
1893 2088 2045 2129 ferremus
2067 2111 2079 2126 ‚

1192 2137 1249 2181 sed
1275 2136 1514 2176 abhorreremus,
1541 2138 1662 2178 ideoque
1681 2134 1842 2178 misericors
1865 2140 1946 2169 Deus
1976 2137 2079 2177 nostrae

1197 2188 1368 2230 infirmitati
1379 2185 1606 2229 condescendens
1620 2211 1629 2227 ,
1650 2184 1776 2229 speciem
1785 2187 1905 2228 quidem
1925 2192 2018 2227 panis
2046 2188 2080 2219 (9

1197 2236 1393 2280 viniferam,
1422 2242 1456 2270 in
1470 2242 1614 2270 virtutem
1623 2243 1721 2270 autem
1741 2242 1844 2270 carnis
1871 2235 2082 2280 &sanguinis

1188 2286 1462 2333 ¹transelementate
1488 2286 1613 2321 Eadem
1639 2287 1753 2330 repetit
1775 2286 1810 2319 in
1828 2286 2080 2320 Commentario

1198 2339 1238 2372 ad
1262 2348 1358 2382 caput
1379 2339 1508 2372 sextum
1522 2338 1627 2372 Sansti
1642 2336 1795 2380 Ioannis.
1822 2336 2002 2380 Tanquam
2015 2336 2082 2371 bre-

1197 2390 1303 2423 viator
1326 2388 1472 2432 loquitur
1495 2398 1537 2422 ex
1549 2388 1667 2421 Sanctio
1682 2387 1808 2430 Joanne
1821 2386 2081 2429 Chrysostomo:

1198 2439 1242 2472 Et
1265 2438 1360 2481 hujus
1380 2439 1468 2472 sensa
1494 2436 1603 2472 statim
1625 2439 1807 2482 aperientur
1827 2462 1834 2469 .
1863 2437 1916 2471 Ex
1939 2437 2082 2472 Domini

1199 2488 1324 2529 verbis,
1355 2495 1418 2524 Hoc
1437 2487 1475 2529 est
1494 2497 1593 2531 corpus
1618 2499 1714 2522 meum
1728 2512 1738 2528 ,
1765 2486 1977 2522 Eucharistiae
2000 2487 2085 2520 veri-

1197 2549 1297 2572 tatem
1310 2540 1453 2572 educunt
1479 2538 1654 2572 &firmant
1667 2539 1767 2572 etiarn
1781 2539 1813 2572 in
1836 2539 1927 2581 supra
1940 2537 2080 2571 laudatis

1197 2588 1392 2622 testimoniis
1413 2589 1545 2622 Sanstus
1566 2589 1739 2628 Hilarius,
1767 2587 1982 2627 Ambrofius,
2009 2588 2081 2621 Au-

1196 2638 1346 2683 gustinus
1369 2662 1378 2676 ,
1406 2636 1609 2680 Epiphanius
1634 2664 1643 2678 ,
1687 2639 1853 2682 Nyffenus
1879 2637 2080 2682 Gregorius,

1764 2688 1943 2721 Rationem
1966 2687 2023 2722 dat
2042 2687 2080 2720 in

1198 2738 1329 2772 laudato
1373 2738 1516 2780 superins
1545 2737 1629 2771 libro
1662 2739 1845 2782 oiioginta
1871 2738 1970 2772 trium
1998 2749 2078 2781 quae-

1197 2789 1341 2821 stionum
1366 2787 1452 2820 idem
1477 2788 1707 2832 Augustinus,
1736 2788 1934 2832 Evangelica
1963 2786 2071 2827 verba,

1198 2837 1321 2872 Verbum
1349 2841 1428 2869 Caro
1446 2836 1566 2878 fadum
1588 2838 1647 2880 est,
1673 2838 1851 2872 defendens
1878 2838 1896 2872 a
1921 2839 2007 2872 varia
2028 2850 2079 2871 ca-

1198 2889 1321 2921 lumnia
1347 2887 1515 2921 adversum
1537 2887 1617 2922 duas
1629 2889 1748 2932 priores
1769 2887 2078 2932 Apollinaristarum

1196 2939 1323 2975 classes,
1348 2938 1381 2970 &
1401 2935 1580 2982 adjungens
1604 2938 1755 2973 adversus
1792 2939 1921 2972 tertiam
1944 2952 1949 2970 :
1983 2935 2078 2977 Potest

1198 2990 1270 3021 alius
1283 2999 1340 3020 non
1351 2987 1450 3020 minus
1455 2987 1615 3032 perversus
1626 3000 1662 3021 ex
1674 2989 1736 3029 istis
1747 2989 1850 3022 verbis
1861 2995 1907 3021 ita
1917 2989 2080 3021 calumnia·
2096 2994 2200 3035 Qrso.

1196 3045 1224 3071 ri
1231 3039 1305 3081 fidei
1323 3037 1445 3078 nostrae,
1471 3049 1505 3073 ut
1516 3040 1597 3072 dicat
1610 3037 1705 3082 ipsum
1718 3039 1844 3073 Verbum
1853 3036 2021 3079 conversum
2045 3039 2079 3071 6·

1198 3096 1405 3121 commutatum
1428 3087 1478 3130 effe
1500 3087 1533 3122 ln
1560 3100 1700 3130 carnem,
1727 3088 1899 3122 &Verbum
1921 3088 1971 3131 effe
1997 3088 2080 3127 desti-

1200 3139 1257 3181 nffe
1276 3163 1282 3170 .
1311 3140 1388 3170 Sicut
1398 3148 1465 3171 caro
1475 3137 1624 3180 bumana,
1649 3150 1713 3173 cum
1722 3139 1761 3181 fit
1782 3143 1858 3172 cinis
1871 3161 1882 3178 ,
1909 3149 1966 3170 non
1978 3137 2014 3177 est
2032 3149 2079 3172 ca·

1198 3201 1229 3221 ro
1255 3190 1288 3222 (5
1314 3192 1388 3220 cinis
1403 3212 1413 3228 ,
1435 3186 1490 3231 sod
1512 3200 1550 3222 ex
1576 3200 1661 3222 carne
1682 3194 1777 3221 cinis.
1804 3190 1849 3219 Et
1869 3186 2030 3231 secundum
2041 3189 2080 3221 lo-

1201 3239 1309 3281 quendi
1322 3238 1439 3271 modum
1452 3261 1462 3278 ,
1488 3237 1775 3281 consuetudinemque
1795 3237 1977 3272 celebriorem
1997 3239 2080 3281 quid-

1201 3290 1277 3332 quid
1283 3287 1325 3330 fit
1336 3289 1417 3330 quod
1428 3299 1485 3320 non
1496 3299 1561 3321 erat
1574 3314 1584 3329 ,
1610 3287 1714 3331 definit
1724 3288 1775 3331 effi.¹
1785 3288 1958 3330 quoderat.
1986 3289 2080 3323 Hinc

1204 3340 1312 3382 panis,
1343 3338 1421 3371 dum
1448 3339 1483 3371 fit
1507 3349 1622 3381 corpus
1643 3338 1789 3378 Christi,
1814 3337 1928 3372 definit
1956 3339 2018 3372 esse
2031 3348 2080 3381 pa-

1206 3390 1266 3430 nis,
1282 3400 1340 3423 nec
1353 3388 1395 3422 est
1411 3388 1500 3421 limul
1513 3390 1604 3432 panis
1616 3389 1647 3423 δε
1661 3399 1789 3431 corpuS,
1801 3388 1853 3422 sed
1868 3399 1909 3422 ex
1922 3400 2004 3433 pane
2014 3399 2082 3421 cor-

1651 3440 1705 3486 Q
1740 3450 1757 3486 3
1959 3448 2030 3493 ιω
