<?xml version="1.0" encoding="UTF-8"?>
<!DOCTYPE html PUBLIC "-//W3C//DTD XHTML 1.0 Transitional//EN"
    "http://www.w3.org/TR/xhtml1/DTD/xhtml1-transitional.dtd">
<html xmlns="http://www.w3.org/1999/xhtml" xml:lang="en" lang="en">
 <head>
  <title>
</title>
<meta http-equiv="Content-Type" content="text/html;charset=utf-8" />
  <meta name='ocr-system' content='tesseract 3.04.00' />
  <meta name='ocr-capabilities' content='ocr_page ocr_carea ocr_par ocr_line ocrx_word'/>
</head>
<body>
  <div class='ocr_page' id='page_1' title='image "./operaomniastudio06lupuuoft/operaomniastudio06lupuuoft_0123.png"; bbox 0 0 2372 3756; ppageno 0'>
   <div class='ocr_carea' id='block_1_1' title="bbox 635 108 1672 169">
    <p class='ocr_par' dir='ltr' id='par_1_1' title="bbox 635 108 1672 169">
     <span class='ocr_line' id='line_1_1' title="bbox 635 108 1672 169; baseline 0.003 -16"><span class='ocrx_word' id='word_1_1' title='bbox 635 123 902 169; x_wconf 61' lang='lat' dir='ltr'>QUINTUM</span> <span class='ocrx_word' id='word_1_2' title='bbox 938 109 1252 154; x_wconf 79' lang='lat' dir='ltr'>ROMANUM</span> <span class='ocrx_word' id='word_1_3' title='bbox 1288 108 1672 156; x_wconf 71' lang='lat' dir='ltr'><strong>CON‘CILIUM.</strong></span> 
     </span>
    </p>
   </div>
   <div class='ocr_carea' id='block_1_2' title="bbox 75 191 1150 962">
    <p class='ocr_par' dir='ltr' id='par_1_2' title="bbox 75 191 1121 240">
     <span class='ocr_line' id='line_1_2' title="bbox 75 191 1121 240; baseline -0.007 -9"><span class='ocrx_word' id='word_1_4' title='bbox 75 199 154 237; x_wconf 82' lang='lat' dir='ltr'><em>Cap.</em></span> <span class='ocrx_word' id='word_1_5' title='bbox 179 207 210 230; x_wconf 80' lang='lat'><em>2.</em></span> <span class='ocrx_word' id='word_1_6' title='bbox 243 204 375 240; x_wconf 75' lang='lat' dir='ltr'><em>teretur,</em></span> <span class='ocrx_word' id='word_1_7' title='bbox 400 195 438 230; x_wconf 81' lang='lat' dir='ltr'><em>ab</em></span> <span class='ocrx_word' id='word_1_8' title='bbox 449 197 491 230; x_wconf 87' lang='lat' dir='ltr'><em>eis</em></span> <span class='ocrx_word' id='word_1_9' title='bbox 494 191 722 237; x_wconf 84' lang='lat' dir='ltr'><em>frustrapetiit.</em></span> <span class='ocrx_word' id='word_1_10' title='bbox 751 193 908 227; x_wconf 78' lang='lat' dir='ltr'><em>Etinfra:</em></span> <span class='ocrx_word' id='word_1_11' title='bbox 944 192 1053 225; x_wconf 75' lang='lat' dir='ltr'><em>Palam</em></span> <span class='ocrx_word' id='word_1_12' title='bbox 1073 203 1121 225; x_wconf 89' lang='lat' dir='ltr'><em>eos</em></span> 
     </span>
    </p>

    <p class='ocr_par' dir='ltr' id='par_1_3' title="bbox 243 194 1150 962">
     <span class='ocr_line' id='line_1_3' title="bbox 244 194 1147 298; baseline -0.009 -16"><span class='ocrx_word' id='word_1_13' title='bbox 244 249 395 290; x_wconf 82' lang='lat' dir='ltr'><em>alloquens</em></span> <span class='ocrx_word' id='word_1_14' title='bbox 417 250 550 280; x_wconf 83' lang='lat' dir='ltr'><em>Marcion</em></span> <span class='ocrx_word' id='word_1_15' title='bbox 573 269 584 286; x_wconf 94' lang='lat'>‚</span> <span class='ocrx_word' id='word_1_16' title='bbox 619 256 669 278; x_wconf 88' lang='lat' dir='ltr'><em>cur</em></span> <span class='ocrx_word' id='word_1_17' title='bbox 687 256 755 285; x_wconf 80' lang='lat' dir='ltr'><em>me,</em></span> <span class='ocrx_word' id='word_1_18' title='bbox 781 250 877 286; x_wconf 83' lang='lat' dir='ltr'><em>inquit</em></span> <span class='ocrx_word' id='word_1_19' title='bbox 890 270 900 284; x_wconf 93' lang='lat'>,</span> <span class='ocrx_word' id='word_1_20' title='bbox 929 248 1054 284; x_wconf 80' lang='lat' dir='ltr'><em>recipere</em></span> <span class='ocrx_word' id='word_1_21' title='bbox 1074 194 1147 298; x_wconf 63' lang='grc' dir='ltr'>νεα-Ι</span> 
     </span>
     <span class='ocr_line' id='line_1_4' title="bbox 243 293 1120 340; baseline -0.007 -9"><span class='ocrx_word' id='word_1_22' title='bbox 243 297 363 338; x_wconf 71' lang='lat' dir='ltr'><em>inillis?</em></span> <span class='ocrx_word' id='word_1_23' title='bbox 390 296 613 340; x_wconf 84' lang='lat' dir='ltr'><em>Responderunt</em></span> <span class='ocrx_word' id='word_1_24' title='bbox 625 296 687 328; x_wconf 86' lang='lat' dir='ltr'><em>illi:</em></span> <span class='ocrx_word' id='word_1_25' title='bbox 718 294 816 327; x_wconf 86' lang='lat' dir='ltr'><em>Nobis</em></span> <span class='ocrx_word' id='word_1_26' title='bbox 827 295 934 336; x_wconf 81' lang='lat' dir='ltr'><em>inJ&#39;uffu</em></span> <span class='ocrx_word' id='word_1_27' title='bbox 955 293 1120 326; x_wconf 86' lang='lat' dir='ltr'><em>venerandi</em></span> 
     </span>
     <span class='ocr_line' id='line_1_5' title="bbox 246 342 1119 388; baseline -0.008 -7"><span class='ocrx_word' id='word_1_28' title='bbox 246 349 352 381; x_wconf 86' lang='lat' dir='ltr'><em>Patris</em></span> <span class='ocrx_word' id='word_1_29' title='bbox 365 353 410 381; x_wconf 87' lang='lat' dir='ltr'><em>tui</em></span> <span class='ocrx_word' id='word_1_30' title='bbox 414 348 517 388; x_wconf 87' lang='lat' dir='ltr'><em>facere</em></span> <span class='ocrx_word' id='word_1_31' title='bbox 526 346 606 379; x_wconf 88' lang='lat' dir='ltr'><em>illud</em></span> <span class='ocrx_word' id='word_1_32' title='bbox 613 357 670 378; x_wconf 85' lang='lat' dir='ltr'><em>non</em></span> <span class='ocrx_word' id='word_1_33' title='bbox 678 345 764 377; x_wconf 82' lang='lat' dir='ltr'><em>licet.</em></span> <span class='ocrx_word' id='word_1_34' title='bbox 791 348 859 377; x_wconf 85' lang='lat' dir='ltr'><em>Una</em></span> <span class='ocrx_word' id='word_1_35' title='bbox 878 343 1022 385; x_wconf 85' lang='lat' dir='ltr'><em>fiquidcm</em></span> <span class='ocrx_word' id='word_1_36' title='bbox 1041 342 1119 383; x_wconf 83' lang='lat' dir='ltr'><em>fides</em></span> 
     </span>
     <span class='ocr_line' id='line_1_6' title="bbox 245 391 1123 438; baseline -0.009 -7"><span class='ocrx_word' id='word_1_37' title='bbox 245 397 303 438; x_wconf 84' lang='lat' dir='ltr'><em>est,</em></span> <span class='ocrx_word' id='word_1_38' title='bbox 328 400 538 431; x_wconf 71' lang='lat' dir='ltr'><em>&amp;animorum</em></span> <span class='ocrx_word' id='word_1_39' title='bbox 550 407 610 428; x_wconf 81' lang='lat' dir='ltr'><em>una</em></span> <span class='ocrx_word' id='word_1_40' title='bbox 620 392 779 438; x_wconf 72' lang='lat' dir='ltr'><em>consensio:</em></span> <span class='ocrx_word' id='word_1_41' title='bbox 805 398 914 435; x_wconf 82' lang='lat' dir='ltr'><em>Neque</em></span> <span class='ocrx_word' id='word_1_42' title='bbox 937 401 1039 426; x_wconf 87' lang='lat' dir='ltr'><em>contra</em></span> <span class='ocrx_word' id='word_1_43' title='bbox 1060 391 1123 434; x_wconf 85' lang='lat' dir='ltr'><em>spe-</em></span> 
     </span>
     <span class='ocr_line' id='line_1_7' title="bbox 247 443 1125 490; baseline -0.009 -9"><span class='ocrx_word' id='word_1_44' title='bbox 247 447 429 487; x_wconf 62' lang='lat' dir='ltr'><em>Hatifflmum</em></span> <span class='ocrx_word' id='word_1_45' title='bbox 441 447 590 490; x_wconf 79' lang='lat' dir='ltr'><em>collegam</em></span> <span class='ocrx_word' id='word_1_46' title='bbox 602 449 724 479; x_wconf 85' lang='lat' dir='ltr'><em>Patrem</em></span> <span class='ocrx_word' id='word_1_47' title='bbox 747 451 830 476; x_wconf 87' lang='lat' dir='ltr'><em>tuum</em></span> <span class='ocrx_word' id='word_1_48' title='bbox 851 444 947 475; x_wconf 87' lang='lat' dir='ltr'><em>moliri</em></span> <span class='ocrx_word' id='word_1_49' title='bbox 967 443 1125 485; x_wconf 76' lang='lat' dir='ltr'><em>quidpiam</em></span> 
     </span>
     <span class='ocr_line' id='line_1_8' title="bbox 244 492 1125 541; baseline -0.007 -11"><span class='ocrx_word' id='word_1_50' title='bbox 244 498 403 541; x_wconf 81' lang='lat' dir='ltr'><em>poffumus:</em></span> <span class='ocrx_word' id='word_1_51' title='bbox 432 497 475 531; x_wconf 92' lang='lat' dir='ltr'><em>Et</em></span> <span class='ocrx_word' id='word_1_52' title='bbox 487 495 554 530; x_wconf 79' lang='lat' dir='ltr'><em>haec</em></span> <span class='ocrx_word' id='word_1_53' title='bbox 565 496 611 530; x_wconf 89' lang='lat' dir='ltr'><em>est</em></span> <span class='ocrx_word' id='word_1_54' title='bbox 621 492 815 538; x_wconf 82' lang='lat' dir='ltr'><em>Apostolica</em></span> <span class='ocrx_word' id='word_1_55' title='bbox 841 492 975 527; x_wconf 83' lang='lat' dir='ltr'><em>traditio</em></span> <span class='ocrx_word' id='word_1_56' title='bbox 990 516 1001 533; x_wconf 89' lang='lat'>,</span> <span class='ocrx_word' id='word_1_57' title='bbox 1027 502 1125 535; x_wconf 83' lang='lat' dir='ltr'><em>quam</em></span> 
     </span>
     <span class='ocr_line' id='line_1_9' title="bbox 247 542 1125 591; baseline -0.007 -10"><span class='ocrx_word' id='word_1_58' title='bbox 247 548 285 581; x_wconf 86' lang='lat' dir='ltr'><em>in</em></span> <span class='ocrx_word' id='word_1_59' title='bbox 301 548 456 591; x_wconf 84' lang='lat' dir='ltr'><em>scriptum</em></span> <span class='ocrx_word' id='word_1_60' title='bbox 468 547 641 582; x_wconf 88' lang='lat' dir='ltr'><em>Canonem</em></span> <span class='ocrx_word' id='word_1_61' title='bbox 661 543 816 587; x_wconf 82' lang='lat' dir='ltr'>redegisse</span> <span class='ocrx_word' id='word_1_62' title='bbox 841 543 968 577; x_wconf 86' lang='lat' dir='ltr'><em>videtur</em></span> <span class='ocrx_word' id='word_1_63' title='bbox 988 542 1125 576; x_wconf 82' lang='lat' dir='ltr'><em>Nicaena</em></span> 
     </span>
     <span class='ocr_line' id='line_1_10' title="bbox 246 586 1150 962; baseline -0.008 -331"><span class='ocrx_word' id='word_1_64' title='bbox 246 597 401 640; x_wconf 84' lang='lat' dir='ltr'><em>Synodus</em></span> <span class='ocrx_word' id='word_1_65' title='bbox 414 611 424 631; x_wconf 94' lang='lat'><em>.·</em></span> <span class='ocrx_word' id='word_1_66' title='bbox 452 602 493 630; x_wconf 84' lang='lat' dir='ltr'><em>Hi</em></span> <span class='ocrx_word' id='word_1_67' title='bbox 513 602 567 639; x_wconf 87' lang='lat' dir='ltr'><em>qui</em></span> <span class='ocrx_word' id='word_1_68' title='bbox 585 595 788 635; x_wconf 81' lang='lat' dir='ltr'><em>abjiciuntur,</em></span> <span class='ocrx_word' id='word_1_69' title='bbox 814 593 853 625; x_wconf 87' lang='lat' dir='ltr'><em>ab</em></span> <span class='ocrx_word' id='word_1_70' title='bbox 877 595 948 626; x_wconf 86' lang='lat' dir='ltr'><em>aliis</em></span> <span class='ocrx_word' id='word_1_71' title='bbox 970 604 1028 625; x_wconf 86' lang='lat' dir='ltr'><em>non</em></span> <span class='ocrx_word' id='word_1_72' title='bbox 1057 586 1150 962; x_wconf 53' lang='grc' dir='ltr'><em>καὶ</em></span> 
     </span>
    </p>
   </div>
   <div class='ocr_carea' id='block_1_3' title="bbox 1133 317 1140 485">
    <p class='ocr_par' dir='ltr' id='par_1_4' title="bbox 1133 317 1140 485">
     <span class='ocr_line' id='line_1_11' title="bbox 1133 317 1140 485; baseline 0 3271"><span class='ocrx_word' id='word_1_73' title='bbox 1133 317 1140 485; x_wconf 95' lang='lat' dir='ltr'><em> </em></span> 
     </span>
    </p>
   </div>
   <div class='ocr_carea' id='block_1_4' title="bbox 1143 499 1149 581">
    <p class='ocr_par' dir='ltr' id='par_1_5' title="bbox 1143 499 1149 581">
     <span class='ocr_line' id='line_1_12' title="bbox 1143 499 1149 581; baseline 0 3175"><span class='ocrx_word' id='word_1_74' title='bbox 1143 499 1149 581; x_wconf 95' lang='lat' dir='ltr'><em> </em></span> 
     </span>
    </p>
   </div>
   <div class='ocr_carea' id='block_1_5' title="bbox 75 584 196 622">
    <p class='ocr_par' dir='ltr' id='par_1_6' title="bbox 75 584 196 622">
     <span class='ocr_line' id='line_1_13' title="bbox 75 584 196 622; baseline 0 -9"><span class='ocrx_word' id='word_1_75' title='bbox 75 584 149 622; x_wconf 79' lang='lat' dir='ltr'><em>cap.</em></span> <span class='ocrx_word' id='word_1_76' title='bbox 172 588 196 617; x_wconf 78' lang='grc' dir='ltr'><em>ς.</em></span> 
     </span>
    </p>
   </div>
   <div class='ocr_carea' id='block_1_6' title="bbox 242 642 1141 2877">
    <p class='ocr_par' dir='ltr' id='par_1_7' title="bbox 242 642 1141 2835">
     <span class='ocr_line' id='line_1_14' title="bbox 242 642 1130 690; baseline -0.006 -10"><span class='ocrx_word' id='word_1_77' title='bbox 242 652 393 690; x_wconf 80' lang='lat' dir='ltr'><em>piantur.</em></span> <span class='ocrx_word' id='word_1_78' title='bbox 421 648 466 681; x_wconf 89' lang='lat' dir='ltr'><em>Et</em></span> <span class='ocrx_word' id='word_1_79' title='bbox 487 646 660 680; x_wconf 88' lang='lat' dir='ltr'><em>Canonem</em></span> <span class='ocrx_word' id='word_1_80' title='bbox 683 644 728 677; x_wconf 90' lang='lat' dir='ltr'><em>ita</em></span> <span class='ocrx_word' id='word_1_81' title='bbox 741 642 947 677; x_wconf 84' lang='lat' dir='ltr'><em>intellexitin</em></span> <span class='ocrx_word' id='word_1_82' title='bbox 960 642 1076 677; x_wconf 86' lang='lat' dir='ltr'><em>litteris</em></span> <span class='ocrx_word' id='word_1_83' title='bbox 1087 642 1130 676; x_wconf 88' lang='lat' dir='ltr'><em>ad·</em></span> 
     </span>
     <span class='ocr_line' id='line_1_15' title="bbox 249 692 1128 737; baseline -0.01 -4"><span class='ocrx_word' id='word_1_84' title='bbox 249 698 505 733; x_wconf 85' lang='lat' dir='ltr'><em>Sueffionensem</em></span> <span class='ocrx_word' id='word_1_85' title='bbox 520 718 529 734; x_wconf 92' lang='lat'>,</span> <span class='ocrx_word' id='word_1_86' title='bbox 556 705 625 737; x_wconf 89' lang='lat' dir='ltr'><em>quae</em></span> <span class='ocrx_word' id='word_1_87' title='bbox 639 693 819 728; x_wconf 86' lang='lat' dir='ltr'><em>ordinatos</em></span> <span class='ocrx_word' id='word_1_88' title='bbox 840 693 881 727; x_wconf 90' lang='lat' dir='ltr'><em>ab</em></span> <span class='ocrx_word' id='word_1_89' title='bbox 905 692 1045 727; x_wconf 84' lang='lat' dir='ltr'><em>Ebbone</em></span> <span class='ocrx_word' id='word_1_90' title='bbox 1067 692 1128 725; x_wconf 87' lang='lat' dir='ltr'><em>Re-</em></span> 
     </span>
     <span class='ocr_line' id='line_1_16' title="bbox 248 742 1128 789; baseline -0.01 -7"><span class='ocrx_word' id='word_1_91' title='bbox 248 748 351 782; x_wconf 85' lang='lat' dir='ltr'><em>menfi</em></span> <span class='ocrx_word' id='word_1_92' title='bbox 374 747 538 789; x_wconf 85' lang='lat' dir='ltr'>Episcopo</span> <span class='ocrx_word' id='word_1_93' title='bbox 563 745 710 778; x_wconf 86' lang='lat' dir='ltr'><em>Clericos</em></span> <span class='ocrx_word' id='word_1_94' title='bbox 733 744 890 786; x_wconf 86' lang='lat' dir='ltr'><em>dejecerat</em></span> <span class='ocrx_word' id='word_1_95' title='bbox 910 767 920 784; x_wconf 93' lang='lat'>‚</span> <span class='ocrx_word' id='word_1_96' title='bbox 956 742 1128 784; x_wconf 90' lang='lat' dir='ltr'><em>Synodum</em></span> 
     </span>
     <span class='ocr_line' id='line_1_17' title="bbox 252 789 1128 837; baseline -0.009 -6"><span class='ocrx_word' id='word_1_97' title='bbox 252 799 385 832; x_wconf 73' lang='lat' dir='ltr'><em>Sanctus</em></span> <span class='ocrx_word' id='word_1_98' title='bbox 395 795 553 829; x_wconf 85' lang='lat' dir='ltr'><em>Nicolaus</em></span> <span class='ocrx_word' id='word_1_99' title='bbox 565 794 710 837; x_wconf 84' lang='lat' dir='ltr'><em>primusz·</em></span> <span class='ocrx_word' id='word_1_100' title='bbox 733 795 763 825; x_wconf 87' lang='lat' dir='ltr'><em>Si</em></span> <span class='ocrx_word' id='word_1_101' title='bbox 770 789 918 835; x_wconf 84' lang='lat' dir='ltr'><em>quispiam</em></span> <span class='ocrx_word' id='word_1_102' title='bbox 936 792 1039 825; x_wconf 83' lang='lat' dir='ltr'><em>Sedem</em></span> <span class='ocrx_word' id='word_1_103' title='bbox 1057 796 1128 833; x_wconf 87' lang='lat' dir='ltr'><em>Apo-</em></span> 
     </span>
     <span class='ocr_line' id='line_1_18' title="bbox 243 842 1128 888; baseline -0.007 -9"><span class='ocrx_word' id='word_1_104' title='bbox 243 847 376 888; x_wconf 71' lang='lat' dir='ltr'><em>stolicam</em></span> <span class='ocrx_word' id='word_1_105' title='bbox 387 869 397 885; x_wconf 89' lang='lat'>,</span> <span class='ocrx_word' id='word_1_106' title='bbox 413 853 470 887; x_wconf 85' lang='lat' dir='ltr'><em>per</em></span> <span class='ocrx_word' id='word_1_107' title='bbox 483 847 615 888; x_wconf 85' lang='lat' dir='ltr'><em>Sergium</em></span> <span class='ocrx_word' id='word_1_108' title='bbox 623 843 739 887; x_wconf 73' lang='lat' dir='ltr'><em>sanc‘lae</em></span> <span class='ocrx_word' id='word_1_109' title='bbox 752 848 900 876; x_wconf 81' lang='lat' dir='ltr'><em>memoriae</em></span> <span class='ocrx_word' id='word_1_110' title='bbox 911 845 1030 884; x_wconf 83' lang='lat' dir='ltr'><em>Papam</em></span> <span class='ocrx_word' id='word_1_111' title='bbox 1044 866 1054 881; x_wconf 84' lang='lat'>‚</span> <span class='ocrx_word' id='word_1_112' title='bbox 1067 846 1095 873; x_wconf 86' lang='lat' dir='ltr'><em>E</em></span> <span class='ocrx_word' id='word_1_113' title='bbox 1100 842 1128 873; x_wconf 80' lang='lat' dir='ltr'><em>b-</em></span> 
     </span>
     <span class='ocr_line' id='line_1_19' title="bbox 249 892 1130 938; baseline -0.007 -8"><span class='ocrx_word' id='word_1_114' title='bbox 249 898 351 931; x_wconf 83' lang='lat' dir='ltr'><em>bonem</em></span> <span class='ocrx_word' id='word_1_115' title='bbox 374 896 524 938; x_wconf 88' lang='lat' dir='ltr'><em>quondam</em></span> <span class='ocrx_word' id='word_1_116' title='bbox 551 892 800 936; x_wconf 78' lang='lat' dir='ltr'><em>Archiepiscopum</em></span> <span class='ocrx_word' id='word_1_117' title='bbox 823 894 978 936; x_wconf 85' lang='lat' dir='ltr'><em>indignum</em></span> <span class='ocrx_word' id='word_1_118' title='bbox 1003 894 1130 924; x_wconf 85' lang='lat' dir='ltr'><em>Clerica-</em></span> 
     </span>
     <span class='ocr_line' id='line_1_20' title="bbox 247 943 1127 988; baseline -0.008 -8"><span class='ocrx_word' id='word_1_119' title='bbox 247 948 270 981; x_wconf 90' lang='lat' dir='ltr'><em>li</em></span> <span class='ocrx_word' id='word_1_120' title='bbox 288 950 485 980; x_wconf 78' lang='lat' dir='ltr'><em>communione</em></span> <span class='ocrx_word' id='word_1_121' title='bbox 504 944 636 988; x_wconf 81' lang='lat' dir='ltr'><em>sanxiffe</em></span> <span class='ocrx_word' id='word_1_122' title='bbox 652 943 790 985; x_wconf 81' lang='lat' dir='ltr'><em>perbibet</em></span> <span class='ocrx_word' id='word_1_123' title='bbox 803 964 814 982; x_wconf 87' lang='lat'>‚</span> <span class='ocrx_word' id='word_1_124' title='bbox 844 949 961 976; x_wconf 84' lang='lat' dir='ltr'><em>noverit</em></span> <span class='ocrx_word' id='word_1_125' title='bbox 987 947 1127 982; x_wconf 79' lang='lat' dir='ltr'><em>quoniam</em></span> 
     </span>
     <span class='ocr_line' id='line_1_21' title="bbox 248 992 1123 1036; baseline -0.008 -6"><span class='ocrx_word' id='word_1_126' title='bbox 248 998 340 1030; x_wconf 73' lang='lat' dir='ltr'><em>talem</em></span> <span class='ocrx_word' id='word_1_127' title='bbox 350 997 437 1028; x_wconf 90' lang='lat' dir='ltr'><em>Sedes</em></span> <span class='ocrx_word' id='word_1_128' title='bbox 449 995 606 1036; x_wconf 69' lang='lat' dir='ltr'><em>apostolica</em></span> <span class='ocrx_word' id='word_1_129' title='bbox 617 994 716 1027; x_wconf 81' lang='lat' dir='ltr'><em>debuit</em></span> <span class='ocrx_word' id='word_1_130' title='bbox 737 996 766 1024; x_wconf 83' lang='lat' dir='ltr'><strong><em>E</em></strong></span> <span class='ocrx_word' id='word_1_131' title='bbox 769 992 888 1026; x_wconf 88' lang='lat' dir='ltr'><em>bbonem</em></span> <span class='ocrx_word' id='word_1_132' title='bbox 899 1018 908 1033; x_wconf 93' lang='lat'>,</span> <span class='ocrx_word' id='word_1_133' title='bbox 935 995 1023 1025; x_wconf 79' lang='lat' dir='ltr'><em>donec</em></span> <span class='ocrx_word' id='word_1_134' title='bbox 1043 994 1123 1031; x_wconf 86' lang='lat' dir='ltr'><em>Syno-</em></span> 
     </span>
     <span class='ocr_line' id='line_1_22' title="bbox 249 1043 1126 1087; baseline -0.007 -7"><span class='ocrx_word' id='word_1_135' title='bbox 249 1048 315 1080; x_wconf 85' lang='lat' dir='ltr'><em>dali</em></span> <span class='ocrx_word' id='word_1_136' title='bbox 324 1051 463 1080; x_wconf 79' lang='lat' dir='ltr'><em>examine</em></span> <span class='ocrx_word' id='word_1_137' title='bbox 473 1047 538 1085; x_wconf 87' lang='lat' dir='ltr'><em>ejus</em></span> <span class='ocrx_word' id='word_1_138' title='bbox 549 1043 626 1087; x_wconf 88' lang='lat' dir='ltr'><em>caus</em></span> <span class='ocrx_word' id='word_1_139' title='bbox 620 1058 638 1077; x_wconf 89' lang='lat' dir='ltr'><em>a</em></span> <span class='ocrx_word' id='word_1_140' title='bbox 654 1043 849 1086; x_wconf 61' lang='lat' dir='ltr'><em>difi‘uteretur</em></span> <span class='ocrx_word' id='word_1_141' title='bbox 862 1068 873 1083; x_wconf 95' lang='lat'>‚</span> <span class='ocrx_word' id='word_1_142' title='bbox 900 1043 1006 1076; x_wconf 87' lang='lat' dir='ltr'><em>babere</em></span> <span class='ocrx_word' id='word_1_143' title='bbox 1020 1067 1030 1083; x_wconf 90' lang='lat'>‚</span> <span class='ocrx_word' id='word_1_144' title='bbox 1057 1053 1126 1084; x_wconf 89' lang='lat' dir='ltr'><em>qua-</em></span> 
     </span>
     <span class='ocr_line' id='line_1_23' title="bbox 249 1093 1129 1138; baseline -0.008 -8"><span class='ocrx_word' id='word_1_145' title='bbox 249 1098 307 1130; x_wconf 88' lang='lat' dir='ltr'><em>lem</em></span> <span class='ocrx_word' id='word_1_146' title='bbox 317 1094 355 1129; x_wconf 83' lang='lat' dir='ltr'><em>ab</em></span> <span class='ocrx_word' id='word_1_147' title='bbox 365 1096 434 1128; x_wconf 85' lang='lat' dir='ltr'><em>aliis</em></span> <span class='ocrx_word' id='word_1_148' title='bbox 444 1094 580 1127; x_wconf 85' lang='lat' dir='ltr'><em>habitum</em></span> <span class='ocrx_word' id='word_1_149' title='bbox 591 1106 647 1127; x_wconf 86' lang='lat' dir='ltr'><em>non</em></span> <span class='ocrx_word' id='word_1_150' title='bbox 662 1093 819 1138; x_wconf 75' lang='lat' dir='ltr'><em>ignorabat</em></span> <span class='ocrx_word' id='word_1_151' title='bbox 836 1118 843 1125; x_wconf 87' lang='lat'><strong>.</strong></span> <span class='ocrx_word' id='word_1_152' title='bbox 871 1095 1024 1126; x_wconf 79' lang='lat' dir='ltr'><em>statutum</em></span> <span class='ocrx_word' id='word_1_153' title='bbox 1045 1098 1129 1134; x_wconf 85' lang='lat' dir='ltr'><em>quip-</em></span> 
     </span>
     <span class='ocr_line' id='line_1_24' title="bbox 245 1144 1127 1190; baseline -0.008 -10"><span class='ocrx_word' id='word_1_154' title='bbox 245 1148 286 1190; x_wconf 71' lang='lat' dir='ltr'><em>pe</em></span> <span class='ocrx_word' id='word_1_155' title='bbox 295 1152 328 1179; x_wconf 88' lang='lat' dir='ltr'><em>in</em></span> <span class='ocrx_word' id='word_1_156' title='bbox 340 1157 449 1189; x_wconf 83' lang='lat' dir='ltr'><em>magna</em></span> <span class='ocrx_word' id='word_1_157' title='bbox 468 1147 502 1178; x_wconf 59' lang='grc' dir='ltr'><em>(τ</em></span> <span class='ocrx_word' id='word_1_158' title='bbox 513 1146 687 1179; x_wconf 81' lang='lat' dir='ltr'><em>veneranda</em></span> <span class='ocrx_word' id='word_1_159' title='bbox 713 1147 844 1176; x_wconf 83' lang='lat' dir='ltr'><em>Nicaena</em></span> <span class='ocrx_word' id='word_1_160' title='bbox 864 1144 972 1180; x_wconf 82' lang='lat' dir='ltr'><em>Synodo</em></span> <span class='ocrx_word' id='word_1_161' title='bbox 994 1144 1104 1186; x_wconf 77' lang='lat' dir='ltr'><em>legitur</em></span> <span class='ocrx_word' id='word_1_162' title='bbox 1117 1167 1127 1181; x_wconf 91' lang='lat'>‚</span> 
     </span>
     <span class='ocr_line' id='line_1_25' title="bbox 249 1190 1129 1238; baseline -0.007 -8"><span class='ocrx_word' id='word_1_163' title='bbox 249 1206 283 1230; x_wconf 88' lang='lat' dir='ltr'><em>ut</em></span> <span class='ocrx_word' id='word_1_164' title='bbox 293 1198 330 1230; x_wconf 87' lang='lat' dir='ltr'><em>de</em></span> <span class='ocrx_word' id='word_1_165' title='bbox 341 1196 388 1228; x_wconf 85' lang='lat' dir='ltr'><em>bis</em></span> <span class='ocrx_word' id='word_1_166' title='bbox 400 1200 451 1238; x_wconf 88' lang='lat' dir='ltr'><em>qui</em></span> <span class='ocrx_word' id='word_1_167' title='bbox 458 1200 651 1228; x_wconf 83' lang='lat' dir='ltr'><em>communione</em></span> <span class='ocrx_word' id='word_1_168' title='bbox 657 1199 822 1235; x_wconf 81' lang='lat' dir='ltr'><em>privantur</em></span> <span class='ocrx_word' id='word_1_169' title='bbox 834 1216 845 1233; x_wconf 92' lang='lat'><em>‚</em></span> <span class='ocrx_word' id='word_1_170' title='bbox 866 1191 920 1235; x_wconf 87' lang='lat' dir='ltr'><em>seu</em></span> <span class='ocrx_word' id='word_1_171' title='bbox 931 1204 968 1226; x_wconf 86' lang='lat' dir='ltr'><em>ex</em></span> <span class='ocrx_word' id='word_1_172' title='bbox 984 1194 1069 1225; x_wconf 81' lang='lat' dir='ltr'><em>Clero</em></span> <span class='ocrx_word' id='word_1_173' title='bbox 1077 1190 1129 1234; x_wconf 86' lang='lat' dir='ltr'><em>seu</em></span> 
     </span>
     <span class='ocr_line' id='line_1_26' title="bbox 251 1243 1129 1287; baseline -0.007 -7"><span class='ocrx_word' id='word_1_174' title='bbox 251 1258 289 1280; x_wconf 86' lang='lat' dir='ltr'><em>ex</em></span> <span class='ocrx_word' id='word_1_175' title='bbox 302 1249 389 1278; x_wconf 85' lang='lat' dir='ltr'><em>Laico</em></span> <span class='ocrx_word' id='word_1_176' title='bbox 400 1247 502 1279; x_wconf 82' lang='lat' dir='ltr'><em>ordine</em></span> <span class='ocrx_word' id='word_1_177' title='bbox 514 1269 525 1285; x_wconf 91' lang='lat'><strong>,</strong></span> <span class='ocrx_word' id='word_1_178' title='bbox 552 1243 705 1287; x_wconf 82' lang='lat' dir='ltr'><em>Episcopis</em></span> <span class='ocrx_word' id='word_1_179' title='bbox 723 1251 781 1285; x_wconf 86' lang='lat' dir='ltr'><em>per</em></span> <span class='ocrx_word' id='word_1_180' title='bbox 800 1253 1034 1285; x_wconf 85' lang='lat' dir='ltr'><em>unamquamque</em></span> <span class='ocrx_word' id='word_1_181' title='bbox 1058 1244 1129 1275; x_wconf 85' lang='lat' dir='ltr'><em>Pro—</em></span> 
     </span>
     <span class='ocr_line' id='line_1_27' title="bbox 250 1292 1130 1338; baseline -0.008 -8"><span class='ocrx_word' id='word_1_182' title='bbox 250 1301 386 1330; x_wconf 87' lang='lat' dir='ltr'><em>vinciam</em></span> <span class='ocrx_word' id='word_1_183' title='bbox 403 1294 554 1338; x_wconf 87' lang='lat' dir='ltr'><em>sententia</em></span> <span class='ocrx_word' id='word_1_184' title='bbox 577 1296 734 1338; x_wconf 84' lang='lat' dir='ltr'><em>Regularis</em></span> <span class='ocrx_word' id='word_1_185' title='bbox 753 1294 882 1328; x_wconf 81' lang='lat' dir='ltr'><em>obtineat</em></span> <span class='ocrx_word' id='word_1_186' title='bbox 906 1318 918 1335; x_wconf 89' lang='lat'><strong>,</strong></span> <span class='ocrx_word' id='word_1_187' title='bbox 941 1301 975 1326; x_wconf 86' lang='lat' dir='ltr'><em>ut</em></span> <span class='ocrx_word' id='word_1_188' title='bbox 997 1292 1050 1332; x_wconf 85' lang='lat' dir='ltr'><em>bi,</em></span> <span class='ocrx_word' id='word_1_189' title='bbox 1078 1298 1130 1334; x_wconf 82' lang='lat' dir='ltr'><em>qui</em></span> 
     </span>
     <span class='ocr_line' id='line_1_28' title="bbox 251 1346 1127 1387; baseline -0.005 -8"><span class='ocrx_word' id='word_1_190' title='bbox 251 1346 433 1387; x_wconf 83' lang='lat' dir='ltr'><em>abjiciuntur</em></span> <span class='ocrx_word' id='word_1_191' title='bbox 453 1371 464 1387; x_wconf 93' lang='lat'>,</span> <span class='ocrx_word' id='word_1_192' title='bbox 489 1346 527 1378; x_wconf 87' lang='lat' dir='ltr'><em>ab</em></span> <span class='ocrx_word' id='word_1_193' title='bbox 546 1346 616 1378; x_wconf 87' lang='lat' dir='ltr'><em>aliis</em></span> <span class='ocrx_word' id='word_1_194' title='bbox 640 1356 697 1378; x_wconf 87' lang='lat' dir='ltr'><em>non</em></span> <span class='ocrx_word' id='word_1_195' title='bbox 717 1349 916 1387; x_wconf 81' lang='lat' dir='ltr'><em>recipiantur.</em></span> <span class='ocrx_word' id='word_1_196' title='bbox 944 1347 1127 1385; x_wconf 86' lang='lat' dir='ltr'><em>Requiratur</em></span> 
     </span>
     <span class='ocr_line' id='line_1_29' title="bbox 252 1393 1132 1438; baseline -0.005 -10"><span class='ocrx_word' id='word_1_197' title='bbox 252 1404 372 1436; x_wconf 85' lang='lat' dir='ltr'><em>autem,</em></span> <span class='ocrx_word' id='word_1_198' title='bbox 399 1407 436 1429; x_wconf 86' lang='lat' dir='ltr'><em>ne</em></span> <span class='ocrx_word' id='word_1_199' title='bbox 444 1393 684 1438; x_wconf 85' lang='lat' dir='ltr'><em>pufillanimitate</em></span> <span class='ocrx_word' id='word_1_200' title='bbox 707 1405 761 1428; x_wconf 86' lang='lat' dir='ltr'><em>aut</em></span> <span class='ocrx_word' id='word_1_201' title='bbox 784 1399 982 1434; x_wconf 77' lang='lat' dir='ltr'><em>contentione,</em></span> <span class='ocrx_word' id='word_1_202' title='bbox 1009 1402 1062 1426; x_wconf 88' lang='lat' dir='ltr'><em>aut</em></span> <span class='ocrx_word' id='word_1_203' title='bbox 1075 1393 1132 1425; x_wconf 83' lang='lat' dir='ltr'><em>alio</em></span> 
     </span>
     <span class='ocr_line' id='line_1_30' title="bbox 253 1442 1131 1488; baseline -0.005 -9"><span class='ocrx_word' id='word_1_204' title='bbox 253 1446 381 1488; x_wconf 86' lang='lat' dir='ltr'><em>quolibet</em></span> <span class='ocrx_word' id='word_1_205' title='bbox 392 1445 532 1488; x_wconf 67' lang='lat' dir='ltr'><em>Episcopi</em></span> <span class='ocrx_word' id='word_1_206' title='bbox 546 1450 622 1478; x_wconf 83' lang='lat' dir='ltr'><em>vitio</em></span> <span class='ocrx_word' id='word_1_207' title='bbox 632 1446 773 1477; x_wconf 82' lang='lat' dir='ltr'><em>videatur</em></span> <span class='ocrx_word' id='word_1_208' title='bbox 782 1446 804 1476; x_wconf 77' lang='grc' dir='ltr'><em>ἃ</em></span> <span class='ocrx_word' id='word_1_209' title='bbox 814 1449 1033 1488; x_wconf 79' lang='lat' dir='ltr'><em>congregatione</em></span> <span class='ocrx_word' id='word_1_210' title='bbox 1041 1442 1131 1486; x_wconf 87' lang='lat' dir='ltr'><em>seclu-</em></span> 
     </span>
     <span class='ocr_line' id='line_1_31' title="bbox 248 1492 1134 1539; baseline -0.003 -11"><span class='ocrx_word' id='word_1_211' title='bbox 248 1495 303 1539; x_wconf 81' lang='lat' dir='ltr'><em>sus</em></span> <span class='ocrx_word' id='word_1_212' title='bbox 315 1519 323 1527; x_wconf 89' lang='lat'><strong>.</strong></span> <span class='ocrx_word' id='word_1_213' title='bbox 350 1497 445 1528; x_wconf 83' lang='lat' dir='ltr'><em>Donec</em></span> <span class='ocrx_word' id='word_1_214' title='bbox 455 1500 547 1538; x_wconf 77' lang='lat' dir='ltr'><em>igitm</em></span> <span class='ocrx_word' id='word_1_215' title='bbox 557 1493 733 1527; x_wconf 60' lang='lat' dir='ltr'><em>audioritate</em></span> <span class='ocrx_word' id='word_1_216' title='bbox 738 1493 797 1536; x_wconf 87' lang='lat' dir='ltr'><em>sua</em></span> <span class='ocrx_word' id='word_1_217' title='bbox 807 1495 843 1526; x_wconf 88' lang='lat' dir='ltr'><em>de</em></span> <span class='ocrx_word' id='word_1_218' title='bbox 852 1492 1021 1536; x_wconf 83' lang='lat' dir='ltr'><em>hujusmodi</em></span> <span class='ocrx_word' id='word_1_219' title='bbox 1047 1492 1134 1535; x_wconf 85' lang='lat' dir='ltr'><em>pufil-</em></span> 
     </span>
     <span class='ocr_line' id='line_1_32' title="bbox 251 1544 1134 1587; baseline -0.003 -9"><span class='ocrx_word' id='word_1_220' title='bbox 251 1545 443 1584; x_wconf 86' lang='lat' dir='ltr'><em>lanimitate‚</em></span> <span class='ocrx_word' id='word_1_221' title='bbox 469 1552 522 1576; x_wconf 83' lang='lat' dir='ltr'><em>aut</em></span> <span class='ocrx_word' id='word_1_222' title='bbox 533 1549 734 1583; x_wconf 77' lang='lat' dir='ltr'><em>contentione,</em></span> <span class='ocrx_word' id='word_1_223' title='bbox 761 1545 885 1577; x_wconf 80' lang='lat' dir='ltr'><em>autolio</em></span> <span class='ocrx_word' id='word_1_224' title='bbox 905 1544 1032 1587; x_wconf 83' lang='lat' dir='ltr'><em>quolibet</em></span> <span class='ocrx_word' id='word_1_225' title='bbox 1059 1549 1134 1576; x_wconf 83' lang='lat' dir='ltr'><em>vitio</em></span> 
     </span>
     <span class='ocr_line' id='line_1_33' title="bbox 254 1592 1130 1636; baseline -0.003 -8"><span class='ocrx_word' id='word_1_226' title='bbox 254 1598 442 1628; x_wconf 75' lang='lat' dir='ltr'><em>examinatio</em></span> <span class='ocrx_word' id='word_1_227' title='bbox 456 1596 509 1627; x_wconf 82' lang='lat' dir='ltr'><em>vel</em></span> <span class='ocrx_word' id='word_1_228' title='bbox 531 1594 707 1635; x_wconf 85' lang='lat' dir='ltr'><em>dijudicatio</em></span> <span class='ocrx_word' id='word_1_229' title='bbox 724 1601 899 1635; x_wconf 82' lang='lat' dir='ltr'><em>proveniret</em></span> <span class='ocrx_word' id='word_1_230' title='bbox 922 1618 932 1635; x_wconf 87' lang='lat'>,</span> <span class='ocrx_word' id='word_1_231' title='bbox 973 1592 1130 1636; x_wconf 69' lang='lat' dir='ltr'><em>apostolica</em></span> 
     </span>
     <span class='ocr_line' id='line_1_34' title="bbox 253 1642 1135 1688; baseline 0 -11"><span class='ocrx_word' id='word_1_232' title='bbox 253 1645 346 1677; x_wconf 80' lang='lat' dir='ltr'><em>Sedes</em></span> <span class='ocrx_word' id='word_1_233' title='bbox 357 1643 434 1677; x_wconf 84' lang='lat' dir='ltr'><em>nibil</em></span> <span class='ocrx_word' id='word_1_234' title='bbox 454 1655 540 1688; x_wconf 86' lang='lat' dir='ltr'><em>agere</em></span> <span class='ocrx_word' id='word_1_235' title='bbox 561 1643 662 1678; x_wconf 79' lang='lat' dir='ltr'><em>debuit</em></span> <span class='ocrx_word' id='word_1_236' title='bbox 675 1668 685 1683; x_wconf 89' lang='lat'>‚</span> <span class='ocrx_word' id='word_1_237' title='bbox 712 1642 767 1684; x_wconf 77' lang='lat' dir='ltr'><em>mJn‘</em></span> <span class='ocrx_word' id='word_1_238' title='bbox 784 1645 862 1685; x_wconf 87' lang='lat' dir='ltr'><em>quod</em></span> <span class='ocrx_word' id='word_1_239' title='bbox 888 1650 965 1687; x_wconf 83' lang='lat' dir='ltr'><em>egit.</em></span> <span class='ocrx_word' id='word_1_240' title='bbox 996 1643 1135 1677; x_wconf 83' lang='lat' dir='ltr'><em>Videlicet</em></span> 
     </span>
     <span class='ocr_line' id='line_1_35' title="bbox 253 1691 1135 1736; baseline -0.002 -9"><span class='ocrx_word' id='word_1_241' title='bbox 253 1703 287 1727; x_wconf 84' lang='lat' dir='ltr'><em>ut</em></span> <span class='ocrx_word' id='word_1_242' title='bbox 297 1694 335 1726; x_wconf 87' lang='lat' dir='ltr'><em>ab</em></span> <span class='ocrx_word' id='word_1_243' title='bbox 346 1695 417 1727; x_wconf 86' lang='lat' dir='ltr'><em>aliis</em></span> <span class='ocrx_word' id='word_1_244' title='bbox 438 1692 583 1736; x_wconf 69' lang='lat' dir='ltr'><em>abJeoium</em></span> <span class='ocrx_word' id='word_1_245' title='bbox 607 1693 674 1736; x_wconf 87' lang='lat' dir='ltr'><em>ipsa</em></span> <span class='ocrx_word' id='word_1_246' title='bbox 696 1705 882 1736; x_wconf 84' lang='lat' dir='ltr'><em>nequaquam</em></span> <span class='ocrx_word' id='word_1_247' title='bbox 903 1691 1066 1736; x_wconf 65' lang='lat' dir='ltr'><em>indiscusse</em></span> <span class='ocrx_word' id='word_1_248' title='bbox 1086 1691 1135 1736; x_wconf 86' lang='lat' dir='ltr'><em>su-</em></span> 
     </span>
     <span class='ocr_line' id='line_1_36' title="bbox 254 1742 1140 1787; baseline -0.002 -11"><span class='ocrx_word' id='word_1_249' title='bbox 254 1742 397 1787; x_wconf 84' lang='lat' dir='ltr'><em>sciperet.</em></span> <span class='ocrx_word' id='word_1_250' title='bbox 425 1746 577 1786; x_wconf 69' lang='lat' dir='ltr'><em>Praecipue</em></span> <span class='ocrx_word' id='word_1_251' title='bbox 593 1746 657 1776; x_wconf 75' lang='lat' dir='ltr'><em>cum</em></span> <span class='ocrx_word' id='word_1_252' title='bbox 675 1743 841 1786; x_wconf 78' lang='lat' dir='ltr'><em>praedic‘lus</em></span> <span class='ocrx_word' id='word_1_253' title='bbox 866 1742 951 1776; x_wconf 87' lang='lat' dir='ltr'><em>Ebbo</em></span> <span class='ocrx_word' id='word_1_254' title='bbox 976 1755 1033 1775; x_wconf 87' lang='lat' dir='ltr'><em>non</em></span> <span class='ocrx_word' id='word_1_255' title='bbox 1057 1742 1140 1785; x_wconf 81' lang='lat' dir='ltr'><em>quast</em></span> 
     </span>
     <span class='ocr_line' id='line_1_37' title="bbox 251 1793 1135 1837; baseline -0.002 -11"><span class='ocrx_word' id='word_1_256' title='bbox 251 1802 308 1836; x_wconf 84' lang='lat' dir='ltr'><em>pro</em></span> <span class='ocrx_word' id='word_1_257' title='bbox 329 1793 499 1835; x_wconf 83' lang='lat' dir='ltr'><em>depofitione</em></span> <span class='ocrx_word' id='word_1_258' title='bbox 514 1793 572 1837; x_wconf 86' lang='lat' dir='ltr'><em>sua</em></span> <span class='ocrx_word' id='word_1_259' title='bbox 592 1800 746 1835; x_wconf 83' lang='lat' dir='ltr'><em>queritans</em></span> <span class='ocrx_word' id='word_1_260' title='bbox 768 1818 779 1834; x_wconf 91' lang='lat'>,</span> <span class='ocrx_word' id='word_1_261' title='bbox 818 1796 853 1827; x_wconf 72' lang='lat'><em>(9⁶</em></span> <span class='ocrx_word' id='word_1_262' title='bbox 875 1795 1004 1837; x_wconf 79' lang='lat' dir='ltr'><em>legitime</em></span> <span class='ocrx_word' id='word_1_263' title='bbox 1025 1793 1135 1833; x_wconf 86' lang='lat' dir='ltr'><em>restitui</em></span> 
     </span>
     <span class='ocr_line' id='line_1_38' title="bbox 255 1843 1137 1886; baseline -0.002 -8"><span class='ocrx_word' id='word_1_264' title='bbox 255 1844 357 1878; x_wconf 83' lang='lat' dir='ltr'><em>volens</em></span> <span class='ocrx_word' id='word_1_265' title='bbox 371 1850 506 1878; x_wconf 83' lang='lat' dir='ltr'><em>examine</em></span> <span class='ocrx_word' id='word_1_266' title='bbox 514 1845 723 1886; x_wconf 84' lang='lat' dir='ltr'><em>praecedente‚</em></span> <span class='ocrx_word' id='word_1_267' title='bbox 751 1844 852 1877; x_wconf 84' lang='lat' dir='ltr'><em>Sedem</em></span> <span class='ocrx_word' id='word_1_268' title='bbox 876 1843 1062 1885; x_wconf 66' lang='lat' dir='ltr'><em>apostolicam</em></span> <span class='ocrx_word' id='word_1_269' title='bbox 1085 1851 1137 1885; x_wconf 89' lang='lat' dir='ltr'><em>ap-</em></span> 
     </span>
     <span class='ocr_line' id='line_1_39' title="bbox 250 1891 1135 1937; baseline -0.001 -11"><span class='ocrx_word' id='word_1_270' title='bbox 250 1893 414 1936; x_wconf 82' lang='lat' dir='ltr'><em>pellaverit</em></span> <span class='ocrx_word' id='word_1_271' title='bbox 439 1918 449 1934; x_wconf 88' lang='lat'>,</span> <span class='ocrx_word' id='word_1_272' title='bbox 469 1893 545 1937; x_wconf 72' lang='lat' dir='ltr'><em>sed,</em></span> <span class='ocrx_word' id='word_1_273' title='bbox 574 1902 607 1927; x_wconf 84' lang='lat' dir='ltr'><em>ut</em></span> <span class='ocrx_word' id='word_1_274' title='bbox 627 1895 718 1928; x_wconf 86' lang='lat' dir='ltr'><em>codex</em></span> <span class='ocrx_word' id='word_1_275' title='bbox 739 1891 928 1937; x_wconf 84' lang='lat' dir='ltr'><em>Episcopalis</em></span> <span class='ocrx_word' id='word_1_276' title='bbox 950 1896 1091 1935; x_wconf 82' lang='lat' dir='ltr'><em>indicat,</em></span> <span class='ocrx_word' id='word_1_277' title='bbox 1115 1896 1135 1925; x_wconf 76' lang='grc' dir='ltr'><em>ἃ</em></span> 
     </span>
     <span class='ocr_line' id='line_1_40' title="bbox 253 1943 1136 1988; baseline -0.001 -11"><span class='ocrx_word' id='word_1_278' title='bbox 253 1943 466 1977; x_wconf 86' lang='lat' dir='ltr'><em>contumacibus</em></span> <span class='ocrx_word' id='word_1_279' title='bbox 472 1943 580 1988; x_wconf 77' lang='lat' dir='ltr'><em>suasus</em></span> <span class='ocrx_word' id='word_1_280' title='bbox 594 1968 605 1985; x_wconf 86' lang='lat'><strong><em>,</em></strong></span> <span class='ocrx_word' id='word_1_281' title='bbox 631 1947 665 1979; x_wconf 63' lang='lat' dir='ltr'><em>(ts</em></span> <span class='ocrx_word' id='word_1_282' title='bbox 677 1944 854 1985; x_wconf 70' lang='lat' dir='ltr'><em>hisjuniius</em></span> <span class='ocrx_word' id='word_1_283' title='bbox 866 1969 877 1985; x_wconf 85' lang='lat'>,</span> <span class='ocrx_word' id='word_1_284' title='bbox 904 1946 1026 1986; x_wconf 74' lang='lat' dir='ltr'><em>repente</em></span> <span class='ocrx_word' id='word_1_285' title='bbox 1046 1946 1079 1978; x_wconf 64' lang='lat' dir='ltr'><em>(st</em></span> <span class='ocrx_word' id='word_1_286' title='bbox 1092 1955 1136 1976; x_wconf 83' lang='lat' dir='ltr'><em>re-</em></span> 
     </span>
     <span class='ocr_line' id='line_1_41' title="bbox 253 1992 1141 2037; baseline -0.002 -10"><span class='ocrx_word' id='word_1_287' title='bbox 253 1995 402 2027; x_wconf 85' lang='lat' dir='ltr'><em>conciliari</em></span> <span class='ocrx_word' id='word_1_288' title='bbox 413 1994 452 2027; x_wconf 90' lang='lat' dir='ltr'><em>ab</em></span> <span class='ocrx_word' id='word_1_289' title='bbox 464 2006 499 2028; x_wconf 85' lang='lat' dir='ltr'><em>ea</em></span> <span class='ocrx_word' id='word_1_290' title='bbox 512 2019 523 2035; x_wconf 90' lang='lat'>‚</span> <span class='ocrx_word' id='word_1_291' title='bbox 548 1996 682 2036; x_wconf 74' lang='lat' dir='ltr'><em>&amp;pallio</em></span> <span class='ocrx_word' id='word_1_292' title='bbox 693 1996 821 2028; x_wconf 83' lang='lat' dir='ltr'><em>decorari</em></span> <span class='ocrx_word' id='word_1_293' title='bbox 833 2005 967 2037; x_wconf 82' lang='lat' dir='ltr'><em>quaerens</em></span> <span class='ocrx_word' id='word_1_294' title='bbox 979 2017 989 2032; x_wconf 92' lang='lat'>,</span> <span class='ocrx_word' id='word_1_295' title='bbox 1014 1996 1047 2028; x_wconf 64' lang='grc' dir='ltr'><em>(τ</em></span> <span class='ocrx_word' id='word_1_296' title='bbox 1058 1992 1141 2037; x_wconf 83' lang='lat' dir='ltr'><em>quafi</em></span> 
     </span>
     <span class='ocr_line' id='line_1_42' title="bbox 255 2042 1134 2088; baseline 0 -12"><span class='ocrx_word' id='word_1_297' title='bbox 255 2042 418 2086; x_wconf 66' lang='lat' dir='ltr'><em>Episcopus</em></span> <span class='ocrx_word' id='word_1_298' title='bbox 431 2050 508 2079; x_wconf 86' lang='lat' dir='ltr'><em>inter</em></span> <span class='ocrx_word' id='word_1_299' title='bbox 518 2043 677 2087; x_wconf 79' lang='lat' dir='ltr'><em>Episcopos</em></span> <span class='ocrx_word' id='word_1_300' title='bbox 690 2070 700 2085; x_wconf 92' lang='lat'>,</span> <span class='ocrx_word' id='word_1_301' title='bbox 726 2046 807 2078; x_wconf 85' lang='lat' dir='ltr'><em>nulla</em></span> <span class='ocrx_word' id='word_1_302' title='bbox 818 2043 911 2088; x_wconf 80' lang='lat' dir='ltr'><em>causae</em></span> <span class='ocrx_word' id='word_1_303' title='bbox 919 2043 983 2087; x_wconf 81' lang='lat' dir='ltr'><em>suae</em></span> <span class='ocrx_word' id='word_1_304' title='bbox 994 2043 1134 2087; x_wconf 82' lang='lat' dir='ltr'><em>discuffio·</em></span> 
     </span>
     <span class='ocr_line' id='line_1_43' title="bbox 256 2092 1137 2136; baseline 0 -10"><span class='ocrx_word' id='word_1_305' title='bbox 256 2105 294 2126; x_wconf 76' lang='lat' dir='ltr'><em>ne</em></span> <span class='ocrx_word' id='word_1_306' title='bbox 301 2100 507 2135; x_wconf 82' lang='lat' dir='ltr'><em>praeveniente</em></span> <span class='ocrx_word' id='word_1_307' title='bbox 518 2116 528 2132; x_wconf 90' lang='lat'>‚</span> <span class='ocrx_word' id='word_1_308' title='bbox 553 2099 761 2127; x_wconf 86' lang='lat' dir='ltr'><em>communicare</em></span> <span class='ocrx_word' id='word_1_309' title='bbox 770 2092 892 2136; x_wconf 83' lang='lat' dir='ltr'><em>poscens</em></span> <span class='ocrx_word' id='word_1_310' title='bbox 904 2119 915 2133; x_wconf 92' lang='lat'><em>,</em></span> <span class='ocrx_word' id='word_1_311' title='bbox 953 2095 996 2125; x_wconf 89' lang='lat' dir='ltr'><em>ad</em></span> <span class='ocrx_word' id='word_1_312' title='bbox 1012 2095 1137 2127; x_wconf 88' lang='lat' dir='ltr'><em>eandem</em></span> 
     </span>
     <span class='ocr_line' id='line_1_44' title="bbox 253 2142 1136 2186; baseline 0 -10"><span class='ocrx_word' id='word_1_313' title='bbox 253 2142 401 2186; x_wconf 85' lang='lat' dir='ltr'><em>summam</em></span> <span class='ocrx_word' id='word_1_314' title='bbox 407 2142 508 2186; x_wconf 86' lang='lat' dir='ltr'><em>sedem</em></span> <span class='ocrx_word' id='word_1_315' title='bbox 518 2144 659 2186; x_wconf 84' lang='lat' dir='ltr'><em>accesserit</em></span> <span class='ocrx_word' id='word_1_316' title='bbox 670 2167 681 2183; x_wconf 88' lang='lat'>‚</span> <span class='ocrx_word' id='word_1_317' title='bbox 707 2146 728 2175; x_wconf 77' lang='lat' dir='ltr'><em>a</em></span> <span class='ocrx_word' id='word_1_318' title='bbox 740 2155 798 2186; x_wconf 89' lang='lat' dir='ltr'><em>qua</em></span> <span class='ocrx_word' id='word_1_319' title='bbox 804 2145 875 2185; x_wconf 88' lang='lat' dir='ltr'><em>jam</em></span> <span class='ocrx_word' id='word_1_320' title='bbox 886 2144 925 2176; x_wconf 91' lang='lat' dir='ltr'><em>ab</em></span> <span class='ocrx_word' id='word_1_321' title='bbox 949 2145 1017 2175; x_wconf 85' lang='lat' dir='ltr'><em>aliis</em></span> <span class='ocrx_word' id='word_1_322' title='bbox 1040 2152 1136 2185; x_wconf 85' lang='lat' dir='ltr'><em>repro-</em></span> 
     </span>
     <span class='ocr_line' id='line_1_45' title="bbox 257 2192 1138 2236; baseline 0.001 -11"><span class='ocrx_word' id='word_1_323' title='bbox 257 2193 344 2225; x_wconf 85' lang='lat' dir='ltr'><em>batus</em></span> <span class='ocrx_word' id='word_1_324' title='bbox 355 2196 459 2226; x_wconf 75' lang='lat' dir='ltr'><em>merito</em></span> <span class='ocrx_word' id='word_1_325' title='bbox 472 2193 571 2226; x_wconf 84' lang='lat' dir='ltr'><em>debuit</em></span> <span class='ocrx_word' id='word_1_326' title='bbox 583 2193 736 2235; x_wconf 86' lang='lat' dir='ltr'><em>reprobari</em></span> <span class='ocrx_word' id='word_1_327' title='bbox 753 2217 764 2233; x_wconf 90' lang='lat'><em>‚</em></span> <span class='ocrx_word' id='word_1_328' title='bbox 791 2195 880 2226; x_wconf 86' lang='lat' dir='ltr'><em>donec</em></span> <span class='ocrx_word' id='word_1_329' title='bbox 888 2192 1018 2236; x_wconf 72' lang='lat' dir='ltr'><em>fiipplex</em></span> <span class='ocrx_word' id='word_1_330' title='bbox 1042 2194 1080 2226; x_wconf 87' lang='lat' dir='ltr'><em>ab</em></span> <span class='ocrx_word' id='word_1_331' title='bbox 1103 2204 1138 2226; x_wconf 83' lang='lat' dir='ltr'><em>ea</em></span> 
     </span>
     <span class='ocr_line' id='line_1_46' title="bbox 256 2240 1135 2284; baseline 0.001 -9"><span class='ocrx_word' id='word_1_332' title='bbox 256 2240 318 2284; x_wconf 82' lang='lat' dir='ltr'><em>sese</em></span> <span class='ocrx_word' id='word_1_333' title='bbox 329 2243 461 2275; x_wconf 78' lang='lat' dir='ltr'><em>canonice</em></span> <span class='ocrx_word' id='word_1_334' title='bbox 467 2241 597 2284; x_wconf 83' lang='lat' dir='ltr'><em>posceret</em></span> <span class='ocrx_word' id='word_1_335' title='bbox 610 2244 756 2282; x_wconf 79' lang='lat' dir='ltr'><em>adjuvari</em></span> <span class='ocrx_word' id='word_1_336' title='bbox 767 2265 774 2274; x_wconf 91' lang='lat'>.</span> <span class='ocrx_word' id='word_1_337' title='bbox 803 2242 954 2276; x_wconf 89' lang='lat' dir='ltr'><em>Ebbonis</em></span> <span class='ocrx_word' id='word_1_338' title='bbox 972 2243 1066 2276; x_wconf 87' lang='lat' dir='ltr'><em>causa</em></span> <span class='ocrx_word' id='word_1_339' title='bbox 1090 2243 1135 2277; x_wconf 86' lang='lat' dir='ltr'><em>est</em></span> 
     </span>
     <span class='ocr_line' id='line_1_47' title="bbox 258 2290 1137 2336; baseline 0.001 -12"><span class='ocrx_word' id='word_1_340' title='bbox 258 2294 358 2336; x_wconf 88' lang='lat' dir='ltr'><em>longa</em></span> <span class='ocrx_word' id='word_1_341' title='bbox 369 2315 379 2331; x_wconf 88' lang='lat'>‚</span> <span class='ocrx_word' id='word_1_342' title='bbox 392 2302 495 2335; x_wconf 86' lang='lat' dir='ltr'><em>neque</em></span> <span class='ocrx_word' id='word_1_343' title='bbox 506 2290 561 2326; x_wconf 79' lang='lat' dir='ltr'><em>hic</em></span> <span class='ocrx_word' id='word_1_344' title='bbox 571 2291 775 2326; x_wconf 84' lang='lat' dir='ltr'><em>discutienda</em></span> <span class='ocrx_word' id='word_1_345' title='bbox 791 2317 797 2323; x_wconf 93' lang='lat'><strong><em>.</em></strong></span> <span class='ocrx_word' id='word_1_346' title='bbox 826 2293 933 2336; x_wconf 82' lang='lat' dir='ltr'><em>Ipsum</em></span> <span class='ocrx_word' id='word_1_347' title='bbox 946 2303 1015 2325; x_wconf 86' lang='lat' dir='ltr'><em>non</em></span> <span class='ocrx_word' id='word_1_348' title='bbox 1031 2292 1137 2336; x_wconf 85' lang='lat' dir='ltr'><em>appel-</em></span> 
     </span>
     <span class='ocr_line' id='line_1_48' title="bbox 259 2341 1136 2388; baseline 0.002 -14"><span class='ocrx_word' id='word_1_349' title='bbox 259 2342 383 2375; x_wconf 85' lang='lat' dir='ltr'><em>lantem</em></span> <span class='ocrx_word' id='word_1_350' title='bbox 395 2343 529 2384; x_wconf 85' lang='lat' dir='ltr'><em>reparari</em></span> <span class='ocrx_word' id='word_1_351' title='bbox 541 2342 559 2376; x_wconf 71' lang='lat' dir='ltr'><em>a</em></span> <span class='ocrx_word' id='word_1_352' title='bbox 572 2343 688 2388; x_wconf 81' lang='lat' dir='ltr'><em>Sergio</em></span> <span class='ocrx_word' id='word_1_353' title='bbox 712 2341 855 2376; x_wconf 91' lang='lat' dir='ltr'><em>secundo</em></span> <span class='ocrx_word' id='word_1_354' title='bbox 877 2354 946 2376; x_wconf 89' lang='lat' dir='ltr'><em>non</em></span> <span class='ocrx_word' id='word_1_355' title='bbox 970 2342 1110 2385; x_wconf 82' lang='lat' dir='ltr'><em>potuiffe</em></span> <span class='ocrx_word' id='word_1_356' title='bbox 1125 2367 1136 2382; x_wconf 94' lang='lat'>,</span> 
     </span>
     <span class='ocr_line' id='line_1_49' title="bbox 258 2390 1137 2436; baseline 0.001 -11"><span class='ocrx_word' id='word_1_357' title='bbox 258 2390 520 2434; x_wconf 85' lang='lat' dir='ltr'><em>&amp;appellantem</em></span> <span class='ocrx_word' id='word_1_358' title='bbox 536 2392 637 2426; x_wconf 89' lang='lat' dir='ltr'><em>etiam</em></span> <span class='ocrx_word' id='word_1_359' title='bbox 670 2404 740 2427; x_wconf 89' lang='lat' dir='ltr'><em>non</em></span> <span class='ocrx_word' id='word_1_360' title='bbox 761 2393 819 2426; x_wconf 86' lang='lat' dir='ltr'><em>nifi</em></span> <span class='ocrx_word' id='word_1_361' title='bbox 844 2393 965 2436; x_wconf 79' lang='lat' dir='ltr'><em>praevio</em></span> <span class='ocrx_word' id='word_1_362' title='bbox 986 2395 1137 2427; x_wconf 85' lang='lat' dir='ltr'><em>examine</em></span> 
     </span>
     <span class='ocr_line' id='line_1_50' title="bbox 259 2440 1139 2486; baseline 0.001 -11"><span class='ocrx_word' id='word_1_363' title='bbox 259 2442 399 2484; x_wconf 78' lang='lat' dir='ltr'><em>potuisse</em></span> <span class='ocrx_word' id='word_1_364' title='bbox 410 2440 560 2476; x_wconf 88' lang='lat' dir='ltr'><em>adfirmat</em></span> <span class='ocrx_word' id='word_1_365' title='bbox 582 2443 762 2483; x_wconf 87' lang='lat' dir='ltr'><em>Nicolaus,</em></span> <span class='ocrx_word' id='word_1_366' title='bbox 788 2442 879 2486; x_wconf 76' lang='lat' dir='ltr'><em>quod</em></span> <span class='ocrx_word' id='word_1_367' title='bbox 902 2442 1051 2477; x_wconf 87' lang='lat' dir='ltr'><em>laudatus</em></span> <span class='ocrx_word' id='word_1_368' title='bbox 1080 2443 1139 2477; x_wconf 85' lang='lat' dir='ltr'><em>Ni-</em></span> 
     </span>
     <span class='ocr_line' id='line_1_51' title="bbox 258 2491 1139 2537; baseline 0.001 -12"><span class='ocrx_word' id='word_1_369' title='bbox 258 2502 365 2525; x_wconf 84' lang='lat' dir='ltr'><em>caenus</em></span> <span class='ocrx_word' id='word_1_370' title='bbox 377 2491 495 2526; x_wconf 88' lang='lat' dir='ltr'><em>Canon</em></span> <span class='ocrx_word' id='word_1_371' title='bbox 509 2491 547 2526; x_wconf 86' lang='lat' dir='ltr'><em>fit</em></span> <span class='ocrx_word' id='word_1_372' title='bbox 569 2493 776 2533; x_wconf 87' lang='lat' dir='ltr'><em>universalis,</em></span> <span class='ocrx_word' id='word_1_373' title='bbox 803 2493 946 2537; x_wconf 88' lang='lat' dir='ltr'><em>ligetque</em></span> <span class='ocrx_word' id='word_1_374' title='bbox 967 2493 1067 2527; x_wconf 85' lang='lat' dir='ltr'><em>etiam</em></span> <span class='ocrx_word' id='word_1_375' title='bbox 1090 2494 1139 2527; x_wconf 89' lang='lat' dir='ltr'><em>Se-</em></span> 
     </span>
     <span class='ocr_line' id='line_1_52' title="bbox 259 2541 1140 2586; baseline 0.001 -11"><span class='ocrx_word' id='word_1_376' title='bbox 259 2541 336 2576; x_wconf 89' lang='lat' dir='ltr'><em>dem</em></span> <span class='ocrx_word' id='word_1_377' title='bbox 349 2541 593 2585; x_wconf 83' lang='lat' dir='ltr'><em>Apostolicam.</em></span> <span class='ocrx_word' id='word_1_378' title='bbox 615 2542 811 2576; x_wconf 89' lang='lat' dir='ltr'><em>Inferiorum</em></span> <span class='ocrx_word' id='word_1_379' title='bbox 824 2543 1059 2586; x_wconf 88' lang='lat' dir='ltr'><em>Episcoporum</em></span> <span class='ocrx_word' id='word_1_380' title='bbox 1074 2544 1140 2576; x_wconf 90' lang='lat' dir='ltr'><em>sen-</em></span> 
     </span>
     <span class='ocr_line' id='line_1_53' title="bbox 259 2591 1138 2635; baseline 0.002 -10"><span class='ocrx_word' id='word_1_381' title='bbox 259 2592 378 2625; x_wconf 88' lang='lat' dir='ltr'><em>tentias</em></span> <span class='ocrx_word' id='word_1_382' title='bbox 387 2613 398 2629; x_wconf 83' lang='lat'>‚</span> <span class='ocrx_word' id='word_1_383' title='bbox 427 2591 485 2625; x_wconf 86' lang='lat' dir='ltr'><em>nifi</em></span> <span class='ocrx_word' id='word_1_384' title='bbox 496 2592 648 2626; x_wconf 73' lang='lat' dir='ltr'><em>discursas</em></span> <span class='ocrx_word' id='word_1_385' title='bbox 661 2593 695 2627; x_wconf 90' lang='lat'>&amp;</span> <span class='ocrx_word' id='word_1_386' title='bbox 704 2601 844 2635; x_wconf 86' lang='lat' dir='ltr'><em>repertas</em></span> <span class='ocrx_word' id='word_1_387' title='bbox 857 2593 989 2627; x_wconf 85' lang='lat' dir='ltr'><em>vitiosas</em></span> <span class='ocrx_word' id='word_1_388' title='bbox 1003 2617 1014 2633; x_wconf 90' lang='lat'><strong>,</strong></span> <span class='ocrx_word' id='word_1_389' title='bbox 1040 2593 1138 2627; x_wconf 88' lang='lat' dir='ltr'><em>etiam</em></span> 
     </span>
     <span class='ocr_line' id='line_1_54' title="bbox 258 2640 1140 2684; baseline 0.001 -9"><span class='ocrx_word' id='word_1_390' title='bbox 258 2640 327 2675; x_wconf 82' lang='lat' dir='ltr'><em>haec</em></span> <span class='ocrx_word' id='word_1_391' title='bbox 340 2653 407 2675; x_wconf 90' lang='lat' dir='ltr'><em>non</em></span> <span class='ocrx_word' id='word_1_392' title='bbox 423 2641 525 2684; x_wconf 88' lang='lat' dir='ltr'><em>potest</em></span> <span class='ocrx_word' id='word_1_393' title='bbox 539 2643 662 2676; x_wconf 88' lang='lat' dir='ltr'><em>solvere</em></span> <span class='ocrx_word' id='word_1_394' title='bbox 674 2654 685 2675; x_wconf 89' lang='lat'><em>.·</em></span> <span class='ocrx_word' id='word_1_395' title='bbox 712 2642 801 2676; x_wconf 75' lang='lat' dir='ltr'><em>Bene</em></span> <span class='ocrx_word' id='word_1_396' title='bbox 813 2643 902 2676; x_wconf 89' lang='lat' dir='ltr'><em>enim</em></span> <span class='ocrx_word' id='word_1_397' title='bbox 921 2653 974 2684; x_wconf 83' lang='lat' dir='ltr'><em>per</em></span> <span class='ocrx_word' id='word_1_398' title='bbox 995 2643 1140 2684; x_wconf 84' lang='lat' dir='ltr'><em>quemvis</em></span> 
     </span>
     <span class='ocr_line' id='line_1_55' title="bbox 258 2690 1140 2736; baseline 0.003 -12"><span class='ocrx_word' id='word_1_399' title='bbox 258 2690 461 2735; x_wconf 85' lang='lat' dir='ltr'><em>Episcopum</em></span> <span class='ocrx_word' id='word_1_400' title='bbox 474 2692 575 2736; x_wconf 85' lang='lat' dir='ltr'><em>ligata</em></span> <span class='ocrx_word' id='word_1_401' title='bbox 586 2692 619 2725; x_wconf 92' lang='lat' dir='ltr'><em>in</em></span> <span class='ocrx_word' id='word_1_402' title='bbox 636 2692 725 2726; x_wconf 87' lang='lat' dir='ltr'><em>terris</em></span> <span class='ocrx_word' id='word_1_403' title='bbox 740 2693 813 2726; x_wconf 86' lang='lat' dir='ltr'><em>sunt</em></span> <span class='ocrx_word' id='word_1_404' title='bbox 825 2703 879 2735; x_wconf 88' lang='lat' dir='ltr'><em>per</em></span> <span class='ocrx_word' id='word_1_405' title='bbox 891 2691 1057 2726; x_wconf 82' lang='lat' dir='ltr'><em>Christum</em></span> <span class='ocrx_word' id='word_1_406' title='bbox 1073 2694 1140 2727; x_wconf 88' lang='lat' dir='ltr'><em>Do-</em></span> 
     </span>
     <span class='ocr_line' id='line_1_56' title="bbox 260 2741 1140 2787; baseline 0 -12"><span class='ocrx_word' id='word_1_407' title='bbox 260 2741 548 2786; x_wconf 82' lang='lat' dir='ltr'><em>minumligata&amp;</em></span> <span class='ocrx_word' id='word_1_408' title='bbox 570 2743 604 2776; x_wconf 89' lang='lat' dir='ltr'><em>in</em></span> <span class='ocrx_word' id='word_1_409' title='bbox 628 2743 741 2783; x_wconf 78' lang='lat' dir='ltr'><em>coelis,</em></span> <span class='ocrx_word' id='word_1_410' title='bbox 767 2742 908 2785; x_wconf 87' lang='lat' dir='ltr'><em>ideoque</em></span> <span class='ocrx_word' id='word_1_411' title='bbox 931 2754 984 2787; x_wconf 85' lang='lat' dir='ltr'><em>per</em></span> <span class='ocrx_word' id='word_1_412' title='bbox 1011 2742 1140 2776; x_wconf 89' lang='lat' dir='ltr'><em>nullum</em></span> 
     </span>
     <span class='ocr_line' id='line_1_57' title="bbox 260 2789 678 2835; baseline 0 -11"><span class='ocrx_word' id='word_1_413' title='bbox 260 2789 435 2826; x_wconf 89' lang='lat' dir='ltr'><em>hominem</em></span> <span class='ocrx_word' id='word_1_414' title='bbox 446 2792 564 2835; x_wconf 84' lang='lat' dir='ltr'><em>poffint</em></span> <span class='ocrx_word' id='word_1_415' title='bbox 575 2792 656 2826; x_wconf 84' lang='lat' dir='ltr'><em>solvi</em></span> <span class='ocrx_word' id='word_1_416' title='bbox 672 2818 678 2824; x_wconf 96' lang='lat'>.</span> 
     </span>
    </p>

    <p class='ocr_par' dir='ltr' id='par_1_8' title="bbox 313 2840 1140 2877">
     <span class='ocr_line' id='line_1_58' title="bbox 313 2840 1140 2877; baseline 0.002 -2"><span class='ocrx_word' id='word_1_417' title='bbox 313 2843 357 2875; x_wconf 91' lang='lat' dir='ltr'><em>Et</em></span> <span class='ocrx_word' id='word_1_418' title='bbox 368 2853 502 2876; x_wconf 87' lang='lat' dir='ltr'><em>omnem</em></span> <span class='ocrx_word' id='word_1_419' title='bbox 515 2840 598 2876; x_wconf 84' lang='lat' dir='ltr'><em>hanc</em></span> <span class='ocrx_word' id='word_1_420' title='bbox 610 2843 790 2877; x_wconf 67' lang='lat' dir='ltr'><em>doctrinam</em></span> <span class='ocrx_word' id='word_1_421' title='bbox 804 2844 909 2877; x_wconf 80' lang='lat' dir='ltr'><em>firmat</em></span> <span class='ocrx_word' id='word_1_422' title='bbox 932 2844 965 2876; x_wconf 91' lang='lat' dir='ltr'><em>in</em></span> <span class='ocrx_word' id='word_1_423' title='bbox 991 2843 1081 2877; x_wconf 88' lang='lat' dir='ltr'><em>libris</em></span> <span class='ocrx_word' id='word_1_424' title='bbox 1100 2843 1140 2877; x_wconf 89' lang='lat' dir='ltr'><em>de</em></span> 
     </span>
    </p>
   </div>
   <div class='ocr_carea' id='block_1_7' title="bbox 77 1002 204 1039">
    <p class='ocr_par' dir='ltr' id='par_1_9' title="bbox 77 1002 204 1039">
     <span class='ocr_line' id='line_1_59' title="bbox 77 1002 204 1039; baseline -0.008 -9"><span class='ocrx_word' id='word_1_425' title='bbox 77 1002 130 1039; x_wconf 79' lang='lat' dir='ltr'><em>Ep·</em></span> <span class='ocrx_word' id='word_1_426' title='bbox 152 1010 204 1039; x_wconf 77' lang='lat'><em>55.</em></span> 
     </span>
    </p>
   </div>
   <div class='ocr_carea' id='block_1_8' title="bbox 98 2941 1142 3436">
    <p class='ocr_par' dir='ltr' id='par_1_10' title="bbox 98 2941 1142 3436">
     <span class='ocr_line' id='line_1_60' title="bbox 262 2941 1139 2986; baseline 0.003 -13"><span class='ocrx_word' id='word_1_427' title='bbox 262 2941 356 2975; x_wconf 83' lang='lat' dir='ltr'><em>sanus</em></span> <span class='ocrx_word' id='word_1_428' title='bbox 371 2954 378 2973; x_wconf 77' lang='lat' dir='ltr'><em>t</em></span> <span class='ocrx_word' id='word_1_429' title='bbox 405 2945 435 2974; x_wconf 86' lang='lat' dir='ltr'><em>Si</em></span> <span class='ocrx_word' id='word_1_430' title='bbox 448 2944 521 2976; x_wconf 85' lang='lat' dir='ltr'><em>dicis</em></span> <span class='ocrx_word' id='word_1_431' title='bbox 537 2945 656 2985; x_wconf 88' lang='lat' dir='ltr'><em>Papam</em></span> <span class='ocrx_word' id='word_1_432' title='bbox 673 2941 810 2985; x_wconf 85' lang='lat' dir='ltr'><em>subditos</em></span> <span class='ocrx_word' id='word_1_433' title='bbox 825 2941 1033 2986; x_wconf 86' lang='lat' dir='ltr'><em>Episcoporum</em></span> <span class='ocrx_word' id='word_1_434' title='bbox 1049 2942 1139 2986; x_wconf 86' lang='lat' dir='ltr'><em>absol-</em></span> 
     </span>
     <span class='ocr_line' id='line_1_61' title="bbox 98 2986 1139 3037; baseline 0.003 -16"><span class='ocrx_word' id='word_1_435' title='bbox 98 2986 158 3020; x_wconf 69' lang='lat' dir='ltr'><em>Ijb·</em></span> <span class='ocrx_word' id='word_1_436' title='bbox 176 2999 202 3017; x_wconf 79' lang='lat'><em>2·</em></span> <span class='ocrx_word' id='word_1_437' title='bbox 220 2996 246 3017; x_wconf 85' lang='lat' dir='ltr'><em>C·</em></span> <span class='ocrx_word' id='word_1_438' title='bbox 261 2992 476 3034; x_wconf 70' lang='lat' dir='ltr'><em>vere&amp;ligare</em></span> <span class='ocrx_word' id='word_1_439' title='bbox 487 3016 498 3031; x_wconf 93' lang='lat'><strong>,</strong></span> <span class='ocrx_word' id='word_1_440' title='bbox 525 2994 587 3026; x_wconf 80' lang='lat' dir='ltr'><em>dico</em></span> <span class='ocrx_word' id='word_1_441' title='bbox 601 2995 680 3026; x_wconf 85' lang='lat' dir='ltr'><em>idem</em></span> <span class='ocrx_word' id='word_1_442' title='bbox 694 3000 725 3025; x_wconf 89' lang='lat' dir='ltr'><em>in</em></span> <span class='ocrx_word' id='word_1_443' title='bbox 742 2995 831 3034; x_wconf 86' lang='lat' dir='ltr'><em>aliis,</em></span> <span class='ocrx_word' id='word_1_444' title='bbox 859 2995 979 3036; x_wconf 84' lang='lat' dir='ltr'><em>quando</em></span> <span class='ocrx_word' id='word_1_445' title='bbox 989 2992 1139 3037; x_wconf 85' lang='lat' dir='ltr'><em>consensus</em></span> 
     </span>
     <span class='ocr_line' id='line_1_62' title="bbox 102 3037 1140 3083; baseline 0.003 -11"><span class='ocrx_word' id='word_1_446' title='bbox 102 3037 146 3064; x_wconf 83' lang='lat'><em>¹3·</em></span> <span class='ocrx_word' id='word_1_447' title='bbox 259 3046 446 3082; x_wconf 81' lang='lat' dir='ltr'><em>propriorum</em></span> <span class='ocrx_word' id='word_1_448' title='bbox 468 3048 631 3076; x_wconf 83' lang='lat' dir='ltr'><em>intervenit</em></span> <span class='ocrx_word' id='word_1_449' title='bbox 658 3068 664 3075; x_wconf 88' lang='lat'><strong><em>.</em></strong></span> <span class='ocrx_word' id='word_1_450' title='bbox 693 3044 782 3076; x_wconf 65' lang='lat' dir='ltr'><em>Alius</em></span> <span class='ocrx_word' id='word_1_451' title='bbox 804 3051 886 3077; x_wconf 83' lang='lat' dir='ltr'><em>enim</em></span> <span class='ocrx_word' id='word_1_452' title='bbox 907 3044 998 3076; x_wconf 82' lang='lat' dir='ltr'><em>aliter</em></span> <span class='ocrx_word' id='word_1_453' title='bbox 1017 3045 1115 3077; x_wconf 87' lang='lat' dir='ltr'><em>nullus</em></span> <span class='ocrx_word' id='word_1_454' title='bbox 1130 3068 1140 3083; x_wconf 91' lang='lat'><em>,</em></span> 
     </span>
     <span class='ocr_line' id='line_1_63' title="bbox 258 3089 1137 3136; baseline 0.002 -12"><span class='ocrx_word' id='word_1_455' title='bbox 258 3099 315 3132; x_wconf 86' lang='lat' dir='ltr'><em>per</em></span> <span class='ocrx_word' id='word_1_456' title='bbox 335 3089 501 3133; x_wconf 89' lang='lat' dir='ltr'><em>consensum</em></span> <span class='ocrx_word' id='word_1_457' title='bbox 522 3102 575 3124; x_wconf 83' lang='lat' dir='ltr'><em>aut</em></span> <span class='ocrx_word' id='word_1_458' title='bbox 595 3093 819 3134; x_wconf 82' lang='lat' dir='ltr'><em>ratificationem</em></span> <span class='ocrx_word' id='word_1_459' title='bbox 841 3099 956 3136; x_wconf 84' lang='lat' dir='ltr'><em>proprii</em></span> <span class='ocrx_word' id='word_1_460' title='bbox 976 3095 1137 3127; x_wconf 80' lang='lat' dir='ltr'><em>Sacerdotis</em></span> 
     </span>
     <span class='ocr_line' id='line_1_64' title="bbox 264 3139 1142 3187; baseline 0.006 -15"><span class='ocrx_word' id='word_1_461' title='bbox 264 3149 298 3173; x_wconf 76' lang='lat' dir='ltr'><em>in</em></span> <span class='ocrx_word' id='word_1_462' title='bbox 308 3139 363 3173; x_wconf 87' lang='lat' dir='ltr'><em>hac</em></span> <span class='ocrx_word' id='word_1_463' title='bbox 375 3146 501 3173; x_wconf 81' lang='lat' dir='ltr'><em>materia</em></span> <span class='ocrx_word' id='word_1_464' title='bbox 512 3143 633 3175; x_wconf 78' lang='lat' dir='ltr'><em>validus</em></span> <span class='ocrx_word' id='word_1_465' title='bbox 646 3144 766 3184; x_wconf 83' lang='lat' dir='ltr'><em>efficitur</em></span> <span class='ocrx_word' id='word_1_466' title='bbox 781 3168 788 3176; x_wconf 90' lang='lat'><strong>.</strong></span> <span class='ocrx_word' id='word_1_467' title='bbox 819 3148 895 3176; x_wconf 87' lang='lat' dir='ltr'><em>Cum</em></span> <span class='ocrx_word' id='word_1_468' title='bbox 914 3155 978 3187; x_wconf 82' lang='lat' dir='ltr'><em>ergo</em></span> <span class='ocrx_word' id='word_1_469' title='bbox 992 3142 1044 3185; x_wconf 89' lang='lat' dir='ltr'><em>usu</em></span> <span class='ocrx_word' id='word_1_470' title='bbox 1066 3155 1142 3177; x_wconf 85' lang='lat' dir='ltr'><em>com.</em></span> 
     </span>
     <span class='ocr_line' id='line_1_65' title="bbox 262 3189 1140 3236; baseline 0.005 -14"><span class='ocrx_word' id='word_1_471' title='bbox 262 3189 391 3231; x_wconf 74' lang='lat' dir='ltr'><em>munisti</em></span> <span class='ocrx_word' id='word_1_472' title='bbox 403 3189 455 3223; x_wconf 83' lang='lat' dir='ltr'><em>boc</em></span> <span class='ocrx_word' id='word_1_473' title='bbox 469 3193 668 3225; x_wconf 69' lang='lat' dir='ltr'><em>introduc‘ium</em></span> <span class='ocrx_word' id='word_1_474' title='bbox 682 3218 692 3232; x_wconf 91' lang='lat'>‚</span> <span class='ocrx_word' id='word_1_475' title='bbox 718 3195 799 3226; x_wconf 75' lang='lat' dir='ltr'><em>&amp;ex</em></span> <span class='ocrx_word' id='word_1_476' title='bbox 821 3193 873 3236; x_wconf 87' lang='lat' dir='ltr'><em>usu</em></span> <span class='ocrx_word' id='word_1_477' title='bbox 894 3192 1044 3236; x_wconf 84' lang='lat' dir='ltr'><em>consensus</em></span> <span class='ocrx_word' id='word_1_478' title='bbox 1067 3195 1140 3227; x_wconf 86' lang='lat' dir='ltr'><em>elici-</em></span> 
     </span>
     <span class='ocr_line' id='line_1_66' title="bbox 265 3241 1140 3287; baseline 0.006 -15"><span class='ocrx_word' id='word_1_479' title='bbox 265 3249 315 3273; x_wconf 82' lang='lat' dir='ltr'><em>tur</em></span> <span class='ocrx_word' id='word_1_480' title='bbox 328 3265 339 3281; x_wconf 91' lang='lat'>‚</span> <span class='ocrx_word' id='word_1_481' title='bbox 361 3248 448 3282; x_wconf 85' lang='lat' dir='ltr'><em>patet</em></span> <span class='ocrx_word' id='word_1_482' title='bbox 459 3242 539 3283; x_wconf 72' lang='lat' dir='ltr'><em>quod</em></span> <span class='ocrx_word' id='word_1_483' title='bbox 547 3243 680 3282; x_wconf 80' lang='lat' dir='ltr'><em>efficaciae</em></span> <span class='ocrx_word' id='word_1_484' title='bbox 691 3241 782 3282; x_wconf 78' lang='lat' dir='ltr'><em>buius</em></span> <span class='ocrx_word' id='word_1_485' title='bbox 793 3250 923 3287; x_wconf 85' lang='lat' dir='ltr'><em>vigorem</em></span> <span class='ocrx_word' id='word_1_486' title='bbox 944 3256 981 3276; x_wconf 80' lang='lat' dir='ltr'><em>ex</em></span> <span class='ocrx_word' id='word_1_487' title='bbox 1004 3242 1140 3286; x_wconf 84' lang='lat' dir='ltr'><em>consensu</em></span> 
     </span>
     <span class='ocr_line' id='line_1_67' title="bbox 265 3292 1141 3334; baseline 0.002 -10"><span class='ocrx_word' id='word_1_488' title='bbox 265 3295 385 3331; x_wconf 82' lang='lat' dir='ltr'><em>recipit.</em></span> <span class='ocrx_word' id='word_1_489' title='bbox 413 3292 569 3323; x_wconf 68' lang='lat' dir='ltr'><em>Undecum</em></span> <span class='ocrx_word' id='word_1_490' title='bbox 595 3294 693 3325; x_wconf 85' lang='lat' dir='ltr'><em>nullus</em></span> <span class='ocrx_word' id='word_1_491' title='bbox 718 3303 848 3326; x_wconf 85' lang='lat' dir='ltr'><em>teneatur</em></span> <span class='ocrx_word' id='word_1_492' title='bbox 872 3294 988 3327; x_wconf 79' lang='lat' dir='ltr'><em>obedire</em></span> <span class='ocrx_word' id='word_1_493' title='bbox 1003 3318 1012 3332; x_wconf 88' lang='lat'><strong><em>,</em></strong></span> <span class='ocrx_word' id='word_1_494' title='bbox 1039 3294 1092 3334; x_wconf 80' lang='lat' dir='ltr'><em>nisi</em></span> <span class='ocrx_word' id='word_1_495' title='bbox 1108 3301 1141 3326; x_wconf 90' lang='lat' dir='ltr'><em>in</em></span> 
     </span>
     <span class='ocr_line' id='line_1_68' title="bbox 267 3341 1141 3385; baseline 0.003 -11"><span class='ocrx_word' id='word_1_496' title='bbox 267 3341 389 3381; x_wconf 84' lang='lat' dir='ltr'><em>conceffis</em></span> <span class='ocrx_word' id='word_1_497' title='bbox 403 3342 422 3372; x_wconf 82' lang='grc' dir='ltr'><em>ᾶ</em></span> <span class='ocrx_word' id='word_1_498' title='bbox 434 3345 555 3374; x_wconf 87' lang='lat' dir='ltr'><em>Canone</em></span> <span class='ocrx_word' id='word_1_499' title='bbox 567 3366 576 3381; x_wconf 89' lang='lat'>‚</span> <span class='ocrx_word' id='word_1_500' title='bbox 603 3343 637 3375; x_wconf 67' lang='lat'><em>(5</em></span> <span class='ocrx_word' id='word_1_501' title='bbox 649 3343 715 3374; x_wconf 74' lang='lat' dir='ltr'><em>cum</em></span> <span class='ocrx_word' id='word_1_502' title='bbox 728 3354 785 3375; x_wconf 87' lang='lat' dir='ltr'><em>non</em></span> <span class='ocrx_word' id='word_1_503' title='bbox 796 3352 963 3385; x_wconf 81' lang='lat' dir='ltr'><em>reperiatur</em></span> <span class='ocrx_word' id='word_1_504' title='bbox 975 3348 1077 3376; x_wconf 82' lang='lat' dir='ltr'><em>Canon</em></span> <span class='ocrx_word' id='word_1_505' title='bbox 1089 3345 1141 3377; x_wconf 89' lang='lat' dir='ltr'><em>ali-</em></span> 
     </span>
     <span class='ocr_line' id='line_1_69' title="bbox 267 3391 1140 3436; baseline 0.007 -14"><span class='ocrx_word' id='word_1_506' title='bbox 267 3392 348 3430; x_wconf 83' lang='lat' dir='ltr'><em>cujus</em></span> <span class='ocrx_word' id='word_1_507' title='bbox 359 3391 484 3424; x_wconf 86' lang='lat' dir='ltr'><em>Concilii</em></span> <span class='ocrx_word' id='word_1_508' title='bbox 498 3416 508 3430; x_wconf 85' lang='lat'>‚</span> <span class='ocrx_word' id='word_1_509' title='bbox 538 3394 657 3432; x_wconf 84' lang='lat' dir='ltr'><em>Papam</em></span> <span class='ocrx_word' id='word_1_510' title='bbox 684 3392 733 3425; x_wconf 87' lang='lat' dir='ltr'><em>hoc</em></span> <span class='ocrx_word' id='word_1_511' title='bbox 747 3394 822 3436; x_wconf 85' lang='lat' dir='ltr'><em>posse</em></span> <span class='ocrx_word' id='word_1_512' title='bbox 845 3395 1042 3436; x_wconf 82' lang='lat' dir='ltr'><em>appellatione</em></span> <span class='ocrx_word' id='word_1_513' title='bbox 1061 3394 1140 3428; x_wconf 83' lang='lat' dir='ltr'><em>nulla</em></span> 
     </span>
    </p>
   </div>
   <div class='ocr_carea' id='block_1_9' title="bbox 261 2890 1159 3484">
    <p class='ocr_par' dir='ltr' id='par_1_11' title="bbox 261 2890 1159 3484">
     <span class='ocr_line' id='line_1_70' title="bbox 261 2890 1140 2927; baseline 0.001 -2"><span class='ocrx_word' id='word_1_514' title='bbox 261 2890 438 2926; x_wconf 88' lang='lat' dir='ltr'><em>Catholica</em></span> <span class='ocrx_word' id='word_1_515' title='bbox 458 2894 694 2926; x_wconf 79' lang='lat' dir='ltr'><em>concordantia</em></span> <span class='ocrx_word' id='word_1_516' title='bbox 708 2894 869 2927; x_wconf 65' lang='lat' dir='ltr'><em>Nic-olaus</em></span> <span class='ocrx_word' id='word_1_517' title='bbox 880 2894 1063 2927; x_wconf 87' lang='lat' dir='ltr'><em>Cardinalis</em></span> <span class='ocrx_word' id='word_1_518' title='bbox 1075 2893 1140 2926; x_wconf 90' lang='lat' dir='ltr'><em>Cu-</em></span> 
     </span>
     <span class='ocr_line' id='line_1_71' title="bbox 366 2910 1159 3484; baseline 0.006 -11"><span class='ocrx_word' id='word_1_519' title='bbox 366 3440 475 3482; x_wconf 81' lang='lat' dir='ltr'><em>christ.</em></span> <span class='ocrx_word' id='word_1_520' title='bbox 486 3445 563 3484; x_wconf 86' lang='lat' dir='ltr'><em>Lupi</em></span> <span class='ocrx_word' id='word_1_521' title='bbox 575 3446 671 3483; x_wconf 82' lang='lat' dir='ltr'><em>Opera</em></span> <span class='ocrx_word' id='word_1_522' title='bbox 682 3445 747 3475; x_wconf 85' lang='lat' dir='ltr'><em>T.V</em></span> <span class='ocrx_word' id='word_1_523' title='bbox 746 3447 768 3475; x_wconf 93' lang='lat'><em>1.</em></span> <span class='ocrx_word' id='word_1_524' title='bbox 1144 2910 1159 3467; x_wconf 67' lang='lat' dir='ltr'><em>l</em></span> 
     </span>
    </p>
   </div>
   <div class='ocr_carea' id='block_1_10' title="bbox 1903 129 1994 172">
    <p class='ocr_par' dir='ltr' id='par_1_12' title="bbox 1903 129 1994 172">
     <span class='ocr_line' id='line_1_72' title="bbox 1903 129 1994 172; baseline 0.011 -13"><span class='ocrx_word' id='word_1_525' title='bbox 1903 129 1994 172; x_wconf 85' lang='lat'><em>113</em></span> 
     </span>
    </p>
   </div>
   <div class='ocr_carea' id='block_1_11' title="bbox 1181 190 2167 3392">
    <p class='ocr_par' dir='ltr' id='par_1_13' title="bbox 1181 190 2167 3392">
     <span class='ocr_line' id='line_1_73' title="bbox 1182 190 2063 241; baseline 0.008 -16"><span class='ocrx_word' id='word_1_526' title='bbox 1182 190 1374 233; x_wconf 80' lang='lat' dir='ltr'><em>interposita,</em></span> <span class='ocrx_word' id='word_1_527' title='bbox 1400 197 1510 233; x_wconf 86' lang='lat' dir='ltr'><em>oportet</em></span> <span class='ocrx_word' id='word_1_528' title='bbox 1531 193 1576 223; x_wconf 86' lang='lat' dir='ltr'><em>ad</em></span> <span class='ocrx_word' id='word_1_529' title='bbox 1597 191 1830 236; x_wconf 76' lang='lat' dir='ltr'><em>consuetudinem</em></span> <span class='ocrx_word' id='word_1_530' title='bbox 1851 220 1863 238; x_wconf 91' lang='lat'>,</span> <span class='ocrx_word' id='word_1_531' title='bbox 1898 196 2002 241; x_wconf 64' lang='lat' dir='ltr'><em>uficm,</em></span> <span class='ocrx_word' id='word_1_532' title='bbox 2027 199 2063 232; x_wconf 63' lang='grc' dir='ltr'><em>(δ’</em></span> 
     </span>
     <span class='ocr_line' id='line_1_74' title="bbox 1186 239 2063 285; baseline 0.001 -10"><span class='ocrx_word' id='word_1_533' title='bbox 1186 239 1350 284; x_wconf 79' lang='lat' dir='ltr'><em>consensum</em></span> <span class='ocrx_word' id='word_1_534' title='bbox 1371 243 1450 274; x_wconf 79' lang='lat' dir='ltr'><em>illud</em></span> <span class='ocrx_word' id='word_1_535' title='bbox 1458 239 1623 283; x_wconf 76' lang='lat' dir='ltr'><em>refhlvere.</em></span> <span class='ocrx_word' id='word_1_536' title='bbox 1655 245 1742 285; x_wconf 83' lang='lat' dir='ltr'><em>Papa</em></span> <span class='ocrx_word' id='word_1_537' title='bbox 1764 251 1842 279; x_wconf 82' lang='lat' dir='ltr'><em>enim</em></span> <span class='ocrx_word' id='word_1_538' title='bbox 1855 258 1913 281; x_wconf 85' lang='lat' dir='ltr'><em>non</em></span> <span class='ocrx_word' id='word_1_539' title='bbox 1923 247 2014 281; x_wconf 75' lang='lat' dir='ltr'><em>habet</em></span> <span class='ocrx_word' id='word_1_540' title='bbox 2024 259 2063 280; x_wconf 66' lang='lat' dir='ltr'><em>ex</em></span> 
     </span>
     <span class='ocr_line' id='line_1_75' title="bbox 1188 292 2065 341; baseline 0.001 -18"><span class='ocrx_word' id='word_1_541' title='bbox 1188 296 1309 323; x_wconf 86' lang='lat' dir='ltr'><em>Canone</em></span> <span class='ocrx_word' id='word_1_542' title='bbox 1332 294 1413 333; x_wconf 86' lang='lat' dir='ltr'><em>quod</em></span> <span class='ocrx_word' id='word_1_543' title='bbox 1428 292 1537 325; x_wconf 81' lang='lat' dir='ltr'><em>laedere</em></span> <span class='ocrx_word' id='word_1_544' title='bbox 1556 293 1639 333; x_wconf 85' lang='lat' dir='ltr'><em>poffit</em></span> <span class='ocrx_word' id='word_1_545' title='bbox 1653 293 1887 335; x_wconf 68' lang='lat' dir='ltr'><em>jurisdidlionem</em></span> <span class='ocrx_word' id='word_1_546' title='bbox 1908 297 2065 341; x_wconf 72' lang='lat' dir='ltr'><em>Epist-opo.</em></span> 
     </span>
     <span class='ocr_line' id='line_1_76' title="bbox 1187 342 2063 392; baseline 0.008 -18"><span class='ocrx_word' id='word_1_547' title='bbox 1187 353 1273 374; x_wconf 87' lang='lat' dir='ltr'><em>rum.</em></span> <span class='ocrx_word' id='word_1_548' title='bbox 1301 344 1384 385; x_wconf 74' lang='lat' dir='ltr'><em>‚Quia</em></span> <span class='ocrx_word' id='word_1_549' title='bbox 1394 342 1457 384; x_wconf 81' lang='lat' dir='ltr'><em>esset</em></span> <span class='ocrx_word' id='word_1_550' title='bbox 1470 344 1601 375; x_wconf 85' lang='lat' dir='ltr'><em>ordinem</em></span> <span class='ocrx_word' id='word_1_551' title='bbox 1612 342 1750 375; x_wconf 76' lang='lat' dir='ltr'><em>turbare.</em></span> <span class='ocrx_word' id='word_1_552' title='bbox 1778 348 1871 387; x_wconf 83' lang='lat' dir='ltr'><em>Igitur</em></span> <span class='ocrx_word' id='word_1_553' title='bbox 1891 358 1947 379; x_wconf 88' lang='lat' dir='ltr'><em>non</em></span> <span class='ocrx_word' id='word_1_554' title='bbox 1957 350 2063 392; x_wconf 84' lang='lat' dir='ltr'><em>legitur</em></span> 
     </span>
     <span class='ocr_line' id='line_1_77' title="bbox 1188 391 2063 439; baseline 0.002 -14"><span class='ocrx_word' id='word_1_555' title='bbox 1188 397 1323 434; x_wconf 77' lang='lat' dir='ltr'><em>antiquos</em></span> <span class='ocrx_word' id='word_1_556' title='bbox 1334 395 1480 426; x_wconf 88' lang='lat' dir='ltr'><em>Romanos</em></span> <span class='ocrx_word' id='word_1_557' title='bbox 1495 392 1651 434; x_wconf 82' lang='lat' dir='ltr'><em>Pontifices</em></span> <span class='ocrx_word' id='word_1_558' title='bbox 1658 391 1691 435; x_wconf 73' lang='lat' dir='ltr'><em>se</em></span> <span class='ocrx_word' id='word_1_559' title='bbox 1703 394 1739 425; x_wconf 89' lang='lat' dir='ltr'><em>de</em></span> <span class='ocrx_word' id='word_1_560' title='bbox 1751 391 1799 424; x_wconf 85' lang='lat' dir='ltr'><em>bis</em></span> <span class='ocrx_word' id='word_1_561' title='bbox 1813 397 1988 439; x_wconf 76' lang='lat' dir='ltr'><em>intromififfe</em></span> <span class='ocrx_word' id='word_1_562' title='bbox 1997 422 2008 438; x_wconf 89' lang='lat'>‚</span> <span class='ocrx_word' id='word_1_563' title='bbox 2030 399 2063 431; x_wconf 62' lang='grc' dir='ltr'><em>ω</em></span> 
     </span>
     <span class='ocr_line' id='line_1_78' title="bbox 1187 441 2064 487; baseline 0.001 -12"><span class='ocrx_word' id='word_1_564' title='bbox 1187 443 1264 475; x_wconf 87' lang='lat' dir='ltr'><em>talia</em></span> <span class='ocrx_word' id='word_1_565' title='bbox 1286 441 1527 484; x_wconf 65' lang='lat' dir='ltr'><em>Confi’ffionalia,</em></span> <span class='ocrx_word' id='word_1_566' title='bbox 1554 444 1588 476; x_wconf 63' lang='grc' dir='ltr'><em>ὢ·</em></span> <span class='ocrx_word' id='word_1_567' title='bbox 1610 444 1672 475; x_wconf 87' lang='lat' dir='ltr'><em>alia</em></span> <span class='ocrx_word' id='word_1_568' title='bbox 1687 441 1797 484; x_wconf 85' lang='lat' dir='ltr'><em>fimilia</em></span> <span class='ocrx_word' id='word_1_569' title='bbox 1829 447 1970 487; x_wconf 84' lang='lat' dir='ltr'><em>concefflffe</em></span> <span class='ocrx_word' id='word_1_570' title='bbox 1983 473 1990 479; x_wconf 84' lang='lat'><strong>.</strong></span> <span class='ocrx_word' id='word_1_571' title='bbox 2018 450 2064 479; x_wconf 74' lang='lat' dir='ltr'><em>Et</em></span> 
     </span>
     <span class='ocr_line' id='line_1_79' title="bbox 1181 492 2066 535; baseline 0.003 -10"><span class='ocrx_word' id='word_1_572' title='bbox 1181 492 1264 533; x_wconf 78' lang='lat' dir='ltr'><em>forte</em></span> <span class='ocrx_word' id='word_1_573' title='bbox 1275 503 1332 525; x_wconf 88' lang='lat' dir='ltr'><em>non</em></span> <span class='ocrx_word' id='word_1_574' title='bbox 1335 492 1630 535; x_wconf 69' lang='lat' dir='ltr'><em>fuiffitpermiffum.</em></span> <span class='ocrx_word' id='word_1_575' title='bbox 1660 493 1747 526; x_wconf 73' lang='lat' dir='ltr'><em>Infra</em></span> <span class='ocrx_word' id='word_1_576' title='bbox 1765 503 1874 527; x_wconf 85' lang='lat' dir='ltr'><em>tamen</em></span> <span class='ocrx_word' id='word_1_577' title='bbox 1893 493 1984 528; x_wconf 82' lang='lat' dir='ltr'><em>addit</em></span> <span class='ocrx_word' id='word_1_578' title='bbox 2007 496 2066 528; x_wconf 88' lang='lat' dir='ltr'><em>Pa-</em></span> 
     </span>
     <span class='ocr_line' id='line_1_80' title="bbox 1191 542 2068 587; baseline 0.001 -11"><span class='ocrx_word' id='word_1_579' title='bbox 1191 554 1263 585; x_wconf 83' lang='lat' dir='ltr'><em>pam</em></span> <span class='ocrx_word' id='word_1_580' title='bbox 1274 554 1349 576; x_wconf 90' lang='lat' dir='ltr'><em>cum</em></span> <span class='ocrx_word' id='word_1_581' title='bbox 1363 543 1414 575; x_wconf 84' lang='lat' dir='ltr'><em>sua</em></span> <span class='ocrx_word' id='word_1_582' title='bbox 1425 542 1653 578; x_wconf 82' lang='lat' dir='ltr'><em>Cardinalium</em></span> <span class='ocrx_word' id='word_1_583' title='bbox 1666 542 1805 585; x_wconf 85' lang='lat' dir='ltr'><em>Synodo</em></span> <span class='ocrx_word' id='word_1_584' title='bbox 1819 545 1906 587; x_wconf 75' lang='lat' dir='ltr'><em>posse</em></span> <span class='ocrx_word' id='word_1_585' title='bbox 1919 542 1986 577; x_wconf 85' lang='lat' dir='ltr'><em>haec</em></span> <span class='ocrx_word' id='word_1_586' title='bbox 1999 555 2068 577; x_wconf 90' lang='lat' dir='ltr'><em>om-</em></span> 
     </span>
     <span class='ocr_line' id='line_1_81' title="bbox 1191 593 2069 639; baseline 0.003 -15"><span class='ocrx_word' id='word_1_587' title='bbox 1191 593 1263 626; x_wconf 87' lang='lat' dir='ltr'><em>nia:</em></span> <span class='ocrx_word' id='word_1_588' title='bbox 1291 593 1394 639; x_wconf 83' lang='lat' dir='ltr'><em>Qod</em></span> <span class='ocrx_word' id='word_1_589' title='bbox 1407 593 1590 636; x_wconf 74' lang='lat' dir='ltr'><em>nempeilla</em></span> <span class='ocrx_word' id='word_1_590' title='bbox 1602 593 1666 635; x_wconf 92' lang='lat' dir='ltr'><em>jam</em></span> <span class='ocrx_word' id='word_1_591' title='bbox 1690 593 1887 637; x_wconf 82' lang='lat' dir='ltr'><em>repraesentet</em></span> <span class='ocrx_word' id='word_1_592' title='bbox 1910 595 2069 627; x_wconf 79' lang='lat' dir='ltr'><em>universa-</em></span> 
     </span>
     <span class='ocr_line' id='line_1_82' title="bbox 1192 642 2073 686; baseline 0.003 -11"><span class='ocrx_word' id='word_1_593' title='bbox 1192 642 1254 676; x_wconf 88' lang='lat' dir='ltr'><em>lem</em></span> <span class='ocrx_word' id='word_1_594' title='bbox 1283 642 1481 683; x_wconf 79' lang='lat' dir='ltr'><em>Ecclesiam,</em></span> <span class='ocrx_word' id='word_1_595' title='bbox 1509 651 1564 676; x_wconf 88' lang='lat' dir='ltr'><em>aut</em></span> <span class='ocrx_word' id='word_1_596' title='bbox 1586 643 1673 676; x_wconf 75' lang='lat' dir='ltr'><em>certe</em></span> <span class='ocrx_word' id='word_1_597' title='bbox 1694 643 1763 686; x_wconf 86' lang='lat' dir='ltr'><em>ejus</em></span> <span class='ocrx_word' id='word_1_598' title='bbox 1782 643 1974 686; x_wconf 88' lang='lat' dir='ltr'><em>Synodum.</em></span> <span class='ocrx_word' id='word_1_599' title='bbox 2004 643 2073 678; x_wconf 82' lang='lat' dir='ltr'><em>Ve-</em></span> 
     </span>
     <span class='ocr_line' id='line_1_83' title="bbox 1191 691 2069 734; baseline 0.002 -9"><span class='ocrx_word' id='word_1_600' title='bbox 1191 691 1261 726; x_wconf 74' lang='lat' dir='ltr'><em>rum</em></span> <span class='ocrx_word' id='word_1_601' title='bbox 1274 693 1307 726; x_wconf 90' lang='lat'>&amp;</span> <span class='ocrx_word' id='word_1_602' title='bbox 1319 691 1382 726; x_wconf 88' lang='lat' dir='ltr'><em>hoc</em></span> <span class='ocrx_word' id='word_1_603' title='bbox 1399 694 1535 726; x_wconf 87' lang='lat' dir='ltr'><em>affirmat</em></span> <span class='ocrx_word' id='word_1_604' title='bbox 1548 703 1614 726; x_wconf 91' lang='lat' dir='ltr'><em>non</em></span> <span class='ocrx_word' id='word_1_605' title='bbox 1626 693 1687 726; x_wconf 78' lang='lat' dir='ltr'><em>effe</em></span> <span class='ocrx_word' id='word_1_606' title='bbox 1699 704 1740 726; x_wconf 87' lang='lat' dir='ltr'><em>ex</em></span> <span class='ocrx_word' id='word_1_607' title='bbox 1764 693 1903 729; x_wconf 90' lang='lat' dir='ltr'><em>Canone</em></span> <span class='ocrx_word' id='word_1_608' title='bbox 1916 718 1927 734; x_wconf 91' lang='lat'>‚</span> <span class='ocrx_word' id='word_1_609' title='bbox 1956 693 2007 727; x_wconf 89' lang='lat' dir='ltr'><em>sed</em></span> <span class='ocrx_word' id='word_1_610' title='bbox 2028 705 2069 727; x_wconf 81' lang='lat' dir='ltr'><em>ex</em></span> 
     </span>
     <span class='ocr_line' id='line_1_84' title="bbox 1192 742 2070 784; baseline 0.002 -8"><span class='ocrx_word' id='word_1_611' title='bbox 1192 743 1429 776; x_wconf 84' lang='lat' dir='ltr'><em>consuetudine</em></span> <span class='ocrx_word' id='word_1_612' title='bbox 1438 768 1449 784; x_wconf 85' lang='lat'>‚</span> <span class='ocrx_word' id='word_1_613' title='bbox 1477 744 1535 776; x_wconf 92' lang='lat' dir='ltr'><em>usu</em></span> <span class='ocrx_word' id='word_1_614' title='bbox 1547 767 1557 782; x_wconf 91' lang='lat'>,</span> <span class='ocrx_word' id='word_1_615' title='bbox 1569 744 1602 777; x_wconf 88' lang='lat'>&amp;</span> <span class='ocrx_word' id='word_1_616' title='bbox 1611 742 1764 777; x_wconf 85' lang='lat' dir='ltr'><em>omnium</em></span> <span class='ocrx_word' id='word_1_617' title='bbox 1776 742 1834 776; x_wconf 91' lang='lat' dir='ltr'><em>sub</em></span> <span class='ocrx_word' id='word_1_618' title='bbox 1845 745 1930 777; x_wconf 88' lang='lat' dir='ltr'><em>coelo</em></span> <span class='ocrx_word' id='word_1_619' title='bbox 1943 744 2070 778; x_wconf 89' lang='lat' dir='ltr'><em>Metro-</em></span> 
     </span>
     <span class='ocr_line' id='line_1_85' title="bbox 1193 793 1921 837; baseline -0.003 -11"><span class='ocrx_word' id='word_1_620' title='bbox 1193 793 1365 835; x_wconf 84' lang='lat' dir='ltr'><em>politarum</em></span> <span class='ocrx_word' id='word_1_621' title='bbox 1380 795 1570 837; x_wconf 67' lang='lat' dir='ltr'><em>praesumpto</em></span> <span class='ocrx_word' id='word_1_622' title='bbox 1584 793 1618 826; x_wconf 82' lang='lat'>&amp;</span> <span class='ocrx_word' id='word_1_623' title='bbox 1629 793 1731 827; x_wconf 85' lang='lat' dir='ltr'><em>tacito</em></span> <span class='ocrx_word' id='word_1_624' title='bbox 1742 794 1921 827; x_wconf 89' lang='lat' dir='ltr'><em>consensu.</em></span> 
     </span>
     <span class='ocr_line' id='line_1_86' title="bbox 1243 840 2068 886; baseline 0.001 -11"><span class='ocrx_word' id='word_1_625' title='bbox 1243 843 1442 886; x_wconf 86' lang='lat' dir='ltr'><em>Respondeo</em></span> <span class='ocrx_word' id='word_1_626' title='bbox 1453 844 1633 877; x_wconf 68' lang='lat' dir='ltr'><em>doctrinam</em></span> <span class='ocrx_word' id='word_1_627' title='bbox 1647 840 1734 877; x_wconf 89' lang='lat' dir='ltr'><em>hanc</em></span> <span class='ocrx_word' id='word_1_628' title='bbox 1748 842 1810 876; x_wconf 82' lang='lat' dir='ltr'><em>effe</em></span> <span class='ocrx_word' id='word_1_629' title='bbox 1833 843 2047 886; x_wconf 83' lang='lat' dir='ltr'><em>perniciosam</em></span> <span class='ocrx_word' id='word_1_630' title='bbox 2062 869 2068 876; x_wconf 94' lang='lat'>.</span> 
     </span>
     <span class='ocr_line' id='line_1_87' title="bbox 1194 891 2069 936; baseline 0.001 -11"><span class='ocrx_word' id='word_1_631' title='bbox 1194 892 1244 925; x_wconf 86' lang='lat' dir='ltr'><em>Ex</em></span> <span class='ocrx_word' id='word_1_632' title='bbox 1259 891 1323 935; x_wconf 85' lang='lat' dir='ltr'><em>ipsa</em></span> <span class='ocrx_word' id='word_1_633' title='bbox 1335 893 1535 927; x_wconf 87' lang='lat' dir='ltr'><em>Guilielmus</em></span> <span class='ocrx_word' id='word_1_634' title='bbox 1546 892 1587 927; x_wconf 88' lang='lat' dir='ltr'><em>de</em></span> <span class='ocrx_word' id='word_1_635' title='bbox 1599 893 1717 928; x_wconf 66' lang='lat' dir='ltr'><em>Sancto</em></span> <span class='ocrx_word' id='word_1_636' title='bbox 1732 893 1858 928; x_wconf 85' lang='lat' dir='ltr'><em>Amore</em></span> <span class='ocrx_word' id='word_1_637' title='bbox 1868 894 1900 929; x_wconf 86' lang='lat'>&amp;</span> <span class='ocrx_word' id='word_1_638' title='bbox 1925 894 2069 936; x_wconf 76' lang='lat' dir='ltr'><em>Ioannes</em></span> 
     </span>
     <span class='ocr_line' id='line_1_88' title="bbox 1193 941 2071 987; baseline 0.003 -13"><span class='ocrx_word' id='word_1_639' title='bbox 1193 941 1233 975; x_wconf 90' lang='lat' dir='ltr'><em>de</em></span> <span class='ocrx_word' id='word_1_640' title='bbox 1254 941 1392 976; x_wconf 75' lang='lat' dir='ltr'><em>Peliaco</em></span> <span class='ocrx_word' id='word_1_641' title='bbox 1413 941 1587 977; x_wconf 88' lang='lat' dir='ltr'><em>hauserunt</em></span> <span class='ocrx_word' id='word_1_642' title='bbox 1610 945 1664 978; x_wconf 88' lang='lat' dir='ltr'><em>sua</em></span> <span class='ocrx_word' id='word_1_643' title='bbox 1675 943 1767 978; x_wconf 86' lang='lat' dir='ltr'><em>devia</em></span> <span class='ocrx_word' id='word_1_644' title='bbox 1782 942 2007 987; x_wconf 81' lang='lat' dir='ltr'><em>phantasmata</em></span> <span class='ocrx_word' id='word_1_645' title='bbox 2018 942 2071 977; x_wconf 88' lang='lat' dir='ltr'><em>ad·</em></span> 
     </span>
     <span class='ocr_line' id='line_1_89' title="bbox 1195 990 2071 1038; baseline 0.002 -14"><span class='ocrx_word' id='word_1_646' title='bbox 1195 991 1300 1025; x_wconf 78' lang='lat' dir='ltr'><em>versus</em></span> <span class='ocrx_word' id='word_1_647' title='bbox 1311 990 1519 1034; x_wconf 85' lang='lat' dir='ltr'><em>Apostolicas</em></span> <span class='ocrx_word' id='word_1_648' title='bbox 1533 993 1755 1037; x_wconf 88' lang='lat' dir='ltr'><em>delegationes</em></span> <span class='ocrx_word' id='word_1_649' title='bbox 1768 994 1800 1027; x_wconf 91' lang='lat'>&amp;</span> <span class='ocrx_word' id='word_1_650' title='bbox 1815 994 1984 1038; x_wconf 79' lang='lat' dir='ltr'><em>privilegia</em></span> <span class='ocrx_word' id='word_1_651' title='bbox 1998 994 2071 1027; x_wconf 86' lang='lat' dir='ltr'><em>Fra-</em></span> 
     </span>
     <span class='ocr_line' id='line_1_90' title="bbox 1194 1042 2072 1078; baseline 0.002 -3"><span class='ocrx_word' id='word_1_652' title='bbox 1194 1052 1280 1075; x_wconf 87' lang='lat' dir='ltr'><em>trum</em></span> <span class='ocrx_word' id='word_1_653' title='bbox 1293 1042 1529 1076; x_wconf 85' lang='lat' dir='ltr'><em>medicantium</em></span> <span class='ocrx_word' id='word_1_654' title='bbox 1540 1067 1547 1074; x_wconf 89' lang='lat'><strong><em>.</em></strong></span> <span class='ocrx_word' id='word_1_655' title='bbox 1577 1043 1620 1075; x_wconf 89' lang='lat' dir='ltr'><em>Et</em></span> <span class='ocrx_word' id='word_1_656' title='bbox 1631 1042 1715 1077; x_wconf 66' lang='lat' dir='ltr'><em>certe</em></span> <span class='ocrx_word' id='word_1_657' title='bbox 1728 1044 1749 1077; x_wconf 84' lang='lat' dir='ltr'>fi</span> <span class='ocrx_word' id='word_1_658' title='bbox 1765 1044 1922 1078; x_wconf 83' lang='lat' dir='ltr'><em>Pontifex</em></span> <span class='ocrx_word' id='word_1_659' title='bbox 1938 1045 2072 1078; x_wconf 60' lang='lat' dir='ltr'><em>cuncto·</em></span> 
     </span>
     <span class='ocr_line' id='line_1_91' title="bbox 1194 1090 2072 1138; baseline 0.002 -13"><span class='ocrx_word' id='word_1_660' title='bbox 1194 1103 1266 1125; x_wconf 89' lang='lat' dir='ltr'><em>rum</em></span> <span class='ocrx_word' id='word_1_661' title='bbox 1279 1090 1398 1133; x_wconf 90' lang='lat' dir='ltr'><em>ubique</em></span> <span class='ocrx_word' id='word_1_662' title='bbox 1411 1092 1648 1135; x_wconf 88' lang='lat' dir='ltr'><em>Episcoporum</em></span> <span class='ocrx_word' id='word_1_663' title='bbox 1662 1092 1808 1127; x_wconf 86' lang='lat' dir='ltr'><em>subditos</em></span> <span class='ocrx_word' id='word_1_664' title='bbox 1819 1106 1887 1128; x_wconf 90' lang='lat' dir='ltr'><em>non</em></span> <span class='ocrx_word' id='word_1_665' title='bbox 1898 1094 1993 1138; x_wconf 81' lang='lat' dir='ltr'><em>poffit</em></span> <span class='ocrx_word' id='word_1_666' title='bbox 2017 1093 2072 1127; x_wconf 85' lang='lat' dir='ltr'><em>ab·</em></span> 
     </span>
     <span class='ocr_line' id='line_1_92' title="bbox 1195 1141 2071 1187; baseline 0.002 -12"><span class='ocrx_word' id='word_1_667' title='bbox 1195 1142 1313 1175; x_wconf 85' lang='lat' dir='ltr'><em>solvere</em></span> <span class='ocrx_word' id='word_1_668' title='bbox 1338 1167 1347 1182; x_wconf 94' lang='lat'>‚</span> <span class='ocrx_word' id='word_1_669' title='bbox 1384 1142 1483 1186; x_wconf 74' lang='lat' dir='ltr'><em>longe</em></span> <span class='ocrx_word' id='word_1_670' title='bbox 1509 1141 1619 1176; x_wconf 72' lang='lat' dir='ltr'><em>minus</em></span> <span class='ocrx_word' id='word_1_671' title='bbox 1644 1143 1833 1178; x_wconf 85' lang='lat' dir='ltr'><em>facultatem</em></span> <span class='ocrx_word' id='word_1_672' title='bbox 1858 1145 1952 1180; x_wconf 80' lang='lat' dir='ltr'><em>istam</em></span> <span class='ocrx_word' id='word_1_673' title='bbox 1976 1143 2071 1187; x_wconf 84' lang='lat' dir='ltr'><em>poffit</em></span> 
     </span>
     <span class='ocr_line' id='line_1_93' title="bbox 1194 1191 2073 1236; baseline 0.001 -11"><span class='ocrx_word' id='word_1_674' title='bbox 1194 1192 1266 1226; x_wconf 85' lang='lat' dir='ltr'><em>aliis</em></span> <span class='ocrx_word' id='word_1_675' title='bbox 1276 1191 1423 1236; x_wconf 83' lang='lat' dir='ltr'><em>delegare</em></span> <span class='ocrx_word' id='word_1_676' title='bbox 1435 1218 1442 1224; x_wconf 95' lang='lat'><em>.</em></span> <span class='ocrx_word' id='word_1_677' title='bbox 1472 1193 1599 1226; x_wconf 86' lang='lat' dir='ltr'><em>Evertit</em></span> <span class='ocrx_word' id='word_1_678' title='bbox 1610 1192 1757 1227; x_wconf 66' lang='lat' dir='ltr'><em>doctrina</em></span> <span class='ocrx_word' id='word_1_679' title='bbox 1768 1193 1826 1227; x_wconf 84' lang='lat' dir='ltr'><em>ista</em></span> <span class='ocrx_word' id='word_1_680' title='bbox 1838 1194 1936 1228; x_wconf 87' lang='lat' dir='ltr'><em>etiam</em></span> <span class='ocrx_word' id='word_1_681' title='bbox 1951 1195 2073 1227; x_wconf 81' lang='lat' dir='ltr'><em>Roma-</em></span> 
     </span>
     <span class='ocr_line' id='line_1_94' title="bbox 1196 1242 2074 1287; baseline 0.002 -11"><span class='ocrx_word' id='word_1_682' title='bbox 1196 1253 1251 1276; x_wconf 89' lang='lat' dir='ltr'><em>nas</em></span> <span class='ocrx_word' id='word_1_683' title='bbox 1262 1267 1273 1283; x_wconf 93' lang='lat'>,</span> <span class='ocrx_word' id='word_1_684' title='bbox 1293 1254 1372 1286; x_wconf 85' lang='lat' dir='ltr'><em>quas</em></span> <span class='ocrx_word' id='word_1_685' title='bbox 1381 1242 1510 1276; x_wconf 80' lang='lat' dir='ltr'><em>constat</em></span> <span class='ocrx_word' id='word_1_686' title='bbox 1521 1243 1584 1277; x_wconf 75' lang='lat' dir='ltr'><em>esse</em></span> <span class='ocrx_word' id='word_1_687' title='bbox 1595 1243 1806 1277; x_wconf 84' lang='lat' dir='ltr'><em>traditionem</em></span> <span class='ocrx_word' id='word_1_688' title='bbox 1818 1243 2048 1287; x_wconf 81' lang='lat' dir='ltr'><em>Apostolicarn</em></span> <span class='ocrx_word' id='word_1_689' title='bbox 2062 1266 2074 1282; x_wconf 94' lang='lat'>,</span> 
     </span>
     <span class='ocr_line' id='line_1_95' title="bbox 1194 1292 2076 1337; baseline -0.001 -10"><span class='ocrx_word' id='word_1_690' title='bbox 1194 1292 1414 1336; x_wconf 85' lang='lat' dir='ltr'><em>quorumdam</em></span> <span class='ocrx_word' id='word_1_691' title='bbox 1440 1293 1616 1329; x_wconf 83' lang='lat' dir='ltr'><em>criminum</em></span> <span class='ocrx_word' id='word_1_692' title='bbox 1641 1294 1674 1327; x_wconf 72' lang='grc' dir='ltr'><em>ὅ(</em></span> <span class='ocrx_word' id='word_1_693' title='bbox 1700 1304 1868 1337; x_wconf 84' lang='lat' dir='ltr'><em>poenarum</em></span> <span class='ocrx_word' id='word_1_694' title='bbox 1891 1294 2076 1327; x_wconf 85' lang='lat' dir='ltr'><em>reservatio-</em></span> 
     </span>
     <span class='ocr_line' id='line_1_96' title="bbox 1197 1342 2076 1387; baseline -0.001 -11"><span class='ocrx_word' id='word_1_695' title='bbox 1197 1354 1251 1377; x_wconf 88' lang='lat' dir='ltr'><em>nes</em></span> <span class='ocrx_word' id='word_1_696' title='bbox 1265 1367 1272 1374; x_wconf 91' lang='lat'>.</span> <span class='ocrx_word' id='word_1_697' title='bbox 1298 1343 1332 1376; x_wconf 88' lang='lat' dir='ltr'><em>Si</em></span> <span class='ocrx_word' id='word_1_698' title='bbox 1347 1353 1488 1386; x_wconf 89' lang='lat' dir='ltr'><em>namque</em></span> <span class='ocrx_word' id='word_1_699' title='bbox 1499 1343 1657 1377; x_wconf 85' lang='lat' dir='ltr'><em>Pontifex</em></span> <span class='ocrx_word' id='word_1_700' title='bbox 1671 1342 1739 1377; x_wconf 86' lang='lat' dir='ltr'><em>fine</em></span> <span class='ocrx_word' id='word_1_701' title='bbox 1751 1344 1987 1387; x_wconf 88' lang='lat' dir='ltr'><em>Episcoporum</em></span> <span class='ocrx_word' id='word_1_702' title='bbox 1998 1353 2076 1377; x_wconf 86' lang='lat' dir='ltr'><em>con·</em></span> 
     </span>
     <span class='ocr_line' id='line_1_97' title="bbox 1196 1392 2072 1438; baseline -0.001 -11"><span class='ocrx_word' id='word_1_703' title='bbox 1196 1394 1286 1428; x_wconf 88' lang='lat' dir='ltr'><em>sensu</em></span> <span class='ocrx_word' id='word_1_704' title='bbox 1298 1403 1366 1426; x_wconf 91' lang='lat' dir='ltr'><em>non</em></span> <span class='ocrx_word' id='word_1_705' title='bbox 1379 1393 1472 1436; x_wconf 86' lang='lat' dir='ltr'><em>poffit</em></span> <span class='ocrx_word' id='word_1_706' title='bbox 1483 1403 1592 1427; x_wconf 88' lang='lat' dir='ltr'><em>totum</em></span> <span class='ocrx_word' id='word_1_707' title='bbox 1604 1393 1765 1428; x_wconf 88' lang='lat' dir='ltr'><em>mundum</em></span> <span class='ocrx_word' id='word_1_708' title='bbox 1784 1394 1904 1428; x_wconf 85' lang='lat' dir='ltr'><em>solvere</em></span> <span class='ocrx_word' id='word_1_709' title='bbox 1918 1418 1927 1434; x_wconf 93' lang='lat'><strong>,</strong></span> <span class='ocrx_word' id='word_1_710' title='bbox 1957 1392 2072 1438; x_wconf 86' lang='lat' dir='ltr'><em>nequit</em></span> 
     </span>
     <span class='ocr_line' id='line_1_98' title="bbox 1194 1443 2075 1488; baseline -0.001 -11"><span class='ocrx_word' id='word_1_711' title='bbox 1194 1443 1291 1477; x_wconf 91' lang='lat' dir='ltr'><em>etiam</em></span> <span class='ocrx_word' id='word_1_712' title='bbox 1319 1443 1419 1488; x_wconf 87' lang='lat' dir='ltr'><em>ligare</em></span> <span class='ocrx_word' id='word_1_713' title='bbox 1441 1469 1447 1476; x_wconf 93' lang='lat'>.</span> <span class='ocrx_word' id='word_1_714' title='bbox 1487 1443 1532 1479; x_wconf 86' lang='lat' dir='ltr'><em>Et</em></span> <span class='ocrx_word' id='word_1_715' title='bbox 1550 1443 1726 1479; x_wconf 67' lang='lat' dir='ltr'><em>adductum</em></span> <span class='ocrx_word' id='word_1_716' title='bbox 1751 1444 1935 1478; x_wconf 86' lang='lat' dir='ltr'><em>Marcionis</em></span> <span class='ocrx_word' id='word_1_717' title='bbox 1955 1444 2075 1478; x_wconf 67' lang='lat' dir='ltr'><em>factum</em></span> 
     </span>
     <span class='ocr_line' id='line_1_99' title="bbox 1195 1493 2076 1538; baseline -0.002 -11"><span class='ocrx_word' id='word_1_718' title='bbox 1195 1493 1335 1527; x_wconf 79' lang='lat' dir='ltr'><em>omnino</em></span> <span class='ocrx_word' id='word_1_719' title='bbox 1346 1495 1424 1528; x_wconf 85' lang='lat' dir='ltr'><em>facit</em></span> <span class='ocrx_word' id='word_1_720' title='bbox 1450 1505 1507 1537; x_wconf 85' lang='lat' dir='ltr'><em>pro</em></span> <span class='ocrx_word' id='word_1_721' title='bbox 1530 1494 1613 1529; x_wconf 86' lang='lat' dir='ltr'><em>Sede</em></span> <span class='ocrx_word' id='word_1_722' title='bbox 1634 1493 1848 1538; x_wconf 84' lang='lat' dir='ltr'><em>Apostolica.</em></span> <span class='ocrx_word' id='word_1_723' title='bbox 1877 1494 1999 1528; x_wconf 65' lang='lat' dir='ltr'><em>Delicti</em></span> <span class='ocrx_word' id='word_1_724' title='bbox 2027 1493 2076 1526; x_wconf 86' lang='lat' dir='ltr'><em>sui</em></span> 
     </span>
     <span class='ocr_line' id='line_1_100' title="bbox 1197 1542 2076 1588; baseline -0.001 -11"><span class='ocrx_word' id='word_1_725' title='bbox 1197 1543 1436 1578; x_wconf 86' lang='lat' dir='ltr'><em>absolutionem</em></span> <span class='ocrx_word' id='word_1_726' title='bbox 1449 1556 1517 1578; x_wconf 90' lang='lat' dir='ltr'><em>non</em></span> <span class='ocrx_word' id='word_1_727' title='bbox 1537 1545 1603 1579; x_wconf 84' lang='lat' dir='ltr'><em>sine</em></span> <span class='ocrx_word' id='word_1_728' title='bbox 1621 1545 1839 1579; x_wconf 88' lang='lat' dir='ltr'><em>fundamento</em></span> <span class='ocrx_word' id='word_1_729' title='bbox 1859 1544 1914 1578; x_wconf 88' lang='lat' dir='ltr'><em>ille</em></span> <span class='ocrx_word' id='word_1_730' title='bbox 1937 1542 2076 1588; x_wconf 87' lang='lat' dir='ltr'><em>speravit</em></span> 
     </span>
     <span class='ocr_line' id='line_1_101' title="bbox 1195 1593 2077 1629; baseline -0.003 0"><span class='ocrx_word' id='word_1_731' title='bbox 1195 1594 1377 1629; x_wconf 72' lang='lat' dir='ltr'><em>aRomana</em></span> <span class='ocrx_word' id='word_1_732' title='bbox 1399 1594 1559 1629; x_wconf 82' lang='lat' dir='ltr'><em>Ecclefia:</em></span> <span class='ocrx_word' id='word_1_733' title='bbox 1588 1593 1800 1628; x_wconf 82' lang='lat' dir='ltr'><em>Universales</em></span> <span class='ocrx_word' id='word_1_734' title='bbox 1822 1594 1987 1629; x_wconf 84' lang='lat' dir='ltr'><em>Caelorum</em></span> <span class='ocrx_word' id='word_1_735' title='bbox 2013 1594 2077 1627; x_wconf 86' lang='lat' dir='ltr'><em>cla-</em></span> 
     </span>
     <span class='ocr_line' id='line_1_102' title="bbox 1198 1642 2078 1688; baseline -0.002 -10"><span class='ocrx_word' id='word_1_736' title='bbox 1198 1655 1276 1684; x_wconf 91' lang='lat' dir='ltr'><em>ves,</em></span> <span class='ocrx_word' id='word_1_737' title='bbox 1302 1644 1527 1687; x_wconf 87' lang='lat' dir='ltr'><em>&amp;supremam</em></span> <span class='ocrx_word' id='word_1_738' title='bbox 1550 1644 1698 1679; x_wconf 86' lang='lat' dir='ltr'><em>solvendi</em></span> <span class='ocrx_word' id='word_1_739' title='bbox 1718 1654 1815 1686; x_wconf 89' lang='lat' dir='ltr'><em>atque</em></span> <span class='ocrx_word' id='word_1_740' title='bbox 1838 1642 1965 1688; x_wconf 83' lang='lat' dir='ltr'><em>ligandi</em></span> <span class='ocrx_word' id='word_1_741' title='bbox 1986 1652 2078 1686; x_wconf 84' lang='lat' dir='ltr'><em>pote-</em></span> 
     </span>
     <span class='ocr_line' id='line_1_103' title="bbox 1198 1692 2077 1738; baseline -0.002 -10"><span class='ocrx_word' id='word_1_742' title='bbox 1198 1695 1312 1728; x_wconf 83' lang='lat' dir='ltr'><em>statem</em></span> <span class='ocrx_word' id='word_1_743' title='bbox 1326 1693 1397 1727; x_wconf 83' lang='lat' dir='ltr'><em>istic</em></span> <span class='ocrx_word' id='word_1_744' title='bbox 1410 1694 1517 1738; x_wconf 87' lang='lat' dir='ltr'><em>vigere</em></span> <span class='ocrx_word' id='word_1_745' title='bbox 1527 1694 1667 1728; x_wconf 84' lang='lat' dir='ltr'><em>credidit</em></span> <span class='ocrx_word' id='word_1_746' title='bbox 1689 1705 1765 1728; x_wconf 89' lang='lat' dir='ltr'><em>cum</em></span> <span class='ocrx_word' id='word_1_747' title='bbox 1794 1694 1888 1727; x_wconf 89' lang='lat' dir='ltr'><em>omni</em></span> <span class='ocrx_word' id='word_1_748' title='bbox 1910 1692 2021 1727; x_wconf 89' lang='lat' dir='ltr'><em>Ponto</em></span> <span class='ocrx_word' id='word_1_749' title='bbox 2043 1694 2077 1726; x_wconf 85' lang='lat'>&amp;</span> 
     </span>
     <span class='ocr_line' id='line_1_104' title="bbox 1199 1743 2079 1787; baseline -0.003 -9"><span class='ocrx_word' id='word_1_750' title='bbox 1199 1754 1271 1778; x_wconf 88' lang='lat' dir='ltr'><em>toto</em></span> <span class='ocrx_word' id='word_1_751' title='bbox 1281 1743 1428 1784; x_wconf 90' lang='lat' dir='ltr'><em>mundo,</em></span> <span class='ocrx_word' id='word_1_752' title='bbox 1457 1743 1640 1787; x_wconf 89' lang='lat' dir='ltr'><em>ideoque&amp;</em></span> <span class='ocrx_word' id='word_1_753' title='bbox 1663 1744 1808 1778; x_wconf 87' lang='lat' dir='ltr'><em>Romam</em></span> <span class='ocrx_word' id='word_1_754' title='bbox 1830 1743 1974 1778; x_wconf 84' lang='lat' dir='ltr'><em>acceffit.</em></span> <span class='ocrx_word' id='word_1_755' title='bbox 2005 1743 2079 1776; x_wconf 90' lang='lat' dir='ltr'><em>No-</em></span> 
     </span>
     <span class='ocr_line' id='line_1_105' title="bbox 1199 1791 2080 1838; baseline -0.002 -11"><span class='ocrx_word' id='word_1_756' title='bbox 1199 1794 1298 1828; x_wconf 87' lang='lat' dir='ltr'><em>tanda</em></span> <span class='ocrx_word' id='word_1_757' title='bbox 1310 1796 1383 1828; x_wconf 87' lang='lat' dir='ltr'><em>sunt</em></span> <span class='ocrx_word' id='word_1_758' title='bbox 1396 1793 1698 1838; x_wconf 70' lang='lat' dir='ltr'><em>SanftiEpiphanii</em></span> <span class='ocrx_word' id='word_1_759' title='bbox 1720 1793 1839 1828; x_wconf 84' lang='lat' dir='ltr'><em>verba:</em></span> <span class='ocrx_word' id='word_1_760' title='bbox 1867 1797 1993 1826; x_wconf 88' lang='lat' dir='ltr'><em>Romam</em></span> <span class='ocrx_word' id='word_1_761' title='bbox 2016 1791 2080 1834; x_wconf 69' lang='lat' dir='ltr'><em>posi</em></span> 
     </span>
     <span class='ocr_line' id='line_1_106' title="bbox 1197 1843 2079 1889; baseline -0.001 -13"><span class='ocrx_word' id='word_1_762' title='bbox 1197 1847 1300 1888; x_wconf 82' lang='lat' dir='ltr'><em>Hygini</em></span> <span class='ocrx_word' id='word_1_763' title='bbox 1322 1847 1419 1886; x_wconf 79' lang='lat' dir='ltr'><em>Papae</em></span> <span class='ocrx_word' id='word_1_764' title='bbox 1440 1844 1552 1877; x_wconf 87' lang='lat' dir='ltr'><em>obitum</em></span> <span class='ocrx_word' id='word_1_765' title='bbox 1574 1848 1707 1877; x_wconf 87' lang='lat' dir='ltr'><em>Marcion</em></span> <span class='ocrx_word' id='word_1_766' title='bbox 1724 1843 1789 1889; x_wconf 87' lang='lat' dir='ltr'><em>sese</em></span> <span class='ocrx_word' id='word_1_767' title='bbox 1810 1844 1958 1878; x_wconf 85' lang='lat' dir='ltr'><em>contulit.</em></span> <span class='ocrx_word' id='word_1_768' title='bbox 1998 1843 2079 1877; x_wconf 87' lang='lat' dir='ltr'><em>Hoc</em></span> 
     </span>
     <span class='ocr_line' id='line_1_107' title="bbox 1198 1894 2080 1938; baseline -0.001 -11"><span class='ocrx_word' id='word_1_769' title='bbox 1198 1894 1263 1933; x_wconf 89' lang='lat' dir='ltr'><em>est,</em></span> <span class='ocrx_word' id='word_1_770' title='bbox 1291 1905 1425 1928; x_wconf 87' lang='lat' dir='ltr'><em>vacante</em></span> <span class='ocrx_word' id='word_1_771' title='bbox 1438 1895 1534 1929; x_wconf 82' lang='lat' dir='ltr'><em>Sede.</em></span> <span class='ocrx_word' id='word_1_772' title='bbox 1563 1895 1915 1929; x_wconf 88' lang='lat' dir='ltr'><em>Hinccommunionis</em></span> <span class='ocrx_word' id='word_1_773' title='bbox 1938 1894 2080 1938; x_wconf 83' lang='lat' dir='ltr'><em>gratiam</em></span> 
     </span>
     <span class='ocr_line' id='line_1_108' title="bbox 1199 1943 2080 1986; baseline -0.002 -8"><span class='ocrx_word' id='word_1_774' title='bbox 1199 1945 1298 1978; x_wconf 75' lang='lat' dir='ltr'><em>nona</em></span> <span class='ocrx_word' id='word_1_775' title='bbox 1322 1945 1478 1978; x_wconf 81' lang='lat' dir='ltr'><em>Romano</em></span> <span class='ocrx_word' id='word_1_776' title='bbox 1499 1945 1682 1986; x_wconf 81' lang='lat' dir='ltr'><em>pontifice,</em></span> <span class='ocrx_word' id='word_1_777' title='bbox 1714 1945 1768 1979; x_wconf 83' lang='lat' dir='ltr'><em>sed</em></span> <span class='ocrx_word' id='word_1_778' title='bbox 1793 1945 1811 1978; x_wconf 69' lang='lat' dir='ltr'><em>a</em></span> <span class='ocrx_word' id='word_1_779' title='bbox 1833 1946 1993 1979; x_wconf 83' lang='lat' dir='ltr'><em>Romanae</em></span> <span class='ocrx_word' id='word_1_780' title='bbox 2018 1943 2080 1976; x_wconf 92' lang='lat' dir='ltr'><em>Ec-</em></span> 
     </span>
     <span class='ocr_line' id='line_1_109' title="bbox 1198 1993 2083 2036; baseline -0.002 -7"><span class='ocrx_word' id='word_1_781' title='bbox 1198 1994 1297 2029; x_wconf 77' lang='lat' dir='ltr'><em>clefiae</em></span> <span class='ocrx_word' id='word_1_782' title='bbox 1322 1995 1511 2029; x_wconf 85' lang='lat' dir='ltr'><em>Senioribus</em></span> <span class='ocrx_word' id='word_1_783' title='bbox 1531 2021 1541 2035; x_wconf 94' lang='lat'>,</span> <span class='ocrx_word' id='word_1_784' title='bbox 1581 1996 1634 2029; x_wconf 87' lang='lat' dir='ltr'><em>seu</em></span> <span class='ocrx_word' id='word_1_785' title='bbox 1660 1995 1892 2029; x_wconf 88' lang='lat' dir='ltr'><em>Cardinalibus</em></span> <span class='ocrx_word' id='word_1_786' title='bbox 1913 1993 2083 2036; x_wconf 87' lang='lat' dir='ltr'><em>Presbyte-</em></span> 
     </span>
     <span class='ocr_line' id='line_1_110' title="bbox 1198 2044 2083 2089; baseline -0.001 -11"><span class='ocrx_word' id='word_1_787' title='bbox 1198 2045 1242 2078; x_wconf 90' lang='lat' dir='ltr'><em>ris</em></span> <span class='ocrx_word' id='word_1_788' title='bbox 1265 2046 1457 2088; x_wconf 80' lang='lat' dir='ltr'><em>supplicavit</em></span> <span class='ocrx_word' id='word_1_789' title='bbox 1477 2070 1483 2076; x_wconf 93' lang='lat'><em>.</em></span> <span class='ocrx_word' id='word_1_790' title='bbox 1524 2045 1568 2078; x_wconf 87' lang='lat' dir='ltr'><em>Er.</em></span> <span class='ocrx_word' id='word_1_791' title='bbox 1591 2044 1631 2079; x_wconf 88' lang='lat' dir='ltr'><em>ab</em></span> <span class='ocrx_word' id='word_1_792' title='bbox 1656 2046 1727 2089; x_wconf 84' lang='lat' dir='ltr'><em>ipfis</em></span> <span class='ocrx_word' id='word_1_793' title='bbox 1747 2045 1792 2080; x_wconf 88' lang='lat' dir='ltr'><em>est</em></span> <span class='ocrx_word' id='word_1_794' title='bbox 1813 2045 1931 2079; x_wconf 75' lang='lat' dir='ltr'><em>merito</em></span> <span class='ocrx_word' id='word_1_795' title='bbox 1954 2046 2083 2087; x_wconf 87' lang='lat' dir='ltr'><em>respon·</em></span> 
     </span>
     <span class='ocr_line' id='line_1_111' title="bbox 1199 2093 2081 2137; baseline -0.002 -9"><span class='ocrx_word' id='word_1_796' title='bbox 1199 2096 1269 2128; x_wconf 89' lang='lat' dir='ltr'><em>sum</em></span> <span class='ocrx_word' id='word_1_797' title='bbox 1292 2119 1299 2125; x_wconf 96' lang='lat'>.</span> <span class='ocrx_word' id='word_1_798' title='bbox 1338 2094 1438 2126; x_wconf 80' lang='lat' dir='ltr'><em>Nobis</em></span> <span class='ocrx_word' id='word_1_799' title='bbox 1462 2095 1567 2137; x_wconf 78' lang='lat' dir='ltr'><em>inJuffu</em></span> <span class='ocrx_word' id='word_1_800' title='bbox 1588 2097 1754 2128; x_wconf 82' lang='lat' dir='ltr'><em>venerandi</em></span> <span class='ocrx_word' id='word_1_801' title='bbox 1781 2099 1886 2128; x_wconf 86' lang='lat' dir='ltr'><em>Patris</em></span> <span class='ocrx_word' id='word_1_802' title='bbox 1916 2100 1959 2128; x_wconf 84' lang='lat' dir='ltr'><em>tui</em></span> <span class='ocrx_word' id='word_1_803' title='bbox 1981 2093 2081 2135; x_wconf 81' lang='lat' dir='ltr'><em>facere</em></span> 
     </span>
     <span class='ocr_line' id='line_1_112' title="bbox 1199 2143 2080 2187; baseline 0 -11"><span class='ocrx_word' id='word_1_804' title='bbox 1199 2143 1343 2184; x_wconf 84' lang='lat' dir='ltr'><em>istudnon</em></span> <span class='ocrx_word' id='word_1_805' title='bbox 1354 2145 1436 2176; x_wconf 87' lang='lat' dir='ltr'><em>licet.</em></span> <span class='ocrx_word' id='word_1_806' title='bbox 1463 2144 1619 2186; x_wconf 85' lang='lat' dir='ltr'><em>Suprema</em></span> <span class='ocrx_word' id='word_1_807' title='bbox 1642 2155 1784 2187; x_wconf 84' lang='lat' dir='ltr'><em>namque</em></span> <span class='ocrx_word' id='word_1_808' title='bbox 1806 2144 1914 2178; x_wconf 63' lang='lat' dir='ltr'><em>Sancti</em></span> <span class='ocrx_word' id='word_1_809' title='bbox 1927 2143 2080 2186; x_wconf 85' lang='lat' dir='ltr'><em>Apostoli</em></span> 
     </span>
     <span class='ocr_line' id='line_1_113' title="bbox 1201 2192 2082 2236; baseline 0 -9"><span class='ocrx_word' id='word_1_810' title='bbox 1201 2194 1290 2227; x_wconf 85' lang='lat' dir='ltr'><em>Petri</em></span> <span class='ocrx_word' id='word_1_811' title='bbox 1302 2193 1443 2236; x_wconf 83' lang='lat' dir='ltr'><em>potestas</em></span> <span class='ocrx_word' id='word_1_812' title='bbox 1455 2193 1565 2228; x_wconf 87' lang='lat' dir='ltr'><em>tefidet</em></span> <span class='ocrx_word' id='word_1_813' title='bbox 1578 2194 1612 2228; x_wconf 81' lang='lat' dir='ltr'><em>in</em></span> <span class='ocrx_word' id='word_1_814' title='bbox 1635 2193 1710 2227; x_wconf 89' lang='lat' dir='ltr'><em>solis</em></span> <span class='ocrx_word' id='word_1_815' title='bbox 1733 2192 1800 2235; x_wconf 86' lang='lat' dir='ltr'><em>ejus</em></span> <span class='ocrx_word' id='word_1_816' title='bbox 1823 2193 2082 2233; x_wconf 77' lang='lat' dir='ltr'><em>successoribus,</em></span> 
     </span>
     <span class='ocr_line' id='line_1_114' title="bbox 1199 2241 2084 2286; baseline 0 -10"><span class='ocrx_word' id='word_1_817' title='bbox 1199 2244 1232 2277; x_wconf 78' lang='grc' dir='ltr'><em>δε</em></span> <span class='ocrx_word' id='word_1_818' title='bbox 1244 2243 1312 2286; x_wconf 88' lang='lat' dir='ltr'><em>post</em></span> <span class='ocrx_word' id='word_1_819' title='bbox 1326 2241 1445 2277; x_wconf 86' lang='lat' dir='ltr'><em>horum</em></span> <span class='ocrx_word' id='word_1_820' title='bbox 1458 2254 1599 2278; x_wconf 88' lang='lat' dir='ltr'><em>mortem</em></span> <span class='ocrx_word' id='word_1_821' title='bbox 1611 2254 1679 2278; x_wconf 90' lang='lat' dir='ltr'><em>non</em></span> <span class='ocrx_word' id='word_1_822' title='bbox 1692 2244 1802 2277; x_wconf 85' lang='lat' dir='ltr'><em>tranfit</em></span> <span class='ocrx_word' id='word_1_823' title='bbox 1816 2244 1850 2277; x_wconf 82' lang='lat' dir='ltr'><em>in</em></span> <span class='ocrx_word' id='word_1_824' title='bbox 1863 2244 1988 2277; x_wconf 89' lang='lat' dir='ltr'><em>sacrum</em></span> <span class='ocrx_word' id='word_1_825' title='bbox 2014 2244 2084 2276; x_wconf 91' lang='lat' dir='ltr'><em>Do-</em></span> 
     </span>
     <span class='ocr_line' id='line_1_115' title="bbox 1200 2293 2082 2338; baseline 0 -12"><span class='ocrx_word' id='word_1_826' title='bbox 1200 2294 1368 2327; x_wconf 90' lang='lat' dir='ltr'><em>minorum</em></span> <span class='ocrx_word' id='word_1_827' title='bbox 1391 2293 1619 2328; x_wconf 87' lang='lat' dir='ltr'><em>Cardinalium</em></span> <span class='ocrx_word' id='word_1_828' title='bbox 1643 2293 1857 2338; x_wconf 84' lang='lat' dir='ltr'><em>Collegium,</em></span> <span class='ocrx_word' id='word_1_829' title='bbox 1882 2293 1931 2327; x_wconf 89' lang='lat' dir='ltr'><em>uti</em></span> <span class='ocrx_word' id='word_1_830' title='bbox 1944 2302 2030 2336; x_wconf 86' lang='lat' dir='ltr'><em>patet</em></span> <span class='ocrx_word' id='word_1_831' title='bbox 2040 2304 2082 2326; x_wconf 81' lang='lat' dir='ltr'><em>ex</em></span> 
     </span>
     <span class='ocr_line' id='line_1_116' title="bbox 1199 2342 2084 2388; baseline 0 -12"><span class='ocrx_word' id='word_1_832' title='bbox 1199 2343 1294 2377; x_wconf 85' lang='lat' dir='ltr'><em>variis</em></span> <span class='ocrx_word' id='word_1_833' title='bbox 1308 2342 1403 2386; x_wconf 87' lang='lat' dir='ltr'><em>hujus</em></span> <span class='ocrx_word' id='word_1_834' title='bbox 1414 2344 1561 2388; x_wconf 87' lang='lat' dir='ltr'><em>Collegii</em></span> <span class='ocrx_word' id='word_1_835' title='bbox 1574 2344 1690 2378; x_wconf 87' lang='lat' dir='ltr'><em>litteris</em></span> <span class='ocrx_word' id='word_1_836' title='bbox 1703 2344 1743 2377; x_wconf 80' lang='lat' dir='ltr'><em>ad</em></span> <span class='ocrx_word' id='word_1_837' title='bbox 1765 2344 1920 2378; x_wconf 68' lang='lat' dir='ltr'><em>Sanctum</em></span> <span class='ocrx_word' id='word_1_838' title='bbox 1943 2343 2084 2386; x_wconf 85' lang='lat' dir='ltr'><em>Cypria·</em></span> 
     </span>
     <span class='ocr_line' id='line_1_117' title="bbox 1199 2393 2085 2438; baseline 0 -11"><span class='ocrx_word' id='word_1_839' title='bbox 1199 2405 1294 2427; x_wconf 88' lang='lat' dir='ltr'><em>num.</em></span> <span class='ocrx_word' id='word_1_840' title='bbox 1330 2393 1524 2428; x_wconf 88' lang='lat' dir='ltr'><em>Etiamnum</em></span> <span class='ocrx_word' id='word_1_841' title='bbox 1536 2393 1637 2428; x_wconf 70' lang='lat' dir='ltr'><em>hodie</em></span> <span class='ocrx_word' id='word_1_842' title='bbox 1649 2394 1755 2438; x_wconf 88' lang='lat' dir='ltr'><em>ipsum</em></span> <span class='ocrx_word' id='word_1_843' title='bbox 1774 2393 1914 2428; x_wconf 84' lang='lat' dir='ltr'><em>abstinet</em></span> <span class='ocrx_word' id='word_1_844' title='bbox 1931 2393 1972 2427; x_wconf 87' lang='lat' dir='ltr'><em>ab</em></span> <span class='ocrx_word' id='word_1_845' title='bbox 1995 2404 2085 2427; x_wconf 85' lang='lat' dir='ltr'><em>exer-</em></span> 
     </span>
     <span class='ocr_line' id='line_1_118' title="bbox 1198 2442 2083 2491; baseline 0 -14"><span class='ocrx_word' id='word_1_846' title='bbox 1198 2443 1279 2478; x_wconf 88' lang='lat' dir='ltr'><em>citio</em></span> <span class='ocrx_word' id='word_1_847' title='bbox 1307 2445 1458 2487; x_wconf 86' lang='lat' dir='ltr'><em>supremae</em></span> <span class='ocrx_word' id='word_1_848' title='bbox 1483 2444 1651 2487; x_wconf 83' lang='lat' dir='ltr'><em>potestatis</em></span> <span class='ocrx_word' id='word_1_849' title='bbox 1669 2469 1676 2476; x_wconf 90' lang='lat'>.</span> <span class='ocrx_word' id='word_1_850' title='bbox 1705 2442 1809 2491; x_wconf 74' lang='lat' dir='ltr'><em>Qod</em></span> <span class='ocrx_word' id='word_1_851' title='bbox 1830 2444 1866 2477; x_wconf 86' lang='lat' dir='ltr'><em>in</em></span> <span class='ocrx_word' id='word_1_852' title='bbox 1890 2443 2083 2478; x_wconf 88' lang='lat' dir='ltr'><em>Artemonis</em></span> 
     </span>
     <span class='ocr_line' id='line_1_119' title="bbox 1199 2493 2083 2538; baseline 0.001 -12"><span class='ocrx_word' id='word_1_853' title='bbox 1199 2493 1338 2527; x_wconf 82' lang='lat' dir='ltr'><em>haerefim</em></span> <span class='ocrx_word' id='word_1_854' title='bbox 1353 2494 1457 2538; x_wconf 87' lang='lat' dir='ltr'><em>lapsus</em></span> <span class='ocrx_word' id='word_1_855' title='bbox 1469 2494 1643 2528; x_wconf 77' lang='lat' dir='ltr'><em>Confeffor</em></span> <span class='ocrx_word' id='word_1_856' title='bbox 1659 2494 1812 2528; x_wconf 85' lang='lat' dir='ltr'><em>Natalius</em></span> <span class='ocrx_word' id='word_1_857' title='bbox 1822 2493 1923 2528; x_wconf 82' lang='lat' dir='ltr'><em>etiam</em></span> <span class='ocrx_word' id='word_1_858' title='bbox 1936 2494 2083 2528; x_wconf 82' lang='lat' dir='ltr'><em>Romam</em></span> 
     </span>
     <span class='ocr_line' id='line_1_120' title="bbox 1200 2544 2082 2589; baseline -0.001 -12"><span class='ocrx_word' id='word_1_859' title='bbox 1200 2545 1363 2578; x_wconf 81' lang='lat' dir='ltr'><em>accesserit</em></span> <span class='ocrx_word' id='word_1_860' title='bbox 1384 2569 1396 2586; x_wconf 89' lang='lat'>,</span> <span class='ocrx_word' id='word_1_861' title='bbox 1431 2545 1533 2589; x_wconf 86' lang='lat' dir='ltr'><em>egerit</em></span> <span class='ocrx_word' id='word_1_862' title='bbox 1556 2544 1788 2587; x_wconf 83' lang='lat' dir='ltr'><em>poenitentiam</em></span> <span class='ocrx_word' id='word_1_863' title='bbox 1815 2544 1901 2587; x_wconf 84' lang='lat' dir='ltr'><em>apud</em></span> <span class='ocrx_word' id='word_1_864' title='bbox 1922 2544 2082 2587; x_wconf 84' lang='lat' dir='ltr'><em>Zephyri-</em></span> 
     </span>
     <span class='ocr_line' id='line_1_121' title="bbox 1201 2594 2083 2638; baseline 0.002 -12"><span class='ocrx_word' id='word_1_865' title='bbox 1201 2605 1280 2627; x_wconf 90' lang='lat' dir='ltr'><em>num</em></span> <span class='ocrx_word' id='word_1_866' title='bbox 1306 2594 1530 2634; x_wconf 83' lang='lat' dir='ltr'><em>Pontificem,</em></span> <span class='ocrx_word' id='word_1_867' title='bbox 1555 2595 1588 2627; x_wconf 91' lang='lat'>&amp;</span> <span class='ocrx_word' id='word_1_868' title='bbox 1612 2594 1653 2628; x_wconf 89' lang='lat' dir='ltr'><em>ab</em></span> <span class='ocrx_word' id='word_1_869' title='bbox 1677 2594 1747 2638; x_wconf 85' lang='lat' dir='ltr'><em>ipso</em></span> <span class='ocrx_word' id='word_1_870' title='bbox 1772 2594 1940 2629; x_wconf 83' lang='lat' dir='ltr'><em>absolutus</em></span> <span class='ocrx_word' id='word_1_871' title='bbox 1961 2594 2083 2634; x_wconf 79' lang='lat' dir='ltr'><em>fuerit,</em></span> 
     </span>
     <span class='ocr_line' id='line_1_122' title="bbox 1200 2643 2167 2679; baseline 0 -3"><span class='ocrx_word' id='word_1_872' title='bbox 1200 2643 1311 2676; x_wconf 85' lang='lat' dir='ltr'><em>multis</em></span> <span class='ocrx_word' id='word_1_873' title='bbox 1323 2645 1421 2677; x_wconf 83' lang='lat' dir='ltr'><em>refert</em></span> <span class='ocrx_word' id='word_1_874' title='bbox 1443 2643 1602 2677; x_wconf 81' lang='lat' dir='ltr'><em>Eusebius</em></span> <span class='ocrx_word' id='word_1_875' title='bbox 1625 2644 1847 2678; x_wconf 87' lang='lat' dir='ltr'><em>Caesareenfis.</em></span> <span class='ocrx_word' id='word_1_876' title='bbox 1878 2644 1987 2678; x_wconf 82' lang='lat' dir='ltr'><em>Etiam</em></span> <span class='ocrx_word' id='word_1_877' title='bbox 2016 2644 2084 2679; x_wconf 90' lang='lat' dir='ltr'><em>Ur·</em></span> <span class='ocrx_word' id='word_1_878' title='bbox 2122 2644 2126 2649; x_wconf 84' lang='lat'>&#39;</span> <span class='ocrx_word' id='word_1_879' title='bbox 2154 2644 2167 2651; x_wconf 85' lang='grc'><em>”</em></span> 
     </span>
     <span class='ocr_line' id='line_1_123' title="bbox 1202 2694 2084 2736; baseline 0.001 -9"><span class='ocrx_word' id='word_1_880' title='bbox 1202 2695 1321 2727; x_wconf 82' lang='lat' dir='ltr'><em>facium</em></span> <span class='ocrx_word' id='word_1_881' title='bbox 1358 2694 1633 2736; x_wconf 83' lang='lat' dir='ltr'><em>Singidunensem</em></span> <span class='ocrx_word' id='word_1_882' title='bbox 1656 2719 1666 2734; x_wconf 93' lang='lat'>,</span> <span class='ocrx_word' id='word_1_883' title='bbox 1706 2694 1882 2728; x_wconf 88' lang='lat' dir='ltr'><em>Valentem</em></span> <span class='ocrx_word' id='word_1_884' title='bbox 1919 2694 2040 2728; x_wconf 78' lang='lat' dir='ltr'><em>Murfie</em></span> <span class='ocrx_word' id='word_1_885' title='bbox 2050 2706 2084 2728; x_wconf 92' lang='lat' dir='ltr'><em>n-</em></span> 
     </span>
     <span class='ocr_line' id='line_1_124' title="bbox 1202 2743 2086 2787; baseline 0.001 -10"><span class='ocrx_word' id='word_1_886' title='bbox 1202 2745 1290 2783; x_wconf 89' lang='lat' dir='ltr'><em>sem,</em></span> <span class='ocrx_word' id='word_1_887' title='bbox 1321 2743 1501 2777; x_wconf 87' lang='lat' dir='ltr'><em>Eustatium</em></span> <span class='ocrx_word' id='word_1_888' title='bbox 1529 2743 1750 2778; x_wconf 81' lang='lat' dir='ltr'><em>Sebastensem</em></span> <span class='ocrx_word' id='word_1_889' title='bbox 1773 2745 1808 2778; x_wconf 91' lang='lat' dir='ltr'><em>in</em></span> <span class='ocrx_word' id='word_1_890' title='bbox 1834 2745 1938 2787; x_wconf 87' lang='lat' dir='ltr'><em>prima</em></span> <span class='ocrx_word' id='word_1_891' title='bbox 1967 2744 2086 2778; x_wconf 86' lang='lat' dir='ltr'><em>Arme-</em></span> 
     </span>
     <span class='ocr_line' id='line_1_125' title="bbox 1203 2793 2083 2837; baseline 0 -10"><span class='ocrx_word' id='word_1_892' title='bbox 1203 2794 1256 2827; x_wconf 85' lang='lat' dir='ltr'><em>nia</em></span> <span class='ocrx_word' id='word_1_893' title='bbox 1272 2819 1282 2833; x_wconf 92' lang='lat'>‚</span> <span class='ocrx_word' id='word_1_894' title='bbox 1298 2794 1446 2836; x_wconf 86' lang='lat' dir='ltr'><em>aliosque</em></span> <span class='ocrx_word' id='word_1_895' title='bbox 1462 2793 1664 2827; x_wconf 84' lang='lat' dir='ltr'><em>Eusebianos</em></span> <span class='ocrx_word' id='word_1_896' title='bbox 1676 2806 1713 2828; x_wconf 83' lang='lat' dir='ltr'><em>ac</em></span> <span class='ocrx_word' id='word_1_897' title='bbox 1726 2793 1990 2829; x_wconf 80' lang='lat' dir='ltr'><em>Macedonianos</em></span> <span class='ocrx_word' id='word_1_898' title='bbox 2005 2795 2083 2837; x_wconf 88' lang='lat' dir='ltr'><em>Epi-</em></span> 
     </span>
     <span class='ocr_line' id='line_1_126' title="bbox 1200 2842 2082 2887; baseline 0 -11"><span class='ocrx_word' id='word_1_899' title='bbox 1200 2844 1315 2887; x_wconf 87' lang='lat' dir='ltr'><em>scopos</em></span> <span class='ocrx_word' id='word_1_900' title='bbox 1326 2842 1481 2876; x_wconf 76' lang='lat' dir='ltr'><em>acceffiffe</em></span> <span class='ocrx_word' id='word_1_901' title='bbox 1496 2844 1535 2877; x_wconf 88' lang='lat' dir='ltr'><em>ad</em></span> <span class='ocrx_word' id='word_1_902' title='bbox 1549 2845 1673 2887; x_wconf 82' lang='lat' dir='ltr'><em>Julium</em></span> <span class='ocrx_word' id='word_1_903' title='bbox 1687 2855 1741 2879; x_wconf 89' lang='lat' dir='ltr'><em>aut</em></span> <span class='ocrx_word' id='word_1_904' title='bbox 1756 2844 1928 2879; x_wconf 89' lang='lat' dir='ltr'><em>Liberium</em></span> <span class='ocrx_word' id='word_1_905' title='bbox 1941 2845 2082 2879; x_wconf 86' lang='lat' dir='ltr'><em>Pontifi-</em></span> 
     </span>
     <span class='ocr_line' id='line_1_127' title="bbox 1201 2893 2081 2936; baseline 0.001 -10"><span class='ocrx_word' id='word_1_906' title='bbox 1201 2905 1271 2927; x_wconf 69' lang='lat' dir='ltr'><em>cem</em></span> <span class='ocrx_word' id='word_1_907' title='bbox 1284 2916 1294 2931; x_wconf 87' lang='lat'><strong>.</strong></span> <span class='ocrx_word' id='word_1_908' title='bbox 1319 2894 1351 2926; x_wconf 72' lang='grc' dir='ltr'><em>ὃ(</em></span> <span class='ocrx_word' id='word_1_909' title='bbox 1364 2904 1417 2935; x_wconf 86' lang='lat' dir='ltr'><em>per</em></span> <span class='ocrx_word' id='word_1_910' title='bbox 1430 2893 1516 2936; x_wconf 87' lang='lat' dir='ltr'><em>ipsos</em></span> <span class='ocrx_word' id='word_1_911' title='bbox 1530 2895 1622 2928; x_wconf 79' lang='lat' dir='ltr'><em>fuiffe</em></span> <span class='ocrx_word' id='word_1_912' title='bbox 1635 2894 1803 2929; x_wconf 88' lang='lat' dir='ltr'><em>absolutos</em></span> <span class='ocrx_word' id='word_1_913' title='bbox 1815 2895 1832 2928; x_wconf 75' lang='lat' dir='ltr'><em>a</em></span> <span class='ocrx_word' id='word_1_914' title='bbox 1844 2896 1940 2929; x_wconf 85' lang='lat' dir='ltr'><em>variis</em></span> <span class='ocrx_word' id='word_1_915' title='bbox 1951 2894 2081 2929; x_wconf 70' lang='lat' dir='ltr'><em>excessi·</em></span> 
     </span>
     <span class='ocr_line' id='line_1_128' title="bbox 1200 2942 2083 2987; baseline 0.002 -12"><span class='ocrx_word' id='word_1_916' title='bbox 1200 2944 1257 2976; x_wconf 88' lang='lat' dir='ltr'><em>bus</em></span> <span class='ocrx_word' id='word_1_917' title='bbox 1270 2969 1279 2983; x_wconf 89' lang='lat'>‚</span> <span class='ocrx_word' id='word_1_918' title='bbox 1309 2942 1464 2977; x_wconf 85' lang='lat' dir='ltr'><em>habemus</em></span> <span class='ocrx_word' id='word_1_919' title='bbox 1477 2945 1561 2987; x_wconf 87' lang='lat' dir='ltr'><em>apud</em></span> <span class='ocrx_word' id='word_1_920' title='bbox 1574 2945 1725 2978; x_wconf 64' lang='lat' dir='ltr'><em>sanctum</em></span> <span class='ocrx_word' id='word_1_921' title='bbox 1739 2944 1953 2979; x_wconf 76' lang='lat' dir='ltr'><em>Athanasium</em></span> <span class='ocrx_word' id='word_1_922' title='bbox 1968 2969 1978 2984; x_wconf 92' lang='lat'>‚</span> <span class='ocrx_word' id='word_1_923' title='bbox 2004 2945 2083 2977; x_wconf 87' lang='lat' dir='ltr'><em>San-</em></span> 
     </span>
     <span class='ocr_line' id='line_1_129' title="bbox 1204 2994 2083 3036; baseline 0.001 -10"><span class='ocrx_word' id='word_1_924' title='bbox 1204 2996 1288 3027; x_wconf 63' lang='lat' dir='ltr'><em>ctum</em></span> <span class='ocrx_word' id='word_1_925' title='bbox 1314 2994 1466 3027; x_wconf 83' lang='lat' dir='ltr'><em>Bafilium</em></span> <span class='ocrx_word' id='word_1_926' title='bbox 1484 3019 1494 3033; x_wconf 87' lang='lat'>‚</span> <span class='ocrx_word' id='word_1_927' title='bbox 1517 2995 1706 3036; x_wconf 86' lang='lat' dir='ltr'><em>Socratem,</em></span> <span class='ocrx_word' id='word_1_928' title='bbox 1732 2996 1765 3029; x_wconf 74' lang='grc' dir='ltr'><em>ὅ(</em></span> <span class='ocrx_word' id='word_1_929' title='bbox 1784 2996 1955 3029; x_wconf 87' lang='lat' dir='ltr'><em>Hermiam</em></span> <span class='ocrx_word' id='word_1_930' title='bbox 1978 2994 2083 3027; x_wconf 92' lang='lat' dir='ltr'><em>Zozo-</em></span> 
     </span>
     <span class='ocr_line' id='line_1_130' title="bbox 1201 3043 2083 3088; baseline -0.001 -11"><span class='ocrx_word' id='word_1_931' title='bbox 1201 3055 1334 3077; x_wconf 90' lang='lat' dir='ltr'><em>menum</em></span> <span class='ocrx_word' id='word_1_932' title='bbox 1351 3067 1358 3075; x_wconf 89' lang='lat'><strong><em>.</em></strong></span> <span class='ocrx_word' id='word_1_933' title='bbox 1386 3043 1429 3078; x_wconf 90' lang='lat' dir='ltr'><em>Et</em></span> <span class='ocrx_word' id='word_1_934' title='bbox 1442 3043 1481 3077; x_wconf 92' lang='lat' dir='ltr'><em>ad</em></span> <span class='ocrx_word' id='word_1_935' title='bbox 1494 3045 1647 3078; x_wconf 61' lang='lat' dir='ltr'><em>Sanctum</em></span> <span class='ocrx_word' id='word_1_936' title='bbox 1659 3045 1846 3088; x_wconf 82' lang='lat' dir='ltr'><em>Cyrillum,</em></span> <span class='ocrx_word' id='word_1_937' title='bbox 1873 3043 2083 3077; x_wconf 68' lang='lat' dir='ltr'><em>Alexandriae</em></span> 
     </span>
     <span class='ocr_line' id='line_1_131' title="bbox 1201 3092 2082 3137; baseline -0.001 -10"><span class='ocrx_word' id='word_1_938' title='bbox 1201 3092 1420 3127; x_wconf 81' lang='lat' dir='ltr'><em>Patriarcham</em></span> <span class='ocrx_word' id='word_1_939' title='bbox 1433 3105 1470 3127; x_wconf 87' lang='lat' dir='ltr'><em>ac</em></span> <span class='ocrx_word' id='word_1_940' title='bbox 1483 3094 1632 3137; x_wconf 84' lang='lat' dir='ltr'><em>Ephesmi</em></span> <span class='ocrx_word' id='word_1_941' title='bbox 1643 3095 1789 3129; x_wconf 88' lang='lat' dir='ltr'><em>Concilii</em></span> <span class='ocrx_word' id='word_1_942' title='bbox 1801 3093 1968 3127; x_wconf 79' lang='lat' dir='ltr'><em>Praefidem</em></span> <span class='ocrx_word' id='word_1_943' title='bbox 1979 3118 1989 3133; x_wconf 84' lang='lat'>,</span> <span class='ocrx_word' id='word_1_944' title='bbox 2012 3094 2082 3127; x_wconf 86' lang='lat' dir='ltr'><em>scri-</em></span> 
     </span>
     <span class='ocr_line' id='line_1_132' title="bbox 1204 3142 2083 3188; baseline 0 -11"><span class='ocrx_word' id='word_1_945' title='bbox 1204 3146 1261 3188; x_wconf 67' lang='lat' dir='ltr'><em>psit</em></span> <span class='ocrx_word' id='word_1_946' title='bbox 1276 3143 1431 3177; x_wconf 81' lang='lat' dir='ltr'><em>Pontifex</em></span> <span class='ocrx_word' id='word_1_947' title='bbox 1445 3144 1641 3179; x_wconf 77' lang='lat' dir='ltr'><em>Coelestinus</em></span> <span class='ocrx_word' id='word_1_948' title='bbox 1657 3157 1664 3177; x_wconf 78' lang='lat' dir='ltr'><em>z</em></span> <span class='ocrx_word' id='word_1_949' title='bbox 1691 3148 1745 3176; x_wconf 83' lang='lat' dir='ltr'><em>His</em></span> <span class='ocrx_word' id='word_1_950' title='bbox 1759 3155 1831 3186; x_wconf 87' lang='lat' dir='ltr'><em>quos</em></span> <span class='ocrx_word' id='word_1_951' title='bbox 1856 3154 1929 3186; x_wconf 83' lang='lat' dir='ltr'><em>erga</em></span> <span class='ocrx_word' id='word_1_952' title='bbox 1951 3142 2083 3177; x_wconf 84' lang='lat' dir='ltr'><em>Catholi-</em></span> 
     </span>
     <span class='ocr_line' id='line_1_133' title="bbox 1202 3192 2082 3237; baseline -0.002 -9"><span class='ocrx_word' id='word_1_953' title='bbox 1202 3207 1266 3228; x_wconf 87' lang='lat' dir='ltr'><em>cam</em></span> <span class='ocrx_word' id='word_1_954' title='bbox 1280 3193 1371 3235; x_wconf 80' lang='lat' dir='ltr'><em>fidem</em></span> <span class='ocrx_word' id='word_1_955' title='bbox 1383 3202 1436 3226; x_wconf 82' lang='lat' dir='ltr'><em>tua</em></span> <span class='ocrx_word' id='word_1_956' title='bbox 1449 3199 1642 3228; x_wconf 81' lang='lat' dir='ltr'><em>Fraternitas</em></span> <span class='ocrx_word' id='word_1_957' title='bbox 1655 3196 1728 3228; x_wconf 84' lang='lat' dir='ltr'><em>dicit</em></span> <span class='ocrx_word' id='word_1_958' title='bbox 1735 3192 1766 3237; x_wconf 87' lang='lat' dir='ltr'><em>sc</em></span> <span class='ocrx_word' id='word_1_959' title='bbox 1777 3193 1884 3228; x_wconf 87' lang='lat' dir='ltr'><em>babere</em></span> <span class='ocrx_word' id='word_1_960' title='bbox 1907 3192 2057 3237; x_wconf 73' lang='lat' dir='ltr'><em>suJ‘pec‘Ios</em></span> <span class='ocrx_word' id='word_1_961' title='bbox 2072 3218 2082 3234; x_wconf 93' lang='lat'>,</span> 
     </span>
     <span class='ocr_line' id='line_1_134' title="bbox 1200 3243 2082 3287; baseline -0.001 -9"><span class='ocrx_word' id='word_1_962' title='bbox 1200 3243 1228 3285; x_wconf 85' lang='lat' dir='ltr'><em>fi</em></span> <span class='ocrx_word' id='word_1_963' title='bbox 1245 3247 1359 3285; x_wconf 82' lang='lat' dir='ltr'><em>Scripta</em></span> <span class='ocrx_word' id='word_1_964' title='bbox 1383 3245 1545 3277; x_wconf 80' lang='lat' dir='ltr'><em>direxerint</em></span> <span class='ocrx_word' id='word_1_965' title='bbox 1558 3269 1568 3285; x_wconf 89' lang='lat'><strong><em>,</em></strong></span> <span class='ocrx_word' id='word_1_966' title='bbox 1590 3253 1646 3286; x_wconf 88' lang='lat' dir='ltr'><em>pro</em></span> <span class='ocrx_word' id='word_1_967' title='bbox 1666 3246 1814 3287; x_wconf 79' lang='lat' dir='ltr'><em>qualitate</em></span> <span class='ocrx_word' id='word_1_968' title='bbox 1832 3255 1930 3278; x_wconf 88' lang='lat' dir='ltr'><em>rerum</em></span> <span class='ocrx_word' id='word_1_969' title='bbox 1960 3250 2004 3277; x_wconf 88' lang='lat' dir='ltr'><em>eis</em></span> <span class='ocrx_word' id='word_1_970' title='bbox 2028 3255 2082 3277; x_wconf 87' lang='lat' dir='ltr'><em>nos</em></span> 
     </span>
     <span class='ocr_line' id='line_1_135' title="bbox 1205 3291 2082 3338; baseline -0.001 -12"><span class='ocrx_word' id='word_1_971' title='bbox 1205 3294 1372 3337; x_wconf 77' lang='lat' dir='ltr'><em>respondere</em></span> <span class='ocrx_word' id='word_1_972' title='bbox 1386 3294 1488 3336; x_wconf 83' lang='lat' dir='ltr'><em>neceffe</em></span> <span class='ocrx_word' id='word_1_973' title='bbox 1499 3294 1535 3334; x_wconf 87' lang='lat' dir='ltr'><em>est</em></span> <span class='ocrx_word' id='word_1_974' title='bbox 1547 3320 1556 3335; x_wconf 89' lang='lat'>‚</span> <span class='ocrx_word' id='word_1_975' title='bbox 1567 3300 1613 3328; x_wconf 65' lang='lat' dir='ltr'><em>jn</em></span> <span class='ocrx_word' id='word_1_976' title='bbox 1624 3306 1679 3336; x_wconf 90' lang='lat' dir='ltr'><em>quo</em></span> <span class='ocrx_word' id='word_1_977' title='bbox 1690 3300 1800 3338; x_wconf 86' lang='lat' dir='ltr'><em>negotio</em></span> <span class='ocrx_word' id='word_1_978' title='bbox 1823 3305 1907 3328; x_wconf 88' lang='lat' dir='ltr'><em>nemo</em></span> <span class='ocrx_word' id='word_1_979' title='bbox 1925 3291 2082 3337; x_wconf 86' lang='lat' dir='ltr'><em>subrepit,</em></span> 
     </span>
     <span class='ocr_line' id='line_1_136' title="bbox 1204 3343 2079 3392; baseline -0.002 -15"><span class='ocrx_word' id='word_1_980' title='bbox 1204 3351 1342 3388; x_wconf 80' lang='lat' dir='ltr'><em>quiatota</em></span> <span class='ocrx_word' id='word_1_981' title='bbox 1352 3350 1483 3377; x_wconf 82' lang='lat' dir='ltr'><em>cautione</em></span> <span class='ocrx_word' id='word_1_982' title='bbox 1506 3345 1674 3377; x_wconf 68' lang='lat' dir='ltr'><em>trac‘iatur.</em></span> <span class='ocrx_word' id='word_1_983' title='bbox 1703 3345 1851 3392; x_wconf 83' lang='lat' dir='ltr'><em>Qidam</em></span> <span class='ocrx_word' id='word_1_984' title='bbox 1874 3345 1908 3378; x_wconf 91' lang='lat' dir='ltr'><em>in</em></span> <span class='ocrx_word' id='word_1_985' title='bbox 1936 3343 2079 3378; x_wconf 86' lang='lat' dir='ltr'><em>Nestorii</em></span> 
     </span>
    </p>
   </div>
   <div class='ocr_carea' id='block_1_12' title="bbox 1183 3393 2079 3491">
    <p class='ocr_par' dir='ltr' id='par_1_14' title="bbox 1183 3393 2079 3491">
     <span class='ocr_line' id='line_1_137' title="bbox 1184 3393 2079 3477; baseline -0.002 -47"><span class='ocrx_word' id='word_1_986' title='bbox 1184 3396 1342 3448; x_wconf 56' lang='lat' dir='ltr'><em>{errorem</em></span> <span class='ocrx_word' id='word_1_987' title='bbox 1364 3404 1420 3429; x_wconf 91' lang='lat' dir='ltr'><em>aut</em></span> <span class='ocrx_word' id='word_1_988' title='bbox 1447 3395 1667 3477; x_wconf 54' lang='grc' dir='ltr'><em>Ρειῑποεὶοὶῐιὲηι</em></span> <span class='ocrx_word' id='word_1_989' title='bbox 1694 3395 1768 3439; x_wconf 77' lang='lat' dir='ltr'><em>lapsi</em></span> <span class='ocrx_word' id='word_1_990' title='bbox 1796 3394 1883 3440; x_wconf 81' lang='lat' dir='ltr'><em>apud</em></span> <span class='ocrx_word' id='word_1_991' title='bbox 1911 3393 2079 3474; x_wconf 53' lang='lat' dir='ltr'><em>Epllitesum</em></span> 
     </span>
     <span class='ocr_line' id='line_1_138' title="bbox 1183 3450 2031 3491; baseline -0.004 -27"><span class='ocrx_word' id='word_1_992' title='bbox 1183 3450 1189 3464; x_wconf 73' lang='grc' dir='ltr'>ι</span> <span class='ocrx_word' id='word_1_993' title='bbox 1687 3455 1705 3491; x_wconf 82' lang='lat'><em>3</em></span> <span class='ocrx_word' id='word_1_994' title='bbox 1987 3454 2031 3485; x_wconf 57' lang='grc' dir='ltr'><em>ΡΙ,</em></span> 
     </span>
    </p>
   </div>
   <div class='ocr_carea' id='block_1_13' title="bbox 2090 728 2226 765">
    <p class='ocr_par' dir='ltr' id='par_1_15' title="bbox 2090 728 2226 765">
     <span class='ocr_line' id='line_1_139' title="bbox 2090 728 2226 765; baseline -0.015 -8"><span class='ocrx_word' id='word_1_995' title='bbox 2090 728 2161 765; x_wconf 85' lang='lat' dir='ltr'><em>Cap.</em></span> <span class='ocrx_word' id='word_1_996' title='bbox 2181 735 2226 761; x_wconf 76' lang='grc' dir='ltr'><em>ις.</em></span> 
     </span>
    </p>
   </div>
   <div class='ocr_carea' id='block_1_14' title="bbox 2107 2581 2215 2617">
    <p class='ocr_par' dir='ltr' id='par_1_16' title="bbox 2107 2581 2215 2617">
     <span class='ocr_line' id='line_1_140' title="bbox 2107 2581 2215 2617; baseline -0.009 -5"><span class='ocrx_word' id='word_1_997' title='bbox 2107 2581 2165 2612; x_wconf 79' lang='lat' dir='ltr'><em>Lib.</em></span> <span class='ocrx_word' id='word_1_998' title='bbox 2191 2591 2215 2617; x_wconf 84' lang='lat'><em>5.</em></span> 
     </span>
    </p>
   </div>
  </div>
 </body>
</html>
