2352 3756
78 260 161 308 'Cam
173 287 200 315 4.
216 279 248 311 δε

87 337 116 365 5·

115 1917 237 1956 fraga..

600 126 674 157 nc
709 121 1245 156 snrlsrACTIONUM
1282 106 1754 161 hinni-oenum,

263 211 307 238 ne
327 190 432 246 laps'ds
453 198 494 235 ad
507 199 635 245 plenam
659 197 811 233 omnium
823 194 983 241 graduum
992 192 1149 238 poeuiten-

263 254 346 287 tiam
370 251 506 286 damnat
527 251 629 285 etiam
648 249 827 290 Ancyrana
847 245 999 289 Synodus
1011 268 1022 285 ,
1049 253 1147 288 atque

263 303 416 348 adjungit
439 315 447 335 ι
474 304 639 335 statuimus
666 308 705 333 ut
723 295 867 341 Eptfhopt
888 321 899 337 ,
925 297 1014 328 modo
1030 304 1148 327 conver-

258 351 393 398 sationsr
416 357 605 390 examinato,
626 348 802 393 potestatem
818 345 951 379 babeant
971 346 1025 379 vel
1045 345 1148 378 utendi

264 404 440 444 clementia,
468 403 521 436 vel
537 403 611 445 plus
635 403 774 441 temporis
785 397 950 438 adjiciendi·
963 419 970 426 .
1000 399 1077 428 Ante
1088 405 1148 427 om-

265 459 319 488 nia
329 460 427 486 autem
448 452 482 485 (5
487 452 662 495 praecedens
676 455 765 488 vita,
793 448 905 489 &quae
918 443 1067 488 consecuta
1088 443 1148 484 est,

264 509 474 543 examinetur,
501 505 536 537 <it
553 501 594 544 fic
613 506 655 535 ete
680 500 836 533 clement-ia
862 500 1049 537 impartietur
1063 520 1070 527 .
1097 495 1150 528 Se·

264 552 410 594 enudas,
437 553 514 586 licet
535 549 750 596 improbarit,
776 557 853 581 cum
879 546 942 580 levi
963 555 1072 580 tamen
1086 555 1147 588 poe-

264 603 406 637 nitentia
419 602 564 646 permisit
576 626 590 643 ,
612 599 724 635 tertias
742 609 812 631 non
831 596 889 631 nisi
902 607 944 630 ex
954 594 1147 640 graviffimis

263 652 399 687 indulsit
418 653 521 687 caufis
536 675 551 693 2
571 659 700 695 quartas
718 657 830 682 autem
849 647 981 689 nuptias
993 645 1033 678 ad
1045 644 1144 678 forni-

262 703 413 738 cationes
435 704 558 746 femper
579 699 760 745 proscripsit
783 696 964 732 orientalis
982 694 1142 732 Ecclesia,

262 753 409 798 ideoque
424 749 694 787 Neocaesariensis·
713 746 866 791 Synodus
880 745 990 779 statuit
1004 756 1011 776 :
1040 747 1086 777 De
1098 743 1145 777 bis

263 809 317 847 qui
328 807 360 834 m
367 796 518 848 plurimas
530 806 655 842 nuptias
667 800 839 834 inciderunt
850 819 861 836 ‚
888 803 1004 836 tempus
1025 795 1145 837 quidem

258 846 494 897 praefinitumest
515 848 705 891 manifestum
722 871 730 879 .
758 848 824 879 Sed
840 842 1023 887 conversatio
1049 855 1145 878 eorum

263 905 303 938 Θ
315 903 391 946 fides
402 909 517 943 tempus
528 898 708 934 abbreviat.
737 895 817 930 Hoc
838 894 883 928 est
894 918 907 935 ,
934 903 1065 938 propter
1079 896 1148 929 ani-

262 954 314 987 mi
335 953 466 987 fidelem
487 951 521 985 in
536 945 718 993 peragenda
730 946 924 989 poenitentia
935 944 1145 990 diligentiam

264 1003 448 1047 Episcopus
476 999 573 1045 possit
600 998 800 1043 singu-larum
834 995 982 1030 classium·
1018 1004 1146 1038 tempus

262 1052 469 1087 abbreviare.
499 1051 544 1084 Et
567 1046 666 1082 hosce
693 1046 850 1081 Canones
875 1045 1037 1088 respexit,
1064 1045 1146 1089 ipso-

261 1101 545 1146 rumque-partim
568 1098 687 1138 verba,
717 1097 834 1142 partim
856 1096 985 1130 sensum
1011 1095 1146 1135 inseruit

262 1152 372 1197 ptimo
396 1153 444 1186 sui
464 1149 664 1194 Capitularis
684 1147 784 1181 titulo
810 1147 897 1180 Isaac
923 1145 1146 1190 Lingonensis

263 1203 447 1246 Episcopus
459 1215 469 1235 :
498 1202 596 1234 Penes
617 1196 764 1241 Episopos
786 1201 842 1230 erit
848 1194 975 1239 potestas
989 1218 1005 1236 ‚
1026 1195 1145 1228 modum

262 1251 496 1296 conversationis
517 1254 730 1293 paenitentiam
753 1246 914 1290 probantes
933 1268 945 1285 ,
969 1246 1023 1278 vel
1043 1243 1145 1278 buma-

261 1303 337 1338 ntur
352 1314 424 1347 erga
442 1313 490 1336 eor
514 1312 619 1344 agere,
650 1299 701 1332 vel
719 1298 849 1340 amplius
861 1305 978 1338 tempus
989 1296 1120 1334 adjicere
1134 1321 1142 1329 .

264 1357 348 1387 Ante
366 1357 466 1385 omnin
487 1353 556 1384 vere
578 1350 740 1391 precedens
774 1357 869 1381 eorum
898 1351 969 1380 vita
1001 1347 1037 1380 et
1056 1344 1145 1386 poste-

263 1409 329 1438 rior·
348 1406 516 1445 inquiratur
527 1414 538 1434 :
566 1403 612 1432 Et
635 1406 681 1432 ita
690 1405 731 1432 eit
742 1402 939 1439 impartiatur
947 1394 1120 1428 humanitas
1131 1419 1138 1427 .

266 1451 464 1495 conversatio
468 1454 676 1493 poem'tenttum
698 1448 732 1481 er
749 1447 828 1490 fides
841 1454 956 1488 tempus
967 1445 1127 1478 abbreviat
1138 1468 1145 1476 .

264 1496 443 1544 sanfam·
462 1505 646 1543 poennentrae
671 1509 728 1531 non
756 1495 794 1537 est
819 1506 883 1530 tam
901 1501 1040 1538 temporis
1058 1497 1146 1539 longi-

261 1554 373 1586 tudine
383 1575 394 1592 ‚
405 1552 496 1595 quum
506 1553 601 1583 cordis
612 1547 828 1591 compunmone
835 1544 997 1590 pensanda
1009 1570 1015 1577 .
1042 1545 1146 1593 Qod

261 1601 372 1644 ipsum
383 1603 567 1644 frequenter
579 1598 689 1633 scribit
701 1598 834 1631 Sanetus
847 1596 1052 1641 Augustinus
1066 1620 1074 1628 .
1105 1594 1147 1629 Et

260 1651 307 1686 de
317 1650 433 1685 Eriath
445 1652 574 1685 Franco
585 1672 598 1689 ,
625 1648 683 1690 qui
696 1644 904 1680 Monachum
919 1644 1146 1686 Presbyterum

260 1700 429 1735 occiderat
451 1725 463 1740 ,
488 1700 523 1734 ἀ
544 1709 605 1743 pro
627 1696 839 1741 Indulgentia
867 1695 1036 1729 accesserat
1057 1693 1149 1737 Apo-

262 1749 414 1786 stolicam
448 1747 563 1784 Sedem
583 1774 594 1790 ‚
619 1746 660 1781 ad
693 1747 918 1781 Hincmarum
949 1745 1146 1778 Remensem

262 1799 559 1846 Archiepiscopum
581 1797 692 1832 scribit
713 1796 747 1831 in
767 1793 969 1830 exstantibus
990 1793 1075 1837 apud
1100 1793 1148 1836 Ju-

260 1851 397 1887 cobum‘
410 1848 624 1884 sirmondum
647 1846 838 1891 fragmentis
848 1844 1013 1879 Nicolaus
1026 1845 1147 1887 primus

254 1899 439 1937 Pontifex:
467 1898 560 1942 Usque
584 1899 627 1931 ad
635 1907 759 1930 mortem
776 1900 965 1937 penitentiae
975 1895 1040 1935 ejus·
1050 1905 1145 1936 quan-

258 1958 339 1985 maes
359 1951 483 1986 extend!
503 1948 641 1982 debuerat
654 1972 665 1988 ,
688 1946 744 1989 sed
764 1947 951 1980 devotionem
973 1945 1038 1985 ejus
1051 1943 1144 1986 fidet,

252 2001 320 2044 five
341 2007 413 2044 quta
433 1997 627 2042 adsuffragia
648 1997 842 2039 Apostolorum
855 1995 1067 2037 festinaverit,
1093 1992 1145 2026 bu-

259 2052 379 2084 mant'ns
399 2061 464 2085 cum
485 2050 534 2082 illo
549 2052 734 2091 peregimus.
764 2045 855 2091 Quia
877 2045 919 2079 ad
939 2045 1143 2078 consumma·

1913 130 2004 169 291

1206 191 1335 236 populis
1353 190 1394 225 ad
1421 191 1546 226 Divina
1572 205 1651 230 tunc
1678 199 1786 233 officia
1811 199 2075 236 confluentibus.

1208 241 1322 277 Exstat
1346 241 1482 285 epistola
1504 242 1590 285 apud
1617 245 1828 283 Laurentium
1855 251 1985 285 Surium
2008 252 2078 295 post
2139 269 2141 272 ·

1206 293 1308 327 vitam
1322 291 1453 332 ‚laudati
1475 290 1643 327 Guiberti.
1669 295 1782 333 Habet
1802 300 1955 341 quasdam
1968 301 2081 344 spuriae

1207 342 1435 387 suppositionis
1453 353 1549 377 notas
1561 368 1568 374 .
1597 343 1732 377 Etenim
1745 344 1914 383 Romanos
1924 350 2080 385 Cardina-

1207 393 1252 428 les
1273 404 1388 430 contra
1408 394 1499 427 istius
1521 393 1627 430 saeculi
1652 404 1778 427 morem
1792 400 1944 438 praeponit
1964 399 2081 436 Archi-

1207 443 1366 488 episcopis
1387 443 1422 478 <Sc
1440 442 1628 487 Episcopis.
1656 442 1738 487 Ejus
1757 444 1889 478 interim
1909 447 1950 480 de
1970 450 2082 484 Indul-

1206 495 1326 538 gentiis
1351 495 1556 529 assertionem
1583 494 1757 529 confirmat
1782 505 1939 539 magnum
1974 496 2080 542 Belgii

1208 543 1424 584 Chronicon,
1450 544 1483 577 ὃς
1506 543 1656 578 extendit
1676 544 1717 578 ad
1729 545 1832 579 varias
1841 544 1926 588 apud
1950 556 2010 579 nos
2022 547 2081 582 Ec-

1206 595 1313 628 clefias
1325 619 1333 627 .
1359 593 1531 640 Qidquid
1545 594 1580 628 sit
1590 617 1601 633 ,
1621 605 1744 628 certum
1753 595 1797 629 est
1811 594 1896 629 hanc
1906 594 2081 640 Indulgen-

1207 645 1257 677 tiae
1276 641 1417 686 formam
1442 644 1506 679 effe
1527 645 1666 687 septimo
1689 645 1852 690 Gregorio
1873 645 1975 690 longe
1999 648 2083 682 anti-

1207 694 1368 738 quiorem.
1405 695 1537 729 Etenim
1560 694 1618 728 sub
1639 695 1774 738 Joannis
1789 694 1932 739 vigesimi
1947 695 2082 730 Pontifi-

1206 755 1279 778 catu
1296 745 1454 779 celebrata
1476 743 1717 779 Lemovieenfis
1729 744 1883 787 Synodus
1893 746 2017 780 cunctis
2028 745 2083 781 ad-

1207 794 1337 829 versum
1347 796 1470 839 privata
1482 795 1566 829 bella
1579 795 1736 829 sancitam-
1748 806 1861 839 pacem
1882 796 2082 833 servantibus

1206 843 1295 879 dedit
1319 845 1562 880 absolutionem
1588 856 1794 888 peccatorum
1825 857 1862 879 ac
1891 845 2083 880 benedictio-

1207 905 1282 928 nem
1302 904 1452 930 aeternam
1465 920 1476 936 ‚
1503 906 1596 939 atque
1618 894 1792 937 conclusit:
1820 897 1968 930 Concedat
1980 902 2082 938 propi-

1206 949 1266 977 tius
1276 947 1376 986 Deus,
1405 954 1437 979 ut
1448 958 1566 987 omnes,
1593 945 1648 988 qul
1655 947 1698 978 ad
1702 945 1921 988 solemnitatem
1941 952 2083 979 anniver-

1202 993 1320 1037 sariam
1343 997 1538 1029 dedicationis·
1559 995 1647 1037 huius
1668 995 1800 1037 Bafilicae
1811 995 1951 1029 hodierna
1962 998 2010 1030 die
2019 1007 2085 1029 con-

1207 1045 1348 1087 venistis,
1377 1047 1574 1079 intercedente
1587 1046 1678 1079 ‘beato
1703 1047 1842 1078 Martiale
1862 1046 1989 1088 Apostolo
2006 1070 2016 1086 ,
2047 1048 2083 1082 (9⁴

1207 1101 1321 1129 ceteris
1339 1096 1457 1128 sanun
1474 1095 1540 1139 suis
1551 1120 1562 1135 ‚
1588 1107 1709 1138 quorum
1719 1098 1862 1138 Reliquiae
1876 1096 1924 1129 hic
1933 1101 1983 1138 pio
1993 1107 2080 1130 vene<

1208 1154 1314 1178 rantur
1334 1157 1436 1179 amore
1453 1169 1464 1185 ,
1492 1144 1640 1188 vobtscum
1667 1145 1735 1179 binc
1756 1152 1875 1187 veniam
1892 1155 2080 1188 peccatorum

1208 1195 1366 1235 vestrorum
1387 1202 1536 1237 reportare
1557 1196 1707 1228 valeatis.
1735 1195 1817 1229 Non
1840 1198 1905 1239 ipsa
1922 1197 1999 1235 dat,
2025 1195 2081 1230 sed

1211 1246 1271 1285 jam
1295 1255 1389 1279 antea
1407 1246 1441 1279 in
1460 1245 1552 1279 istius
1574 1245 1721 1279 Ecclefiae
1742 1245 1952 1280 dedicatione
1971 1247 2083 1285 datam

1211 1295 1362 1338 supponit
1383 1294 1629 1340 Indulgentiam
1643 1320 1650 1328 .
1679 1295 1760 1339 Ejus
1781 1296 2024 1339 perceptionem
2044 1307 2083 1330 ac

1210 1346 1347 1379 fructum
1368 1346 1490 1380 cunetis
1510 1345 1573 1380 isto
1594 1355 1684 1379 anno
1707 1345 1914 1389 praesentibus
1939 1357 2085 1389 appreca-

1210 1406 1279 1428 tur.
1307 1395 1351 1429 Et
1362 1394 1452 1439 quod
1473 1394 1808 1441 SanetusAnglorum
1827 1395 1903 1430 Rex
1915 1396 2085 1430 Eduardus

1211 1446 1354 1479 Romam
1377 1446 1418 1479 ad
1441 1445 1663 1489 percipiendas
1684 1445 1914 1490 Indulgentias
1935 1444 2087 1486 accedere

1212 1496 1336 1529 voverit
1358 1519 1370 1535 ‚
1396 1495 1429 1529 δε
1448 1495 1538 1539 qued
1565 1495 1649 1529 istud
1687 1506 1803 1530 votum
1835 1497 1868 1529 in
1889 1495 2087 1531 Monasterii

1209 1543 1460 1580 aedificationem
1483 1556 1559 1580 cum
1578 1545 1692 1580 eadem
1712 1545 1922 1591 Indulgentia
1942 1557 2088 1581 commu-

1209 1595 1326 1630 taverit
1347 1595 1483 1630 Sanctus
1504 1596 1574 1631 Leo
1596 1607 1705 1630 nonus
1728 1619 1739 1636 ,
1766 1596 1857 1639 supra
1880 1596 1975 1630 nobis
2001 1596 2087 1631 dixit

1211 1644 1372 1678 Nicolaus
1382 1645 1543 1680 secundus
1555 1671 1562 1678 .
1590 1644 1736 1680 Proinde
1745 1645 1785 1680 ad
1797 1643 1958 1680 Romanae
1977 1646 2089 1680 Eccle-

1208 1694 1254 1726 sia!
1276 1694 1426 1728 Basilicas
1452 1695 1504 1737 pia
1526 1696 1743 1739 peregrinatio
1766 1696 1930 1740 gaudebat
1947 1691 2026 1731 tude
2038 1697 2093 1730 In-

1209 1742 1415 1788 dulgentiis.
1447 1743 1491 1777 Et
1527 1745 1561 1777 in
1591 1743 1772 1788 diplomate
1794 1769 1806 1785 ,
1831 1756 1900 1787 quo
1933 1747 2089 1781 Cavensis

1210 1793 1404 1828 Monasterii
1423 1793 1667 1828 dedicationem
1687 1793 1886 1837 honoravit,
1912 1794 1980 1830 haec
1992 1795 2090 1830 habet

1211 1843 1372 1878 Urbanus
1397 1844 1574 1880 secundus:
1601 1847 1788 1888 ,Quicumque
1810 1851 1843 1879 in
1853 1845 2090 1888 statupoeniten-

1208 1899 1259 1926 tiae
1279 1893 1390 1936 pofitus
1408 1893 1528 1936 fuerit,
1554 1896 1588 1929 er
1610 1897 1653 1928 ad
1674 1894 1752 1929 bunc
1770 1897 1861 1929 locum
1871 1896 2092 1940 acoedensfue-

1207 1949 1247 1978 rit
1269 1944 1312 1978 ibi
1336 1954 1395 1977 uno
1413 1945 1460 1978 die
1471 1954 1543 1978 ame
1564 1944 1653 1988 ipfius
1674 1943 1811 1988 Bafilicae
1823 1944 2067 1989 consecramnem
2079 1972 2089 1988 ‚

1205 1997 1239 2029 (ν
1255 2004 1310 2038 per
1332 2002 1428 2028 totum
1446 1995 1524 2028 diem
1542 1993 1736 2038 sequentem,
1763 2006 1812 2029 nec
1831 2008 1888 2029 non
1911 1999 1945 2031 ό·
1967 1996 2016 2030 dte
2026 1998 2056 2039 J
2060 2009 2088 2030 o-

1206 2049 1256 2079 τίς
1273 2044 1378 2088 [αηέῖα
1390 2067 1400 2083 ,
1426 2053 1516 2088 atque
1533 2053 1590 2087 per·
1611 2054 1706 2079 totum
1728 2046 1808 2080 dtem
1818 2050 1941 2082 Veneris
1945 2046 1972 2090 s
1969 2047 2089 2081 anc‘lum'

259 2109 312 2135 tos
322 2101 484 2143 Martyres
496 2097 675 2141 Apostolos
687 2095 876 2133 accesserat,
899 2093 949 2128 uti
968 2093 1051 2128 olim
1067 2093 1140 2136 lapsi
1200 2093 1371 2138 sequentem
1383 2115 1393 2132 ,
1426 2095 1466 2127 de
1487 2094 1620 2127 omnibus
1638 2102 1775 2137 peccatis
1793 2119 1806 2135 ‚
1829 2099 1868 2130 de
1888 2096 1996 2140 quibus
2014 2099 2088 2132 vere*

258 2150 458 2187 accedebant
479 2149 521 2182 ad
536 2146 721 2191 designatos
742 2143 921 2187 Martyres.
952 2142 1052 2177 Plura
1067 2143 1141 2177 sunt
1204 2150 1352 2178 contritus
1366 2143 1466 2186 fuerit
1489 2143 1669 2187 &confeffus
1682 2169 1692 2185 ‚
1716 2146 1801 2178 illam
1823 2147 2086 2191 indulgentiam&

258 2200 451 2246 hujusmodi
461 2197 597 2241 antiqua
609 2198 751 2231 Decreta
762 2205 861 2238 atque
872 2193 1021 2237 exempla
1032 2219 1039 2225 .

315 2247 587 2298 Qartaquaessio
597 2246 662 2285 est,
689 2246 746 2279 An
760 2243 927 2279 homicida
949 2244 1006 2278 ille
1019 2243 1141 2278 Roma-

255 2314 338 2338 nam
358 2301 541 2335 unctorum
565 2295 804 2340 Apostolorum
828 2294 997 2329 Basilicam
1018 2305 1077 2337 pro
1089 2305 1139 2327 ac-

256 2349 410 2395 cipienda
429 2347 637 2392 indulgentia
659 2346 820 2380 accesserit
841 2369 853 2385 ,
889 2345 1037 2386 adeoque
1057 2342 1138 2378 datar

254 2400 401 2436 Basilicis
412 2396 704 2443 Indulgentizsint
731 2395 776 2430 ita
794 2394 935 2438 antiquae
948 2394 964 2426 ἓ
990 2394 1136 2437 Respon-

257 2453 322 2486 deo
332 2447 538 2485 affirmative.
565 2445 660 2480 Licet
679 2446 769 2479 enim
793 2444 861 2479 haec
877 2444 1037 2479 Nicolaus
1050 2443 1136 2478 Pon-

256 2503 339 2536 tifex
351 2511 419 2534 non
431 2499 543 2533 asserat
554 2520 566 2537 ‚
590 2496 626 2530 δε
638 2507 703 2541 ego
715 2507 783 2529 non
796 2495 921 2529 valeam
937 2494 1133 2529 demonstra·

256 2563 291 2586 re
304 2577 314 2591 ,
339 2549 526 2585 constanter
544 2556 652 2581 tamen
674 2546 780 2580 asserit
799 2545 832 2578 in
846 2544 982 2588 epistola
1000 2543 1039 2578 ad
1054 2543 1135 2577 Rix-

256 2602 380 2636 fridum
402 2597 644 2641 Trajesstensem
663 2596 864 2637 Episcopum
887 2594 1021 2627 sanstus
1046 2593 1131 2638 Lug-

255 2652 352 2686 derus
366 2649 544 2692 Episcopus
556 2644 832 2680 Monasterienfis:
859 2644 986 2677 stannus
998 2647 1056 2676 Leo
1074 2646 1132 2676 Pa-

252 2711 298 2745 pa
311 2706 437 2738 tertius,
462 2709 540 2730 anno
566 2700 727 2729 Dominicae
748 2698 968 2727 Incarnatioms
988 2694 1131 2737 offingen-

254 2752 352 2793 tefimo
361 2755 446 2784 tertio
457 2774 466 2790 ‚
493 2759 557 2781 cum
568 2758 678 2790 magna
683 2743 802 2788 suorum
817 2744 1030 2776 cardinalium
1044 2767 1055 2784 ‚
1076 2747 1129 2778 Ar-

256 2799 501 2844 chlepiscoporum
520 2798 553 2830 (9⁶
574 2795 772 2830 Praelatorum
794 2794 984 2826 multitudine
1005 2794 1049 2826 ad
1072 2797 1130 2827 Im-

252 2861 420 2894 peratorem
439 2848 578 2882 carolum
601 2851 631 2878 in
654 2849 850 2878 Germaniam
872 2848 1018 2882 veniens,
1047 2843 1129 2877 &ab

256 2903 354 2936 eodem
375 2896 767 2942 Imperatoreimperialtter
792 2906 857 2927 cum
876 2891 940 2935 fitis
960 2891 1127 2936 susceptus,

254 2957 334 2984 inter
355 2950 449 2982 multa
464 2952 588 2990 pietatts
606 2945 667 2988 suae
687 2953 776 2987 opera
798 2967 808 2983 ,
837 2942 977 2983 instantia
998 2942 1128 2986 ejusdem

254 3000 428 3039 serentffimt
461 3002 651 3039 Imperatoris
683 2997 717 3029 6·
742 2998 832 3038 Regis
854 3017 864 3033 ,
894 2991 1074 3036 aquisgrani
1096 2999 1128 3027 tn

256 3051 378 3084 Palatio
397 3048 552 3081 dedicavit
573 3045 730 3088 Ecclefiam
750 3052 901 3086 perpetuae
919 3047 1052 3086 Virginis
1063 3046 1127 3076 Ma-

254 3106 311 3135 riae
332 3123 343 3140 ,
369 3099 486 3131 donans
506 3098 631 3131 eandem
662 3093 817 3135 Ecclefiam
847 3093 949 3126 multis
972 3094 1128 3137 Jndulgen·

251 3156 323 3186 tiis.
350 3147 461 3181 Etiam
478 3145 563 3190 apud
585 3144 806 3189 Agrippinam
816 3141 994 3177 Coloniam
1008 3143 1127 3178 &alias

251 3197 436 3234 Germaniae
466 3197 614 3230 civitates
641 3195 778 3238 affirmat
803 3193 845 3228 ab
873 3193 940 3236 ipso
960 3191 1053 3226 fuisse
1073 3192 1126 3228 de-

249 3250 358 3286 dicata
380 3248 470 3290 plura
494 3245 620 3279 Altaria
639 3242 736 3287 atque
761 3243 940 3282 Ecdeffls,
966 3242 1125 3277 &omnes

250 3299 428 3336 honoratas
447 3295 576 3340 magnis
596 3294 815 3338 Indulgentiis
834 3317 841 3324 .
869 3291 1006 3326 Easdem
1034 3293 1124 3327 addit

250 3349 342 3384 datas
354 3346 509 3382 omnibus
531 3342 767 3378 celebrantibus
786 3342 903 3377 festum
925 3342 1031 3376 Sansti
1045 3342 1122 3376 Gui-

251 3399 355 3439 berti,
381 3395 549 3431 verdensis
570 3394 604 3427 in
625 3394 744 3427 Rheno
757 3392 871 3427 Insulae
890 3392 1064 3436 Apostoli,
1091 3395 1122 3427 ὅς

348 3447 453 3488 christ.
469 3451 545 3489 Lupi
557 3449 656 3487 Opera
668 3448 700 3476 T.
714 3446 762 3477 VI.

1202 2200 1324 2229 ventam
1351 2195 1372 2226 ἃ
1398 2196 1524 2226 Domino
1551 2193 1746 2237 consequatur
1767 2219 1779 2237 ,
1805 2206 1894 2238 quam
1920 2207 2085 2233 mereretur

1201 2252 1235 2278 in
1255 2245 1350 2280 eundo
1371 2246 1406 2279 Θ
1430 2244 1582 2277 redeundo
1599 2246 1644 2276 ad
1652 2245 1792 2278 Sanae‘lum
1797 2247 1829 2289 J
1829 2247 1948 2281 acobum
1961 2252 2082 2291 Compo-

1193 2295 1348 2335 stellanum
1373 2321 1380 2329 .
1408 2292 1499 2338 Ergo
1522 2293 1789 2338 Compostellana
1815 2297 1957 2332 Ecclesia
1985 2298 2082 2335 habe-

1200 2346 1253 2380 bat
1266 2356 1345 2380 tunc
1355 2344 1480 2388 amplas
1490 2344 1714 2389 Indulgentias
1725 2369 1731 2377 .
1744 2347 1951 2382 Remensium
1962 2349 2080 2384 Archi-

1197 2396 1368 2440 episcopus
1385 2393 1560 2439 Turpinus
1584 2396 1709 2429 cunetis
1737 2397 1892 2432 Carolum
1919 2411 2076 2444 magnum

1197 2446 1236 2480 ad
1266 2447 1389 2481 sacrum
1417 2456 1530 2480 contra
1561 2444 1728 2487 Hispaniae
1756 2447 1929 2483 Saracenos
1952 2449 2076 2486 bellum

1194 2496 1430 2531 comitantibus
1459 2496 1549 2531 dedit
1599 2495 1710 2539 plenas
1734 2495 1991 2543 Indulgentias:
2031 2501 2076 2536 Et

1195 2547 1500 2590 Compostellanam
1515 2545 1693 2580 Ecclesiam
1706 2545 1792 2581 varie
1801 2548 1969 2585 exaltavit.
1993 2551 2073 2585 For-

1195 2597 1245 2630 san
1261 2608 1316 2640 per
1329 2597 1441 2639 plenas
1462 2596 1705 2641 Indulgentias.
1734 2597 1979 2644 Qidquidfit,
2004 2612 2071 2636 cer-

1192 2656 1261 2679 tum
1273 2646 1318 2680 est
1331 2646 1422 2680 istam
1435 2645 1630 2690 indulgendi
1654 2647 1794 2681 formam
1805 2649 1867 2682 esse
1876 2650 2044 2694 antiquam
2056 2676 2069 2693 ,

1191 2697 1223 2730 ὃς
1249 2693 1327 2730 hinc
1350 2697 1384 2730 in
1406 2695 1568 2736 Decreto,
1596 2707 1663 2739 quo
1679 2697 1827 2733 s‘aeeulare
1838 2697 2068 2742 Jubilaeumin-

1193 2746 1317 2786 stituit,
1344 2745 1439 2780 habet
1462 2745 1655 2781 Bonifacius
1685 2749 1816 2781 ostavus
1835 2762 1846 2781 .·
1874 2752 2068 2792 Antiquarum

1191 2796 1280 2830 habet
1303 2796 1370 2839 fida
1393 2796 1497 2829 relatio
1518 2820 1528 2836 ‚
1555 2798 1633 2838 quod
1653 2798 1858 2831 accedentibus
1883 2802 1927 2832 ad
1947 2800 2067 2836 bonora-

1190 2846 1275 2880 bilem
1299 2846 1456 2888 Basilicam
1469 2848 1619 2888 Principis
1633 2848 1823 2889 Apostolorum
1835 2850 1871 2881 de
1887 2849 1957 2883 urbe
1966 2855 1987 2891 ,¹
2001 2862 2065 2885 con·

1189 2897 1263 2940 ceffae
1284 2895 1355 2939 fient
1365 2908 1484 2940 magnae
1495 2897 1684 2938 remffones,
1711 2899 1950 2942 &ludulgemzae
1965 2909 2063 2942 pecca·

1189 2955 1281 2979 torum
1298 2971 1305 2978 .
1334 2946 1410 2979 Post
1424 2945 1549 2989 septimi
1562 2947 1718 2993 Gregorii
1729 2957 1875 2993 tempora
1887 2952 1987 2994 coepit
2001 2950 2062 2987 ista

1190 2999 1291 3032 forma
1303 2998 1366 3031 esse
1377 2995 1594 3040 frequentior.

1447 3209 1526 3279 ff}
1724 3207 1799 3279 ffi

1581 3449 1609 3484 B
1635 3448 1657 3484 b
1926 3451 2005 3487 CA·

1708 3462 1730 3487 ιδ
