2372 3756
430 153 523 202 142

701 139 743 184 S.
778 136 1102 186 ercourt
1135 153 1379 186 sepum
1418 139 1796 189 Pourimcu

157 220 229 256 ἤδη.
249 227 316 257 781-
353 236 462 270 gnus,
490 224 566 257 licet
579 220 688 257 adhuc
700 222 930 262 Romanorum
950 225 1123 261 dumtaxat
1141 223 1242 262 Patri·
1295 228 1380 268 gium
1404 235 1512 257 nomen
1534 229 1568 257 in
1590 226 1735 266 injuriam
1756 228 1845 269 Regis
1865 228 2015 262 conrardi
2026 225 2181 273 fibiaepta-
2238 249 2247 258 -

176 378 232 410 Au.
249 381 313 410 817·

164 909 238 949 capt
257 920 284 947 7·

156 1327 219 1366 Fol-
229 1338 295 1365 402-

146 1975 210 2012 fol,
227 1985 292 2012 144·

353 276 440 314 tius,
465 272 685 308 athaliam&
712 272 930 318 Aquitaniam
955 275 1099 311 evexerit
1116 276 1152 309 in
1175 275 1241 309 Re-

351 335 417 368 gna
427 347 438 363 ,
466 334 504 356 ac
515 323 582 367 ipsa
597 323 774 359 Ludovico
785 325 819 359 δε
830 326 976 369 Pippino
987 326 1066 361 filiis
1090 325 1216 360 dederit
1229 348 1240 365 ‚

349 372 483 408 testatur
505 373 692 417 sigeberte-s
714 373 957 410 Gemblaeenfis
971 399 988 408 .-
1005 376 1148 411 Bavari'ae
1170 374 1241 408 Du-

348 433 460 458 catum
471 423 508 457 in
533 423 691 469 Regnum
712 426 823 460 evexit
844 426 1035 461 Ludovieus
1056 426 1156 466 Pius,
1186 424 1240 458 de-

349 473 465 519 ditque
475 474 550 509 filio
561 473 735 510 Ludovico
749 499 760 515 ‚
783 475 899 518 postea
923 476 1012 524 Regi
1035 477 1136 510 totius
1161 474 1239 507 Ger-

342 525 469 562 maniae
483 549 490 557 .
517 524 566 558 Ita
579 523 689 559 scribit
701 525 845 560 famosus
857 525 926 569 ejus
948 526 1145 569 Astrologus
1157 547 1165 556 .
1193 524 1238 559 Et

348 574 391 608 de
402 574 526 609 Carolo
547 575 655 612 Calvo
668 575 868 619 Imperatore
881 574 980 610 habet
1003 576 1138 619 Regino
1165 571 1234 608 Ab·

349 623 407 658 bas
418 623 639 666 Prumienfis‚·
657 627 786 659 Carolus
799 628 914 662 Bozom·
924 627 1009 660 dedit
1021 628 1214 658 Provinciam
1224 649 1235 666 ,

344 676 499 708 &corona
513 681 546 708 in
555 680 668 710 vertice
676 682 788 718 capitis
805 676 939 719 impofita
963 687 1029 709 eum
1051 678 1163 718 Regem
1182 683 1235 717 ap·

281 735 286 739 ·
344 725 567 767 pellarijuffit-‚
591 734 625 760 ut
635 738 715 760 more
723 725 886 770 priscorum
905 731 1120 767 Imperatorum
1144 728 1234 769 Regi-

348 774 403 808 bus
416 775 574 810 videretur
584 778 734 810 dominari
747 801 755 809 .
786 777 829 815 Et
840 776 881 810 de
894 776 1097 818 Imperatore
1108 773 1232 810 Carolo

346 826 460 860 Crasso
472 824 573 860 habet
585 826 720 870 antiqua
731 825 1011 870 Lantgraviorum
1032 823 1232 870 Thuringiae

348 875 498 922 Historia
515 888 523 908 :
551 877 678 910 Carolus
690 882 724 908 in
739 885 860 908 tantam
871 876 968 908 elatus
984 874 1024 915 est
1038 873 1208 918 superbiam
1218 902 1228 918 ,

343 927 425 968 quod
434 935 468 959 ut
489 924 571 968 fdus
591 928 659 958 Rex
678 925 800 962 ubilibet
819 933 980 968 regnaret,
1006 930 1039 958 in
1064 926 1231 960 allemania

343 987 443 1008 omnes
457 978 552 1018 Reges
564 972 721 1016 deposuit,
746 973 866 1018 &nosos
888 986 922 1008 ac
944 974 1076 1009 haeredes
1099 974 1231 1019 ipsbrum

343 1032 376 1058 in
393 1028 493 1066 Duces
505 1029 621 1060 creavit
631 1049 639 1057 .
663 1027 683 1057 5
685 1026 807 1058 imiliter
819 1031 919 1059 omnia
934 1029 1039 1070 Regna
1050 1032 1082 1058 in
1103 1028 1228 1061 Allema-

341 1080 394 1108 nia
405 1074 569 1116 destruxit,
596 1076 673 1109 &in
685 1077 820 1109 Ducatus
844 1078 978 1119 redqgit.
1007 1077 1101 1110 Hinc
1125 1077 1228 1111 Bava-

339 1125 438 1158 riaex
449 1124 571 1169 Regno
585 1124 701 1160 iterum
712 1125 834 1161 defecit
850 1127 884 1159 in
908 1124 1078 1160 Ducatum
1088 1151 1095 1159 .
1131 1125 1227 1161 Plura

338 1176 413 1208 sunt
427 1173 613 1218 hujusmodi
634 1176 785 1219 exempla
799 1199 807 1207 .
835 1177 878 1210 Et
900 1177 942 1210 de
968 1176 1091 1211 Carolo
1114 1176 1228 1211 Auda-

337 1236 399 1267 ce,
425 1225 537 1270 Belgii
548 1225 652 1260 nostri
674 1225 848 1270 Principe,
874 1238 911 1260 ac
934 1226 1134 1270 Imperatore
1155 1228 1227 1262 Fre-

337 1275 449 1310 derico
487 1276 586 1310 tertio
614 1275 723 1311 scribit
759 1287 918 1322 magnum
944 1276 1088 1320 ejusdem
1116 1276 1224 1322 Belgii

337 1324 533 1361 Chronicon
546 1339 557 1359 .·
586 1325 781 1367 Defiderabat
802 1329 930 1360 Carolus
950 1329 1086 1360 coronari
1113 1332 1146 1359 in
1168 1331 1226 1361 Re-

330 1388 423 1421 gem,
445 1375 504 1420 Jed
511 1381 675 1418 Imperator
691 1375 841 1420 respondit
852 1387 962 1411 certum
987 1378 1033 1412 illi
1058 1377 1150 1420 deeffe
1174 1389 1225 1410 nu-

335 1426 449 1460 ‘merum
475 1425 709 1470 Episcopatuum
724 1452 734 1468 ,
761 1431 866 1472 Regiae
892 1426 1046 1469 MaJ'estati
1069 1428 1202 1461 debitum
1215 1453 1223 1461 .

333 1478 418 1523 Qae
430 1479 543 1511 omnia
554 1476 688 1511 suadent
711 1476 828 1512 harum
851 1477 1003 1512 civilium
1021 1475 1222 1522 dignitatum

332 1525 712 1572 erectionemprivative
736 1530 875 1572 spectare
895 1527 937 1562 ad
964 1527 1198 1571 Imperatorem
1211 1553 1222 1569 ‚

332 1589 400 1616 non
417 1578 457 1612 ad
471 1578 666 1613 Romanum
679 1577 875 1613 Pontificem
889 1601 896 1610 .

382 1628 584 1670 Respondeo
597 1627 760 1672 Regiae&
783 1627 925 1671 cujusvis
946 1627 1063 1663 similis
1080 1626 1224 1673 dignita-

331 1677 375 1717 tis
389 1677 586 1712 erectionem
598 1679 660 1712 effe
673 1677 907 1720 jurisdictionis
920 1680 1028 1713 astum
1041 1703 1052 1719 ‚
1080 1679 1223 1721 ideoque

330 1738 402 1762 non
413 1727 470 1761 nifi
498 1727 532 1761 in
559 1726 725 1762 subditum
749 1729 836 1772 posse
858 1729 1021 1763 exerceri.
1049 1729 1155 1763 Lucet
1177 1741 1220 1763 ex

331 1787 408 1811 orto
435 1778 520 1812 inter
544 1774 710 1820 justinum
729 1778 963 1822 Imperatorem
990 1779 1025 1813 &
1051 1777 1219 1813 Cabadem

330 1827 499 1864 Persarum
521 1827 651 1873 Regem
676 1826 758 1862 duro
769 1840 807 1863 ac
824 1828 929 1873 longo
941 1827 986 1863 ob
998 1828 1145 1863 Tzatum
1157 1828 1219 1863 La-

332 1889 446 1913 torum
462 1877 649 1921 Principem
663 1878 770 1923 Regia
783 1879 950 1924 dignitate
972 1878 1131 1913 donatum
1155 1878 1219 1913 bel·

330 1929 363 1962 10
377 1954 387 1970 ‚
415 1929 457 1963 de
468 1939 534 1972 quo
546 1928 677 1972 Martyr
701 1928 956 1972 Theophanesps
976 1928 1032 1961 'De
1052 1928 1101 1962 bis
1119 1954 1130 1970 ,
1157 1930 1218 1963 uti·

329 1991 394 2023 que
402 1978 442 2013 de
452 1981 562 2013 eveao
597 1979 632 2012 in
647 1979 777 2023 Regem
797 1978 909 2013 Tzato
921 2003 932 2018 ‚
959 1978 1096 2012 cabades
1116 1986 1218 2012 certior

325 2030 434 2073 facilus
453 2052 463 2069 ,
491 2034 668 2071 Imperatori
684 2030 812 2074 Justino
828 2028 973 2073 fignificat
998 2043 1010 2061 .-
1036 2030 1161 2062 Foedere
1183 2032 1217 2063 (ἓν

325 2089 399 2124 pace
420 2086 499 2113 {nter
519 2091 574 2112 nos
594 2078 719 2122 fizncitis
734 2103 746 2119 ‚
771 2091 840 2121 quae
860 2080 964 2112 decent
987 2078 1080 2119 hostes
1104 2080 1217 2111 admit-

331 2137 392 2170 tis,
421 2127 606 2171 hominesque
628 2128 790 2170 Persarum
807 2128 905 2171 supra
927 2138 1042 2160 omnem
1056 2127 1218 2166 ⁴bominum

331 2184 501 2216 memoriam
522 2179 651 2211 dominio
666 2177 805 2222 subditos
828 2176 885 2211 tibi
896 2183 1022 2219 recipis.
1052 2182 1216 2219 Imperator

331 2237 364 2264 in
376 2228 542 2263 adversum
545 2226 675 2271 scribit:
702 2229 831 2262 Nullum
852 2231 952 2272 Regno
973 2235 1023 2260 tuo
1050 2226 1216 2270 subjedlum

334 2280 417 2313 nobis
431 2280 658 2314 vindicavimus
672 2302 683 2319 ‚
708 2286 761 2311 aut
771 2279 816 2310 ad
837 2289 891 2310 nos
911 2279 1108 2320 pelleximus.
1138 2281 1215 2311 Tza-

331 2340 383 2365 tus
394 2329 599 2363 tantummodo
620 2329 665 2360 ad
686 2331 811 2372 Regiam
836 2327 963 2368 nostram
979 2327 1130 2369 profe-llus
1142 2352 1153 2368 ,
1180 2329 1215 2361 (5

327 2380 457 2426 pedibus
469 2378 571 2420 nostris
594 2378 777 2418 advolutus,
802 2388 836 2412 ut
857 2378 896 2410 ab
917 2379 1087 2412 execranda
1111 2381 1214 2413 Genti·

332 2428 639 2473 liumsuperflitione‚
662 2427 745 2462 &ab
755 2433 883 2470 impuris
892 2427 1047 2471 sacrificiis
1061 2452 1071 2468 ,
1098 2429 1214 2461 Daemo-

323 2493 457 2528 'imque
460 2479 598 2523 fallaciis
610 2487 729 2521 ereptus
741 2504 752 2521 ,
779 2481 825 2512 ad
843 2481 942 2512 Deum
962 2489 1062 2510 rerum
1084 2482 1214 2512 omnium

330 2533 507 2573 ¹conditorem
518 2528 653 2573 acceffum
676 2528 818 2569 haberet,
840 2528 981 2571 fieretque
1003 2526 1213 2568 Christianus,

329 2588 466 2628 rogavit:
495 2582 583 2615 Illum
593 2584 695 2622 itaque
708 2578 851 2621 baptismo
857 2577 1011 2618 lustratum
1021 2583 1053 2609 in
1060 2582 1214 2619 propriam

329 2634 381 2678 fibi
395 2637 552 2677 Regionem
560 2629 688 2675 subinde
697 2627 871 2671 remisimus.
900 2628 1049 2663 Cabades
1061 2627 1214 2662 clamavit

331 2684 479 2717 Tzatum
491 2682 554 2717 effe
572 2681 614 2715 ab
634 2680 772 2723 antiquo
795 2681 893 2714 suurn
915 2678 1100 2718 subditum,
1129 2677 1213 2712 ideo·

331 2733 566 2777 queaJustino
587 2743 654 2765 non
680 2731 818 2774 potuiss‘e
842 2729 877 2763 in
900 2728 993 2763 istam
1018 2727 1213 2773 dignitatem

331 2783 468 2817 elevari.
496 2782 625 2817 Omnes
640 2780 755 2824 Justini
777 2780 818 2814 de
839 2779 941 2813 Tzati
966 2781 1148 2823 spontaneo
1173 2776 1214 2812 ad

331 2831 746 2875 constantinopolitanam
773 2824 942 2865 civitatem'
979 2830 1106 2864 accessu
1126 2853 1138 2869 ,
1174 2828 1214 2862 de

331 2885 507 2927 spontanea
522 2880 702 2924 spontanee
723 2880 887 2925 postulata
911 2878 1099 2915 Christiana
1124 2876 1189 2912 fide
1203 2902 1213 2918 ‚

330 2946 369 2967 ac
379 2934 420 2966 de
433 2931 611 2966 Christiani
637 2932 671 2965 in
693 2941 847 2966 :eternam
870 2930 973 2965 vitam
995 2929 1213 2975 regenerantis

332 2980 675 3027 Baptismiaequalibus
688 2993 764 3015 cum
775 2980 895 3016 carnali
921 2979 1095 3015 nativitate
1117 2978 1211 3022 privi-

330 3031 681 3078 legiisintereeffiones
699 3032 884 3076 intelligere
905 3029 1056 3065 Cabades
1082 3028 1213 3068 noluit,

330 3094 427 3125 atque
439 3081 514 3116 ideo
528 3080 754 3125 Theophanes
766 3080 950 3125 subjungit:
984 3080 1028 3114 Ab
1044 3091 1076 3113 eo
1085 3087 1214 3121 tempore

326 3144 438 3178 graves
451 3138 529 3165 inter
540 3132 734 3165 Romanos&
756 3130 866 3174 Persas
891 3130 994 3170 [ecutae
1012 3129 1086 3174 suat
1110 3127 1212 3171 distor-

330 3184 414 3219 dt'ae.
441 3185 597 3217 Secutum
626 3183 716 3216 enim
739 3182 783 3215 est
810 3181 928 3214 durum
960 3180 1044 3214 istud
1064 3179 1213 3218 bellum,

329 3231 421 3271 quod
435 3243 489 3273 per
499 3233 630 3269 Ducem
646 3232 837 3265 Belisarium
849 3229 942 3274 geffit
954 3229 1135 3273 Imperator
1161 3229 1213 3271 Ju-

330 3279 507 3319 stinianus',
534 3282 568 3315 ὃ(
581 3282 671 3325 quod
683 3281 834 3315 describit
845 3280 1028 3323 Procopius
1038 3279 1213 3313 Caesareen-

329 3329 388 3364 ῦς.
416 3329 469 3364 Ex
495 3330 611 3364 eodem
629 3331 794 3373 principio
816 3330 925 3365 scribit
947 3330 982 3363 in
1004 3328 1213 3373 Imperatoris

330 3377 494 3421 C9nrardi
510 3379 607 3412 Salici
620 3380 688 3414 vita
702 3380 826 3424 Wippo
838 3379 1009 3424 Presbyter
1021 3393 1033 3414 .·
1059 3379 1212 3413 Bolislaus

329 3427 492 3472 secundus
511 3430 587 3465 Dux
609 3431 781 3467 Polonorum
805 3429 930 3475 infignia
957 3431 1084 3474 Regalia
1106 3429 1141 3464 ἐν
1156 3430 1211 3463 Re-

1299 279 1349 307 vit
1357 299 1368 315 ,
1388 276 1472 314 cujus
1483 279 1681 310 temeritatem
1690 282 1753 308 cita
1762 287 1840 308 mors
1853 273 2027 313 exinaniuit
2038 304 2046 312 .
2073 279 2180 328 Qiod

1300 324 1404 366 ipsum
1418 323 1452 357 in
1465 324 1609 368 generali
1620 324 1771 360 Historia
1793 324 1891 360 iatius
1914 325 2068 363 describit
2091 334 2179 366 Otto

1299 374 1506 419 Frifingenfis
1528 374 1731 419 Episcopus,
1757 375 1792 409 ἀ
1811 375 1880 410 duo
1898 376 1992 411 addit
2004 401 2013 410 .
2039 377 2153 414 Primo
2165 403 2176 420 ,

1298 423 1389 467 quod
1401 424 1572 459 Boleslaus
1581 433 1684 469 nuper
1697 425 1739 460 ab
1751 425 1903 462 Henrico
1926 428 2047 462 Sancto
2067 429 2178 464 fuisset

1299 473 1491 509 subactus&
1511 477 1700 520 compulsus
1720 476 1760 510 ad
1782 475 2030 513 obedientiam.
2056 477 2178 513 Secun-
2201 509 2203 511 .

1296 522 1340 557 dd
1352 548 1362 565 ‚
1387 524 1479 567 quod
1491 525 1559 568 ejus
1572 527 1772 561 successor&
1784 526 1873 561 filius
1882 529 1968 563 Otto
1990 528 2177 572 deposuerit

1297 575 1461 611 fastumin
1485 575 1616 620 Imperii
1638 576 1791 620 injuriam
1813 574 1981 618 diadema,
2009 579 2045 613 δε
2066 577 2177 614 salico

1295 625 1468 659 Conrardo
1481 626 1640 661 remiserit
1651 652 1658 659 .
1686 627 1730 661 Et
1744 627 1784 661 de
1794 626 1911 662 eodem
1923 628 2078 664 Boleslao
2100 629 2174 664 scri·

1295 673 1344 708 bit
1369 675 1563 711 Lambertus
1582 674 1890 722 schafnaburgensis
1913 690 1920 710 ε
1957 680 2029 711 Dux
2058 680 2178 713 Polono-

1294 737 1360 758 rum
1371 749 1382 766 ,
1408 731 1460 769 qui
1468 733 1524 768 per
1533 727 1714 769 multosjam
1726 739 1822 761 annos
1834 729 1962 773 Regibus
1986 727 2174 765 Tbeutonicis

1293 775 1469 809 tributarius
1500 775 1608 818 fuerat
1626 803 1638 819 ,
1676 776 1814 821 cujusque
1840 782 1975 822 Regnum
1995 781 2068 821 jam
2104 780 2174 813 olim

1293 823 1533 860 Tbeutonicorum
1553 833 1667 862 virtute
1680 826 1838 871 suboc‘lum
1849 852 1860 868 ,
1886 838 1974 872 atque
1993 834 2027 862 in
2041 832 2173 863 Provin-

1291 881 1367 909 ciam
1379 877 1641 920 redallumfuerat
1652 903 1662 919 ,
1689 880 1810 921 repente
1823 884 1856 911 in
1862 877 2037 922 superbiam
2048 880 2150 926 elatus
2158 904 2170 922 ‚

1290 929 1443 970 propterea*
1467 928 1549 969 quod
1572 931 1728 970 Principes
1761 927 1952 963 Theutonicos
1971 939 2102 964 cerneret
2124 931 2174 963 do-

1286 975 1413 1016 mesticis
1427 975 1629 1020 seditionibus
1651 986 1827 1021 occupatos,
1854 991 2042 1022 nequaquam
2061 980 2107 1013 ad
2125 985 2173 1013 in-

1282 1025 1418 1066 ferenda
1444 1032 1556 1061 exteris
1575 1028 1717 1071 gentibus
1743 1040 1831 1061 arma
1857 1040 1968 1063 vacare
1994 1056 2005 1072 ,
2044 1033 2172 1074 Regiam

1289 1077 1469 1119 dignitatem
1478 1101 1489 1117 ,
1517 1081 1700 1122 Regiumque
1711 1089 1816 1112 nomen
1821 1077 1879 1121 fibi
1887 1079 2048 1122 usurpavit
2061 1105 2068 1113 .
2096 1083 2172 1113 Dia·

1289 1127 1378 1159 dema
1397 1125 1558 1169 imposuit,
1583 1138 1676 1171 atque
1700 1127 1759 1171 ipso
1780 1130 1830 1162 die
1855 1132 1985 1174 Natalis
2006 1133 2127 1163 Domini
2147 1130 2169 1162 a*

1286 1178 1452 1218 quindecim
1476 1175 1639 1221 Epist-opis
1651 1182 1683 1211 in
1692 1181 1800 1223 Regem
1810 1178 1849 1219 est
1859 1178 2040 1222 consecratus
2052 1205 2058 1212 .
2087 1182 2171 1223 ,ραι

1286 1226 1375 1261 brevi
1393 1227 1457 1269 post
1476 1236 1625 1270 comperta
1647 1231 1802 1270 Principes
1823 1228 2013 1263 Tbeutonicos
2027 1255 2037 1270 ‚
2064 1230 2170 1271 quibus

1288 1277 1468 1318 Reipublicae
1481 1278 1618 1321 dignitas
1629 1278 1775 1320 curaefuit
1785 1303 1797 1319 ,
1819 1285 1961 1323 graviter
1984 1280 2145 1321 effecerunt
2157 1303 2170 1320 ,

1285 1324 1394 1368 [ibique
1412 1332 1544 1360 invicem
1568 1325 1777 1371 succensebant
1795 1353 1806 1368 ‚
1831 1331 1912 1370 quod
1930 1331 2000 1362 dum
2021 1329 2168 1369 intestinis

1286 1383 1318 1409 in
1325 1374 1359 1419 se
1371 1385 1462 1420 atque
1473 1382 1504 1409 in
1510 1375 1567 1419 fua
1579 1376 1698 1421 visi-era
1709 1373 1784 1410 odiis
1791 1376 1942 1420 saevirent
1959 1380 1994 1413 Θ
2017 1380 2171 1422 digladia-

1285 1435 1409 1468 rentur,
1432 1433 1599 1469 potentiam
1621 1430 1657 1462 ὑ·
1677 1437 1748 1469 opes
1769 1428 1974 1463 Barbarorum
1994 1434 2028 1462 in
2050 1429 2169 1462 tantum

1284 1476 1438 1520 aluisti-nt,
1467 1486 1501 1510 ut
1521 1478 1591 1518 jam
1612 1480 1700 1511 tertio
1731 1481 1806 1511 Dux
1830 1478 2004 1513 Bobemicus
2029 1482 2168 1523 Regnum

1283 1526 1490 1561 Theutonicum
1506 1527 1593 1569 ferro
1620 1529 1656 1562 ὁ·
1674 1532 1742 1572 igne
1758 1528 1996 1570 populabundus
2012 1526 2168 1573 peragras:

1278 1576 1342 1620 set,
1373 1579 1406 1611 ό·
1429 1588 1507 1611 nunc
1529 1578 1702 1611 Polenorum
1728 1581 1803 1611 Dux
1824 1582 1858 1611 in
1878 1577 2045 1612 ssbcutonici
2067 1582 2167 1622 Regni

1282 1632 1478 1671 ignominiam
1500 1651 1512 1668 ,
1538 1637 1642 1661 contra
1665 1629 1742 1671 leges
1761 1630 1795 1663 o·
1808 1629 1885 1669 jura
1909 1630 2078 1671 majorum,
2105 1632 2178 1663 Re-⁴

1276 1684 1359 1720 gium
1384 1688 1489 1711 nomen
1507 1679 1541 1711 ὁ·
1557 1678 1699 1711 diadema
1719 1679 1877 1720 impudens
1899 1676 2057 1722 usurpasset
2069 1703 2078 1711 .
2104 1678 2164 1712 An

1280 1726 1423 1762 Polonia
1453 1728 1656 1762 Germanico
1678 1728 1820 1772 Imperio
1844 1727 1944 1762 subsit
1958 1752 1970 1768 ‚
1996 1729 2060 1763 fuit
2079 1729 2165 1763 olim

1281 1778 1416 1822 antiqua
1439 1778 1473 1812 ὅ(
1491 1777 1746 1813 interminabilis
1756 1778 1913 1823 quaestio:
1939 1778 2164 1814 Gemanica-

1283 1826 1345 1862 lide
1365 1829 1568 1862 affirmarunt
1587 1853 1598 1870 ‚
1638 1827 1761 1863 Poloni
1782 1828 2039 1863 constantiffime
2065 1839 2164 1874 nega-

1281 1888 1374 1912 runt.
1403 1878 1578 1924 Qidquid
1603 1878 1700 1913 fuerit
1719 1903 1730 1919 ,
1766 1878 1918 1912 adversus
1942 1878 2036 1913 istam
2060 1877 2165 1922 subJe·

1279 1928 1419 1962 &ionem
1432 1927 1466 1962 hi
1476 1928 1542 1971 jam
1554 1929 1681 1963 dudum
1694 1928 1948 1972 praescripserunt
1957 1953 1965 1961 .
1997 1927 2041 1962 Et
2052 1927 2162 1971 Majo-

1281 1990 1351 2013 rum
1363 1979 1494 2012 suorum
1506 1977 1675 2013 traditioni
1688 1979 1764 2012 fisus
1778 2003 1788 2019 ,
1814 1988 1852 2012 ac
1865 1979 1908 2012 ab
1927 1977 2076 2013 invicem
2097 1979 2161 2014 sese

2193 765 2229 794 A.
2244 771 2326 799 117¹]-

1281 2028 1495 2063 lacerantibus
1505 2029 1681 2063 Germanis
1693 2028 1777 2062 nihil
1798 2037 1948 2063 metuens
1969 2027 2159 2069 Boleslaus‚

1279 2079 1333 2113 fibi
1345 2078 1364 2111 a
1375 2078 1427 2112 Co
1433 2077 1550 2112 nrardo
1560 2081 1729 2113 excussum
1739 2077 1890 2112 diadema
1912 2078 2077 2121 resumpsit
2091 2102 2103 2118 ,
2126 2079 2161 2113 ὃς

1280 2129 1311 2162 se
1333 2127 1411 2162 fecit
1432 2128 1584 2162 coronari
1605 2153 1613 2161 .
1641 2129 1756 2174 Qam
1777 2127 2058 2172 praesumptionem
2076 2127 2162 2163 adeo

1280 2177 1417 2222 indigne
1439 2178 1516 2212 tulit
1536 2177 1703 2212 Henricus
1723 2188 1856 2222 quartus
1881 2178 2062 2222 Imperator
2082 2203 2093 2219 ‚
2123 2187 2161 2212 ut

1278 2227 1319 2262 de
1335 2229 1406 2270 ipso
1427 2227 1543 2261 scribat
1564 2229 1598 2261 in
1621 2228 1795 2261 citizensis
1818 2227 1966 2261 Ecciefiae
1985 2223 2160 2262 Chronico

1280 2278 1402 2311 Paulus
1427 2276 1576 2321 Langius
1598 2290 1610 2310 .·
1648 2278 1740 2318 Apud
1762 2280 1946 2319 Qumiam
1971 2282 2004 2310 in
2029 2278 2160 2310 Concilio

1278 2330 1453 2369 Principum
1477 2331 1623 2360 Fremitus
1649 2330 1815 2369 Imperator
1849 2327 2036 2360 vratislaw
2062 2325 2158 2362 Bobe-

1277 2383 1345 2411 miae
1369 2381 1479 2410 Ducem
1498 2380 1609 2421 Regem
1622 2376 1698 2419 fecit
1719 2400 1732 2418 ,
1757 2380 1953 2410 Moravorum
1972 2379 2075 2421 Regno
2089 2381 2160 2419 pri-

1277 2429 1345 2461 dem
1367 2426 1506 2467 exstineio
1525 2432 1559 2459 in
1570 2427 1668 2469 ipfiem
1677 2431 1849 2467 translato,
1876 2426 2055 2467 Paeoniam,
2080 2428 2156 2461 sile-

1270 2476 1344 2517 fiam
1358 2501 1368 2517 ,
1395 2481 1558 2510 Luzatiam
1574 2476 1769 2511 Bobemorum
1782 2481 1906 2519 Imperio
1926 2478 2095 2518 adjiciens,
2121 2478 2158 2512 ό*

1277 2528 1443 2561 Gilbertum
1456 2530 1649 2561 Trevirorum
1660 2525 1913 2570 Arcbiepifiropum
1923 2551 1934 2567 ,
1959 2535 2024 2560 cum
2034 2538 2066 2561 eo
2079 2529 2155 2561 Pra-

1270 2590 1344 2622 gam
1356 2583 1480 2611 mittens
1491 2602 1502 2619 ,
1528 2582 1580 2620 qui
1590 2588 1687 2610 coram
1700 2577 1942 2611 Provincialibus
1961 2588 2074 2611 novum
2098 2580 2158 2611 Re·

1269 2640 1339 2672 gem
1350 2633 1504 2671 inungeret
1519 2652 1527 2660 .
1554 2627 1741 2661 Boleslaum
1753 2650 1764 2666 ,
1788 2627 1856 2669 quo
1865 2635 1996 2661 vexaret
2006 2625 2161 2661 &humi-

1277 2679 1388 2720 naret,
1415 2677 1598 2712 adversario
1609 2678 1730 2722 semper
1743 2676 1968 2712 Bobemorum
1988 2675 2075 2721 Regi
2086 2676 2156 2711 sub-

1273 2727 1371 2772 jecit.
1397 2728 1500 2775 Qod
1514 2728 1666 2771 ipsumin
1680 2726 1905 2762 Bohemorum
1916 2725 2089 2763 Chronico
2111 2727 2156 2762 la·
2175 2737 2308 2773 &1085-

1275 2778 1342 2813 tius
1355 2778 1467 2811 scribit
1479 2779 1616 2813 Cosmas
1627 2775 1945 2825 DeeanusEcclesiae
1964 2776 2134 2821 Pragensss
2144 2802 2152 2810 .

1279 2829 1322 2862 Et
1346 2826 1425 2862 hinc
1454 2829 1490 2862 in
1513 2839 1609 2872 opere
1627 2827 1668 2862 de
1690 2827 1899 2862 polonorum
1921 2827 2016 2861 rebus
2035 2825 2156 2862 labitur

1278 2878 1445 2913 Martinus
1456 2879 1634 2913 Cromerus
1648 2878 1874 2913 warmienfis
1887 2875 2067 2921 Episcopus
2076 2890 2087 2911 .-
2098 2880 2156 2910 Μὶ-

1276 2933 1340 2962 rari
1346 2928 1426 2972 satis
1438 2939 1544 2971 nequeo
1565 2930 1587 2962 ἂ
1609 2927 1771 2962 Lamberto
1791 2925 2077 2971 Sebafnaburgenfi,
2102 2932 2155 2971 qui
2173 2929 2235 2963 Lib.
2254 2941 2286 2969 4.

1276 2985 1352 3012 circa
1364 2978 1427 3012 haec
1439 2987 1572 3020 tempora
1583 2983 1667 3012 vixit
1677 3001 1688 3018 ,
1713 2979 1748 3012 Θ·
1757 2988 1807 3011 res
1824 2970 1921 3021 gestas
1939 2980 2155 3011 Germanorum

1276 3027 1437 3072 conftripfit
1448 3053 1460 3069 ‚
1486 3034 1627 3062 memoria
1635 3026 1790 3069 proditum
1799 3027 1850 3070 effir
1861 3050 1872 3067 ‚
1882 3028 1965 3069 quod
1974 3037 2052 3060 anno
2063 3026 2155 3061 Chri-

1269 3079 1310 3120 sti
1316 3079 1379 3122 post
1391 3077 1572 3121 millefimum
1580 3076 1787 3121 septuagestmo
1793 3075 1916 3120 septimo
1940 3080 2019 3111 Dux*
2033 3078 2154 3111 Potom-

1274 3141 1341 3162 rum
1355 3154 1364 3169 ,
1390 3126 1441 3171 qui
1455 3137 1511 3171 per
1521 3128 1628 3162 multos
1639 3139 1733 3161 annos
1745 3128 1875 3172 Regibus
1888 3126 2075 3161 Tbeuronicts
2094 3132 2151 3161 tri-
2216 3135 2221 3138 ·

1275 3179 1523 3221 butariusfuisset
1532 3203 1544 3219 ,
1569 3175 1706 3221 cujusque
1714 3180 1848 3221 Regnum
1854 3181 1927 3218 jam
1944 3177 2014 3211 olim
2028 3175 2153 3211 rbem-

1276 3242 1345 3264 num
1357 3234 1471 3263 virtute
1477 3227 1655 3271 stibadium,
1682 3237 1773 3270 atque
1796 3234 1830 3261 in
1851 3231 2045 3262 Provinciam
2065 3227 2153 3260 reda·

1276 3279 1353 3312 llum
1368 3279 1472 3322 fuiffet
1483 3302 1495 3319 ,
1518 3280 1639 3320 repente
1658 3282 1690 3311 in
1698 3276 1868 3321 superbiam
1880 3279 2000 3316 elatus,
2023 3279 2152 3319 Regiam

1276 3331 1452 3373 dignitatem
1476 3347 1490 3369 ‚-
1518 3331 1710 3372 Regiumque
1735 3336 1846 3362 nomen.
1860 3325 2152 3369 fibiusurpaverit,

1278 3380 1420 3413 diadema
1438 3376 1609 3421 imposuerit
1632 3403 1643 3419 ,
1668 3387 1759 3420 atque
1781 3375 1845 3419 ipsi
1863 3378 1915 3410 die
1935 3375 2066 3409 Natalis
2093 3378 2152 3409 Do·

1274 3434 1348 3464 mini
1361 3431 1382 3464 ᾶ
1395 3430 1564 3473 quindecim
1574 3426 1773 3472 Episcopisfit
1784 3432 1817 3460 in
1828 3429 1936 3493 Regem
1947 3423 2130 3468 consecratus
2138 3438 2151 3461 ¹.

2012 3479 2104 3523 Atqui

2181 2320 2215 2350 A.
2225 2322 2309 2351 1086.
