2352 3756
130 1744 257 1787 Capax.

156 2512 262 2553 ‘ep-3¹·

362 108 474 162 ²7²⁴

296 184 355 212 nes
368 173 593 222 Indulgentias
602 176 838 214 exsufflandas.
865 179 993 215 Eodem
1008 180 1111 215 modo
1131 192 1188 224 po·

296 227 362 272 sse'a
375 229 480 271 lapsus
489 226 534 261 est
545 227 582 262 in
593 229 648 264 sua
658 227 771 279 deliria
783 229 950 265 Martinus
974 230 1138 273 Lutherus
1150 254 1159 264 .

477 393 990 515 cArUTIa

291 583 373 646 Alii
407 582 556 651 antiqu}
599 584 701 633 circa
737 581 991 651 Indulgentids
1046 600 1182 634 irrores

601 669 834 724 exponuntur
849 687 881 717 ,4

379 780 573 828 Ephyrinus
608 782 770 819 Pontifex
803 781 866 817 soli
892 778 1107 816 moecborurn
1144 782 1179 818 ἀ

291 845 294 847 ’
330 849 333 852 >
401 829 639 869 fornicatorum
660 832 832 877 fragilitati
856 855 868 872 ‚
895 829 984 866 haud
1007 830 1109 867 d'ubie
1133 831 1179 866 ob

283 884 445 929 grandem
483 885 518 919 δε
543 883 761 919 miserabilem
796 882 959 925 lapsorum
995 882 1177 917 multitudi-

284 945 383 976 nem,
408 934 488 969 fecit
512 934 678 980 gratiam,
705 940 803 977 atque
836 932 1115 970 adeohomicidii
1142 934 1177 968 &

282 983 477 1019 idololatrix
497 980 610 1018 deliria
637 985 825 1018 manserunt
848 980 980 1019 Divina
1006 982 1177 1027 Maiestati

281 1035 438 1069 reservata
460 1058 469 1067 .
504 1033 554 1069 lta
575 1034 690 1069 mansit
717 1034 816 1077 usque
839 1033 880 1067 ad
905 1028 1013 1067 Sancti
1038 1032 1175 1068 Fabiani

280 1084 481 1127 Martyrium
500 1096 509 1117 ;
536 1081 642 1119 Tunc
665 1094 721 1128 per
741 1084 956 1128 Imperatores
978 1084 1105 1118 Decios
1128 1080 1177 1125 iu·¹

278 1134 423 1176 choata,
448 1142 488 1169 ac
510 1144 565 1179 per
587 1136 780 1170 successores
793 1133 983 1168 Gallienum
1011 1132 1046 1167 &
1070 1130 1175 1170 Verus

278 1185 404 1219 fianum
416 1185 614 1220 continuata
639 1183 822 1229 persecutio
835 1192 972 1219 omnem
997 1180 1177 1220 Ecclesiam

278 1234 427 1279 implevit
449 1235 651 1271 Sacrificatis·
669 1257 681 1276 ,
709 1233 927 1268 Thurificatis
942 1257 954 1274 ‚
981 1231 1174 1274 Libella'tis,

275 1286 310 1320 δε
331 1286 393 1322 alia
406 1286 511 1320 multa
525 1285 688 1330 lapsorum
709 1285 813 1328 specie
827 1309 834 1317 .
862 1281 1004 1318 Acceffit
1029 1284 1063 1318 &
1085 1291 1175 1319 nova*

278 1337 513 1380 persecutionis
534 1337 673 1380 species.
701 1335 837 1369 Etenim
863 1333 1013 1373 Romani
1034 1332 1172 1369 Pontifi-

275 1387 323 1421 cis
343 1387 546 1421 creationem
559 1384 726 1420 horrendo
739 1384 858 1419 Edicto
868 1382 1038 1427 suspendit
1064 1384 1098 1418 &
1119 1384 1170 1419 in·

272 1437 410 1472 terdixit
425 1437 604 1480 Imperator
623 1434 747 1469 Decius
768 1454 779 1475 ,
798 1442 904 1477 atque
925 1431 970 1467 ita
999 1432 1095 1467 Sedes
1118 1442 1170 1469 va·

275 1487 363 1521 cavit
376 1497 430 1529 per
446 1485 616 1520 biennium
632 1509 640 1517 .
666 1484 849 1528 Lapsorurn
863 1482 996 1527 plurimi
1005 1492 1098 1518 erant
1109 1494 1166 1528 per

273 1547 514 1570 tormentorum
537 1533 733 1571 violentiam
754 1533 943 1579 praecipitati
965 1534 999 1568 in
1017 1534 1141 1569 crimen
1155 1548 1166 1569 .-

271 1589 411 1630 Spiritus
433 1588 539 1620 fuerat
564 1596 733 1630 promptus
747 1609 757 1625 ,
783 1596 861 1620 caro
883 1594 993 1619 autern
1015 1583 1165 1619 infirma.

272 1634 367 1672 Hinc
390 1638 455 1671 illis
476 1637 586 1671 evenit
608 1658 620 1677 ,
646 1635 736 1680 quod
759 1635 801 1670 de
824 1636 912 1679 lapso
950 1635 985 1668 in
1025 1634 1165 1669 Domini

273 1688 322 1721 sui
346 1687 561 1733 negationem
584 1686 684 1721 Petro
704 1685 872 1729 Apostolo
894 1684 1035 1719 evenisse
1055 1684 1165 1719 scribit

273 1738 485 1782 Evangelista
519 1737 627 1772 Lucas
648 1750 660 1771 .·
701 1736 868 1778 Conversus
899 1737 1046 1766 Dominus
1071 1732 1166 1777 respe-

271 1793 322 1823 xit
353 1791 492 1822 Petrum.
522 1790 567 1819 Et
590 1785 710 1830 egreffus
725 1785 814 1828 foras
841 1787 953 1818 Petrut
975 1783 1065 1824 flevit
1082 1795 1166 1817 ama-

270 1841 327 1874 ri.
355 1839 404 1872 lta
432 1837 530 1872 &isti
545 1836 644 1879 lapsi,
669 1846 887 1878 tyrannorum
905 1833 1056 1869 manibus
1067 1835 1165 1878 egres-

272 1890 323 1930 si,
351 1888 513 1923 dederunt
528 1888 559 1922 se
573 1887 754 1920 inclaffem
776 1884 965 1924 Flentium,
994 1884 1165 1918 commise-

271 1940 383 1975 randis
394 1937 571 1981 lachrymis
584 1937 750 1981 pulsarunt
762 1937 914 1979 pietatem
939 1936 974 1968 δε
999 1935 1083 1968 sores
1094 1934 1164 1968 Ma-

273 1989 330 2025 tris
353 1989 505 2024 Ecclefiae
530 2012 541 2029 ,
568 1987 773 2031 projecerunt
794 1987 826 2020 se
845 1986 885 2019 ad
908 1983 1002 2028 pedes
1026 1994 1165 2018 carcera-

273 2049 386 2077 torum
416 2040 624 2083 Martyrum,
650 2037 684 2070 &
705 2034 953 2070 Sacramentalis
974 2033 1164 2068 reconcilia·

272 2091 376 2126 tionis
399 2099 512 2133 pacem
538 2098 636 2131 atque
657 2087 932 2121 communionem
964 2083 1090 2118 affiduo
1112 2095 1164 2128 ge·

273 2141 358 2176 mitu
379 2139 421 2174 ab
450 2138 619 2182 Episcopis
645 2137 872 2180 supplicarunt
891 2159 898 2166 .
922 2133 1017 2167 Hinc
1044 2134 1164 2168 miseri-

272 2190 387 2226 cordia
401 2197 513 2223 motus
526 2186 672 2222 vacantis
695 2186 858 2220 Romanas
871 2183 1019 2219 Ecclefiae
1030 2184 1165 2225 Clerus,

273 2239 367 2286 quod
393 2238 549 2283 Episcopi
573 2237 696 2273 creatio
719 2238 795 2271 effer
806 2236 991 2278 desperata,
1017 2234 1097 2270 fecit
1108 2234 1163 2277 Sy-

273 2289 402 2327 nodum
422 2300 465 2323 ex
489 2287 607 2323 vicinis
633 2288 667 2321 &
689 2286 823 2321 advenis
849 2285 1038 2329 Epi-scopis,
1065 2296 1104 2319 ac
1125 2284 1165 2319 de

273 2342 343 2385 ipsa
356 2338 467 2375 scribit
476 2339 518 2373 ad
530 2339 682 2373 Sanctum
697 2336 900 2380 Cyprianum
913 2361 920 2371 .
950 2335 1081 2370 Divinae
1093 2334 1166 2368 Ma·

276 2391 420 2436 jestatis,
445 2400 516 2431 quae
538 2386 829 2432 semperjustitiam
842 2385 1063 2422 misericordia
1087 2394 1166 2419 tem·

277 2449 367 2486 perat
389 2466 400 2482 ,
437 2439 628 2484 sapientiam
664 2448 761 2480 atque
783 2436 994 2471 clementiam
1026 2434 1164 2478 exponit

275 2493 312 2527 ee
334 2489 443 2525 laudat
475 2515 487 2531 ,
511 2501 549 2524 ac
570 2487 792 2533 prosequitur:
821 2488 917 2527 Cujus
939 2491 1167 2527 temperamenti

278 2543 471 2576 moderamen
491 2551 544 2573 nos
565 2539 613 2575 hic
623 2538 719 2572 'tenere
743 2543 909 2581 quarentes
931 2552 942 2577 ·,
969 2537 1023 2569 diu
1048 2537 1083 2568 Θ·
1104 2540 1167 2576 qui·

280 2595 349 2627 dem
373 2592 463 2626 multi
485 2614 495 2631 ,
523 2591 558 2624 Θ·
581 2590 703 2632 quidem
723 2599 789 2622 cum
806 2584 985 2631 quibusdam
1006 2583 1165 2628 Epiftopis

281 2648 392 2677 vicinis
414 2640 499 2674 nobis
538 2641 573 2674 &⁸
593 2636 905 2681 appropinquantibus
928 2659 939 2676 ,
974 2637 1009 2670 Θ
1032 2645 1105 2677 quos
1128 2645 1166 2668 ex

282 2694 352 2726 aliis
377 2694 543 2725 Provinciis
564 2689 648 2734 longe
665 2687 766 2731 pofitis
783 2685 992 2731 persecutionis
1016 2684 1096 2724 istius
1119 2695 1167 2717 ar·

283 2744 336 2776 dor
374 2744 500 2783 ejecerat
521 2766 532 2781 ,
573 2748 643 2773 ante
661 2738 889 2780 constitutionem
926 2733 1067 2778 Epifiopi
1092 2734 1170 2768 nibil

284 2793 489 2826 innovandum
506 2795 687 2832 putavimus
707 2812 719 2829 ‚
740 2787 799 2833 sed
818 2785 966 2830 lapsorum
987 2789 1089 2819 curam
1110 2796 1167 2819 me-

283 2843 420 2876 diocriter
444 2841 667 2882 temperandam
690 2839 740 2883 effe
770 2839 915 2873 credimus
945 2859 956 2876 ,
994 2845 1027 2873 ut
1045 2841 1167 2869 interim

285 2893 358 2927 dum
369 2889 534 2933 Episcopus
545 2892 613 2923 dari
626 2889 709 2923 nobis
732 2891 751 2921 ἃ
768 2893 830 2923 Deo
844 2886 1025 2931 sustinetur,
1054 2892 1086 2919 in
1103 2884 1166 2929 sus2

280 2940 375 2987 penso
386 2945 482 2977 eorum
496 2963 506 2979 ,
532 2944 584 2983 qui
605 2951 704 2972 moras
711 2939 827 2982 poffunt
838 2939 992 2971 dilationis
1007 2935 1167 2979 sustinere,

286 2990 371 3036 causa
406 2998 557 3030 teneatur,
583 3000 681 3023 eorum
691 2998 814 3028 autem,
840 2998 961 3030 quorum
972 2985 1116 3029 vitaesuae
1133 2985 1168 3027 fi-

287 3054 354 3077 nem
368 3052 475 3086 urgens
487 3045 588 3073 exitus
599 3040 771 3072 dilationem
783 3049 840 3070 non
856 3037 949 3079 potest
963 3036 1050 3078 ferre
1062 3061 1074 3077 ,
1100 3036 1169 3069 ac‘la

287 3096 463 3135 poenitentia
489 3092 523 3125 (ν
539 3089 668 3132 profeffa
681 3088 860 3132 frequenter
877 3085 997 3130 suorum
1008 3085 1170 3126 detestatio·

290 3149 326 3176 ne
339 3143 510 3184 fabiorum,
533 3139 560 3182 fi
566 3139 741 3179 lachrymis,
759 3137 790 3180 fi
802 3137 965 3182 gemitibus
978 3159 989 3177 ,
1010 3137 1040 3179 fi
1048 3136 1167 3178 fletibus

290 3193 415 3226 dolentis
443 3202 478 3226 ac
486 3195 660 3233 poenitentis
672 3194 768 3223 animi
773 3187 858 3232 figna
867 3188 1057 3229 prodiderint
1069 3210 1080 3227 ,
1103 3187 1168 3219 cum

286 3239 355 3286 spei
378 3242 505 3276 vivendi
518 3238 680 3284 secundum
701 3238 848 3272 bominem
872 3238 951 3270 nulla
974 3235 1136 3281 substiterit
1157 3260 1166 3275 ‚

291 3297 337 3325 eta
364 3292 480 3323 demum
500 3292 583 3325 caute
609 3292 643 3325 (9¹
660 3288 784 3334 sollicite
801 3287 959 3332 subveniri
979 3313 986 3321 .
1015 3284 1082 3329 Ipso
1104 3289 1167 3320 Deo

288 3339 396 3385 sitente
409 3340 481 3382 quid
491 3341 526 3374 de
538 3340 758 3383 talibus-faciat
770 3363 780 3380 ‚
808 3340 843 3373 ό·
854 3338 981 3382 qualiter
995 3337 1103 3379 judicit
1117 3334 1169 3379 fici

294 3394 446 3434 examinet
463 3391 614 3437 pondera,
639 3390 721 3430 nobis
743 3398 844 3431 tamen
854 3390 947 3423 anxie
968 3386 1144 3428 curantibus
1155 3409 1168 3428 ,

756 92 1175 148 Dls's‘akrarlo
1210 109 1282 142 De
1314 74 1726 144 Ἰιηῑε’(ῑΔιῆιὶεςῡιὶιῐᾸιι

1249 187 1282 215 ut
1293 190 1343 214 nee
1349 188 1480 222 pronam
1491 178 1616 221 nostram
1629 181 1755 222 improbi
1766 181 1897 219 homines
1916 178 2043 222 faudem
2055 187 2136 230 farv-¹

1247 231 1387 270 litatem,
1410 240 1461 262 nec
1472 230 1731 271 verepoenitentes
1753 232 1885 275 accuftnt
1903 236 2030 278 nostram
2051 236 2140 282 quafi

1247 281 1357 319 duram
1379 280 1586 313 crudelitatem
1598 303 1606 312 .
1901 277 1917 292 '⁴

1297 329 1423 372 Scripta
1434 328 1641 372 eit-Epistola
1661 329 1681 364 a
1704 331 1780 366 sblis
1801 333 1981 373 Pre'sbsteeis
2005 349 2040 372 ac
2058 341 2134 371 Dia-

1242 383 1324 413 conts
1345 382 1449 413 Romae
1469 377 1682 421 confisteneibus
1694 406 1702 414 .
1732 382 1776 416 Et
1803 383 1848 417 ita
1867 384 2043 420 titulantur
2062 397 2135 422 om-

1244 440 1300 464 nes
1318 427 1390 464 aliae
1413 430 1431 464 a
1453 429 1614 466 Romano
1634 431 1736 466 clero
1749 431 1791 467 ad
1813 433 1968 475 Sanctum
1995 436 2133 480 CYpria-

1244 490 1348 520 num,
1375 490 1412 514 ac
1435 480 1536 515 etiam
1557 480 1599 515 ab
1614 478 1680 514 hoc
1691 482 1732 516 ad
1753 481 1850 517 illum
1873 485 1994 529 scriptae
2006 484 2134 529 Episto—

1243 529 1280 564 1ae
1294 553 1303 563 .
1329 528 1508 567 Et'ornnia
1533 529 1714 565 Primitivae
1732 532 1881 568 Ecclefiae
1904 536 2133 579 monimenta,

1240 579 1370 624 quoties
1389 579 1430 615 de
1455 578 1674 616 Hierarchico
1698 583 1981 620 Romanossclero
2005 595 2133 630 agunt,

1240 629 1375 665 laudant
1397 630 1483 664 solos
1504 629 1718 674 Presbyteros
1743 644 1782 667 ac
1802 632 1994 671 Diaconos.
2029 635 2132 671 Nulla

1237 680 1282 715 est
1295 680 1424 715 mentio
1437 679 1665 716 Cardinalium
1677 682 1932 727 Episcoporum.
1960 685 2005 720 Et
2017 686 2053 721 in
2066 686 2132 721 hac

1238 731 1303 775 ipsa
1316 730 1462 774 Epistola
1472 729 1660 775 Presbyteri
1687 744 1726 768 ac
1739 733 1885 769 Diaconi
1898 734 2052 770 adserunt
2066 737 2084 770 a
2097 738 2130 770 se

1238 780 1437 816 celebratam
1450 781 1625 825 Synodum
1636 794 1714 817 cum
1728 783 1846 819 vicinis
1858 784 2049 830 Episcopia:
2076 786 2134 821 ln·

1239 837 1378 875 terquos
1388 831 1532 867 omnino
1543 831 1677 866 suntilli
1692 834 1836 877 septem,
1864 845 1946 880 quos
1969 836 2128 879 posterior

1238 889 1312 921 aetas
1332 881 1443 916 titulat
1464 880 1678 922 cardinales,
1705 884 1738 917 ὅ(
1757 885 1813 928 qui
1823 884 1887 926 jam
1901 886 2026 929 pridem
2053 887 2128 920 sunt

1239 928 1386 970 Romani
1415 930 1507 966 Cleri
1528 931 1687 967 Primates
1725 944 1763 968 ac
1786 935 1927 978 supremi
1949 934 2127 971 Proceres.

1239 979 1395 1017 Afferuut
1417 992 1487 1016 non
1508 978 1541 1015 se
1564 982 1740 1024 cumillis,
1765 984 1819 1019 sed
1833 983 1936 1020 hosce
1956 986 2065 1020 secum
2077 993 2129 1021 ce·

1238 1027 1373 1066 lebrass‘e
1384 1030 1583 1076 synodum,
1607 1030 1753 1076 adeoque
1773 1035 1857 1078 apud
1871 1035 1903 1070 se
1919 1036 1982 1069 effe
2003 1035 2128 1071 Rorna-

1230 1079 1274 1114 ni
1296 1080 1387 1123 Cleri
1414 1080 1597 1120 Primatum
1618 1106 1627 1113 .
1665 1081 1832 1135 roirca
1854 1083 1973 1120 horum
1994 1086 2128 1131 Episco-

1209 1134 1213 1141 '
1230 1138 1354 1175 porum
1375 1131 1411 1166 in
1435 1130 1535 1169 istum
1557 1130 1693 1165 Clerum
1723 1131 1898 1177 adseriPtio
1919 1133 2046 1171 videtur
2056 1146 2126 1171 non

1211 1208 1213 1211 .
1235 1180 1298 1217 effe
1322 1179 1364 1217 ab
1387 1180 1583 1226 Apostolis:
1612 1181 1685 1214 Effe
1701 1180 1829 1217 videtur
1855 1182 2003 1222 &Sanno
2014 1186 2128 1229 Sylve-

1209 1243 1212 1246 ’
1237 1231 1302 1266 stro
1315 1256 1323 1265 .
1352 1231 1395 1266 Et
1407 1230 1486 1266 hinc
1498 1230 1547 1265 illi
1560 1232 1594 1265 in
1610 1230 1770 1266 Romana:
1782 1226 2126 1278 Provinciaessynod'o

1237 1281 1362 1320 dudum
1387 1293 1456 1316 non
1492 1280 1676 1315 habuerunt
1700 1282 1886 1327 digniorem
1913 1285 2024 1319 locum
2050 1296 2128 1321 ante

1236 1331 1319 1367 allos
1330 1330 1638 1375 Comprovinciales
1650 1330 1829 1375 Episcopos
1845 1355 1856 1372 ,
1883 1334 1936 1368 sed
1957 1346 2033 1371 cum
2050 1327 2127 1379 ipfis

1237 1381 1386 1416 sederunt
1406 1380 1497 1425 juxta
1520 1381 1582 1415 suae
1602 1381 1857 1416 consecrationis
1880 1393 2014 1419 aetatern
2031 1397 2040 1417 ε
2068 1377 2127 1421 Εε-

1237 1432 1302 1465 iam
1324 1431 1472 1466 Romani
1497 1430 1675 1472 Pontificis
1700 1431 1939 1475 Consecratur,
1965 1435 2001 1469 &
2025 1433 2126 1470 Pallii

1237 1480 1567 1527 honoreinfignitus,
1593 1480 1779 1516 Hostienfis
1792 1482 1992 1528 Episcopus.
2019 1484 2126 1535 Qud

1235 1531 1352 1575 nempe
1385 1533 1519 1567 Sanetus
1549 1531 1711 1575 sylvester
1744 1555 1756 1572 ,
1794 1534 1828 1568 &
1850 1533 1918 1576 ejus
1946 1545 2003 1579 per
2032 1536 2125 1579 plura

1236 1582 1344 1617 saecula
1379 1582 1569 1617 successores
1593 1604 1604 1621 ‚
1641 1583 1769 1616 avitum
1808 1583 1850 1618 de
1870 1584 1942 1628 ipso
1974 1585 2125 1620 consessu

1235 1631 1408 1667 Canonem
1437 1632 1606 1671 noluerint
1629 1629 1741 1666 lJaedere
1763 1656 1774 1672 ,
1802 1633 1853 1667 vel
1876 1635 2000 1669 auferre
2021 1659 2029 1667 .
2063 1635 2123 1681 1131

1233 1683 1371 1725 synodo
1383 1681 1516 1716 aderant
1526 1682 1626 1715 etiam
1636 1682 1691 1714 alii
1712 1682 1730 1715 ὲ
1741 1681 1842 1727 longe
1851 1683 1961 1727 politis
1985 1684 2123 1720 Provin-

1232 1733 1294 1766 ciis
1319 1732 1499 1776 Episcopi,
1525 1742 1608 1775 quos
1624 1729 1834 1774 persecutionis
1858 1735 1950 1766 ardor
1969 1736 2118 1775 eiecerat.

1234 1783 1285 1816 Ex
1319 1792 1387 1827 quo
1421 1782 1509 1816 vides
1541 1782 1728 1816 Romanam
1762 1782 1877 1816 urbem
1919 1784 2124 1825 persecutio·

1231 1841 1312 1865 num
1334 1831 1538 1874 temporibus
1560 1831 1654 1865 fuiffe
1676 1830 1750 1866 aliis
1768 1831 1962 1867 securiorem
1977 1856 1985 1865 .
2014 1834 2120 1870 Haud

1210 1879 1213 1881 ’
1231 1880 1331 1916 dubie
1345 1881 1391 1916 ob
1405 1883 1611 1917 innumeram
1624 1881 1739 1925 populi
1761 1868 2024 1918 mult‘itudinem.
2050 1885 2121 1922 Ex*-

1233 1931 1337 1967 tranei
1351 1931 1504 1975 Episcopi
1523 1931 1669 1965 ¹securius
1690 1931 1761 1964 illic
1774 1928 1946 1966 latitabant
1959 1955 1966 1964 .
1993 1933 2120 1970 Roma-

1231 1992 1294 2017 nus
1305 1981 1397 2016 enirn
1420 1980 1559 2024 populus
1580 1982 1701 2024 semper
1721 1979 1840 2016 dilexit
1861 1991 2058 2024 extrane08‚
2083 1983 2119 2018 ἀ

1234 2030 1347 2067 hahuit
1381 2032 1544 2075 insignem
1576 2030 1816 2074 benignitatem
1840 2052 1851 2070 ,
1886 2042 1986 2076 quam
2017 2034 2119 2068 etiam

1209 2112 1211 2114 ,
1233 2081 1267 2114 in
1278 2081 1353 2114 aliis
1364 2078 1554 2114 Gentilibus
1566 2079 1677 2114 laudat
1688 2080 1723 2113 in
1745 2079 1882 2123 epistola
1891 2081 1934 2116 ad
1954 2082 2030 2116 suos
2040 2083 2121 2117 Mo-

1235 2128 1356 2165 nachos
1380 2140 1518 2175 magnus
1530 2127 1742 2164 Athanasius:
1772 2132 1839 2173 Ego
1861 2131 1882 2164 ἃ
1904 2132 2048 2166 Patribus
2067 2141 2122 2166 au-

1233 2183 1320 2221 divi,
1350 2182 1385 2214 (η’
1405 2192 1513 2214 verum
1522 2179 1672 2220 arbitror,
1699 2180 1764 2213 cum
1781 2178 1942 2224 persecutio
1956 2183 2021 2225 esset
2043 2191 2120 2217 nata

1208 2260 1210 2262 ,
1226 2229 1281 2274 suh
1308 2235 1494 2264 Maximt'ano
1517 2229 1686 2270 Constantii
1706 2241 1788 2268 avo,
1815 2230 1962 2263 Ethntcos
1985 2231 2117 2267 bomim

1226 2281 1349 2322 fratres
1371 2280 1476 2321 nostros
1497 2279 1700 2320 christianos,
1727 2280 1793 2311 cum
1812 2289 2016 2323 quaererentur
2038 2283 2118 2315 lau-

1232 2332 1294 2364 bris
1318 2330 1482 2374 abdidisse,
1507 2327 1608 2373 eosque
1629 2329 1707 2371 [αρε
1724 2334 1855 2371 pecunia
1874 2329 2055 2371 mutuatos,
2080 2333 2117 2366 Θ

1230 2387 1340 2414 carn-ri
1353 2387 1537 2422 mancipatos
1543 2379 1631 2423 suffe
1643 2403 1654 2420 ,
1679 2390 1737 2412 non
1747 2378 1781 2411 ob
1791 2380 1895 2420 aliud,
1922 2382 2014 2421 quim
2034 2382 2119 2422 quot

1225 2430 1435 2475 profugientes
1460 2431 1505 2463 ad
1526 2427 1559 2473 se
1577 2430 1702 2472 prodere
1724 2428 1834 2462 nollent
1855 2453 1865 2469 ,
1892 2428 1994 2473 eosque
2012 2431 2118 2464 eadem

1224 2481 1288 2523 fide
1302 2505 1313 2520 ,
1338 2492 1401 2523 qua
1420 2478 1454 2523 se
1474 2478 1576 2523 ipsa,
1602 2479 1724 2513 tuendos
1746 2485 1914 2520 putarent,
1941 2491 1999 2514 non
2020 2485 2117 2515 verm

1229 2530 1263 2564 ob
1285 2531 1321 2564 id
1336 2529 1369 2574 se
1383 2531 1527 2572 periculis
1552 2530 1676 2571 objicere
1698 2553 1704 2562 .
1738 2530 1852 2578 Qam
1875 2528 2116 2574 benignitatem

1198 2602 1201 2605 «
1230 2581 1360 2626 quaefito
1382 2580 1424 2614 ad
1447 2591 1560 2614 necem
1581 2581 1700 2615 Sant'to
1711 2579 1883 2623 Cypriane>
1903 2579 1997 2614 fuiffe
2012 2579 2115 2615 etiam

1229 2632 1248 2665 a
1270 2628 1579 2675 Carthaginensium
1603 2628 1810 2664 nobilissimis
1821 2629 2009 2664 Gentilibus
2024 2628 2115 2664 obla·

1231 2693 1297 2716 tam
1310 2680 1423 2717 scribit
1442 2680 1477 2714 iu
1498 2680 1568 2724 ejus
1582 2680 1647 2714 vita
1658 2678 1802 2714 Pontius
1812 2679 1998 2713 Diaconus.
2027 2677 2114 2714 Lau-

1230 2731 1312 2767 datae
1335 2731 1474 2774 synodo
1497 2730 1635 2765 adfuisse
1658 2730 1777 2773 possint
1802 2729 1836 2763 ὅ(
1855 2729 1910 2762 alii
1933 2729 2114 2773 Episcopi,

1231 2783 1287 2826 qui
1314 2782 1387 2816 sua‘s
1409 2781 1477 2815 illic
1501 2780 1678 2824 appellatas
1697 2780 1806 2813 causas
1817 2778 2113 2824 prosequebantur.

1232 2833 1321 2867 Nam
1348 2831 1438 2874 quod
1463 2831 1611 2864 Privatus
1634 2828 1879 2863 Lambesitanus
1900 2829 2083 2873 Episcopus
2098 2847 2112 2871 ·,

1233 2895 1300 2917 non
1325 2882 1455 2916 tanturn
1483 2880 1651 2914 aDonato
1673 2877 1926 2922 Carthaginensi
1948 2880 1984 2913 in
2007 2879 2114 2922 prima

1234 2932 1387 2967 instantia
1402 2956 1413 2973 ,
1439 2931 1492 2964 sed
1505 2931 1606 2965 etiam
1619 2928 1637 2962 a
1649 2929 1766 2962 Sancto
1788 2927 1934 2962 Fabiano
1946 2928 2114 2964 Pontifice

1232 2984 1265 3017 in
1286 2981 1501 3027 appellatorio
1521 2978 1646 3023 judicio
1661 2970 1837 3012 damnatus
1858 3003 1869 3019 ,
1896 2977 1968 3022 post
1997 2978 2113 3013 utrius-

1232 3045 1295 3078 que
1306 3033 1430 3077 Judicis
1440 3041 1581 3065 mortem
1592 3028 1753 3063 accerserit
1773 3029 1939 3070 Romam,
1964 3028 1999 3062 δι
2018 3027 2038 3061 ὲ
2060 3039 2112 3063 νιε-

1230 3084 1336 3119 cantis
1349 3079 1519 3118 Cathedrae
1529 3080 1628 3115 Clero
1639 3080 1730 3113 suam
1741 3079 1869 3113 causam
1879 3079 2038 3113 κει-κάπὶ
2060 3088 2113 3112 ex-

1231 3133 1399 3178 postularit
1415 3149 1428 3173 ,
1451 3131 1597 3173 adeoque
1607 3127 1697 3173 quod
1710 3128 1770 3163 iste
1782 3129 1898 3163 Clerus
1921 3128 2112 3172 quorumvis

1232 3186 1470 3228 Episcoporum
1488 3180 1730 3224 appellationes
1752 3177 1878 3213 audiret
1913 3189 1951 3213 ac
1976 3178 2110 3217 finiret,

1231 3236 1362 3270 testatur
1385 3232 1518 3277 ipsemet
1540 3231 1576 3264 in
1604 3229 1666 3264 alia
1679 3228 1720 3263 ad
1730 3230 1885 3264 Sanstum
1907 3228 2109 3272 Cyprianum

1231 3284 1386 3328 epistola.
1414 3279 1512 3317 Unde
1531 3280 1648 3315 omnia
1669 3279 1776 3314 suade
1788 3278 1965 3322 majoribus
1989 3288 2028 3311 ac
2051 3276 2111 3311 du-

1231 3335 1292 3369 biis
1312 3333 1414 3370 caufis
1437 3332 1520 3365 Aeta
1543 3331 1585 3364 ad
1608 3330 1701 3364 illum
1722 3340 1791 3364 non
1812 3328 1923 3364 minus
1943 3327 2041 3371 quarn
2068 3323 2111 3360 ad

1230 3385 1337 3431 ipsum
1367 3381 1566 3425 Pontificem
1594 3381 1728 3420 Sanetus
1759 3378 1946 3422 Cyprianus
1976 3376 2111 3462 rugiit,

2044 3437 2063 3461 ι

2128 3359 2232 3397 ΕΡὙἈ
