2372 3756
123 1208 159 1237 1.-
178 1211 223 1243 36.

125 2320 157 2348 1,-
188 2327 213 2345 ι.
235 2324 263 2346 c-

160 3309 195 3338 A.

138 1844 144 1851 .
173 1830 216 1859 37.

218 3314 264 3342 34·

365 136 432 179 86·-

295 220 413 262 quidem
433 226 496 250 tam
521 217 677 258 diligenter
699 213 857 248 sabbathis
873 215 1028 255 jejunium
1044 212 1174 256 servat,

294 271 388 312 quam
412 279 460 311 ego
479 266 563 299 hodie*
580 263 705 308 servavt·
723 290 730 296 .
757 263 887 308 Nempe
911 264 1091 306 Judaeorum
1108 263 1173 306 plu·

292 330 345 353 res
369 317 601 351 aemulabantur
613 315 805 348 Pha·-isaeum
820 338 831 354 ‚
856 311 1009 357 quiapud
1020 314 1172 348 Sanc'tum

296 368 421 402 Lucam
448 367 534 401 dixit
557 379 564 399 ε
584 368 703 411 Jejuno
727 365 834 397 bitin
859 362 1028 397 sabbatho.
1060 363 1174 396 Genti-

294 419 340 451 les
367 418 467 462 igitur
489 441 501 458 ,
527 417 615 459 q'uod
644 415 737 449 variis
763 425 818 457 per
844 412 1083 447 hebdomadam
1108 413 1173 446 die-

294 468 355 501 bus
381 467 555 501 abstemios
587 466 714 508 Judaeos
741 463 890 497 viderent
916 461 1088 497 Sabbathis
1116 463 1174 495 lar·

294 517 336 562 ge
357 517 483 556 curari,
509 516 634 560 opinati
658 516 730 548 sunt
757 514 798 547 ab
823 513 895 556 ipfis
907 514 974 547 coli
987 511 1152 547 Bacchum
1167 535 1174 543 .

295 568 398 601 Porro
437 566 635 601 Sabbatiium
671 563 716 597 ob
753 563 910 596 Divinam
942 564 961 596 a
999 562 1175 596 creationis

293 629 390 660 opere
415 617 558 660 requiem
582 615 626 648 est
655 612 795 647 omnino
815 613 1034 653 laetitiaedies‚
1063 612 1173 645 verum

293 667 339 702 ob
362 668 493 710 Iudaica
520 665 555 699 in
582 664 769 698 Dominum
795 665 941 697 facinora
960 664 1005 697 est
1031 671 1176 695 mutatus

294 718 330 751 in
352 727 537 750 maerorem.
565 714 720 748 Praeterea
745 725 785 747 ne
807 714 919 747 fideles
944 712 1086 755 Judaicis
1097 723 1174 745 con-

294 767 392 800 viviis
412 776 469 800 aut
491 765 582 800 sestis
594 765 841 799 communicent
857 787 866 802 ‚
894 762 1104 806 Apostolicus
1115 762 1178 795 Ca·

294 828 363 851 non
386 817 419 851 &
441 826 593 860 perpetua
615 815 720 849 totius
741 811 1176 855 Christianitatis-disciplina

293 865 482 911 rigidissime
503 867 701 900 sanxerunt.
728 863 821 896 Hinc
845 860 926 906 ergo
947 862 1081 895 Sanetus
1106 862 1176 905 Syl-

293 916 394 951 vester
424 915 551 950 censuit
574 914 675 948 ⁴nobis
698 914 876 947 convenire
900 911 1059 946 sabbathi
1095 911 1176 955 jeju-

292 967 406 1005 nium,
430 965 559 1009 ejussque
580 964 818 997 Sanffiffimum
841 962 881 996 de
899 961 968 1006 ipso
994 962 1175 996 Decretum

289 1015 422 1050 tandem
444 1015 571 1048 admisit
590 1012 701 1046 omnis
720 1013 961 1047 ferme'Latina
983 1012 1123 1046 Ecclesia
1142 1036 1149 1043 .

340 1064 485 1112 Qiaestio
497 1065 541 1098 est
558 1089 568 1104 ,
589 1062 776 1110 Qomodd
788 1063 893 1097 Caesar
905 1062 1074 1107 Augustus
1085 1062 1174 1104 scrip·

289 1115 361 1150 serit
385 1117 511 1159 Judaeos
537 1112 708 1148 Sabbathis
730 1113 899 1156 jejunare?
928 1113 971 1146 Et
992 1113 1047 1155 ipsi
1062 1113 1177 1146 conso-

289 1177 348 1199 nat
371 1177 413 1199 ex
435 1165 556 1209 Trogo
566 1163 729 1206 Pompeio
743 1162 908 1207 Justinus:
935 1161 1044 1206 Moyses
1063 1161 1175 1205 septem

288 1217 405 1248 dierum
419 1217 536 1257 jejunio
553 1223 610 1256 per
632 1212 749 1256 deserta
777 1213 895 1247 Arabiae
916 1224 980 1246 cum
1003 1214 1109 1254 populo
1124 1211 1176 1254 suo

280 1264 460 1309 fatigatus,
487 1266 551 1298 cum
566 1266 701 1299 ¹tandem
723 1264 867 1306 veniffet,
891 1261 1050 1306 septimum
1075 1264 1174 1302 diem,

288 1327 368 1349 more
384 1321 487 1359 gentis
509 1313 697 1347 sabbathum
709 1315 891 1355 appellatum
903 1335 913 1351 ,
939 1320 970 1344 in
982 1323 1064 1343 omne
1077 1324 1175 1343 aevum

282 1368 401 1406 ‚ieiunio
418 1364 556 1408 sacravit
581 1389 588 1396 .
615 1366 767 1407 ,Quoniam
795 1364 847 1396 illa
874 1365 938 1395 dies
965 1364 1022 1393 illis
1038 1361 1176 1402 famem,

287 1427 470 1458 erroremque
487 1414 631 1457 finierat.
661 1415 705 1447 Et
729 1414 769 1447 de
781 1413 894 1455 Judaeis
913 1411 1020 1444 scribit
1033 1410 1174 1444 Persius:

288 1470 488 1507 Recutitaque
513 1462 671 1496 sabbatha
705 1463 805 1503 palles
830 1486 836 1493 .
877 1460 1010 1504 Utique
1036 1471 1076 1493 ex
1102 1461 1176 1503 jeju-

291 1516 368 1549 nio.
397 1516 439 1548 Et
463 1513 638 1547 Petronius
658 1524 664 1543 ε
685 1513 821 1557 Judaeus
843 1513 911 1544 licet
923 1513 1115 1551 &porcinum
1127 1523 1176 1543 nu-

290 1577 358 1599 men
377 1566 479 1598 adoret
493 1588 503 1603 ‚
528 1565 562 1596 (5
583 1564 643 1596 cilli
652 1560 785 1604 summas
800 1563 926 1593 advocet
935 1562 1081 1593 auriculas
1096 1586 1103 1592 .
1131 1565 1177 1592 Ni

290 1626 391 1648 tamen
413 1616 447 1648 Ca·
466 1612 551 1655 ferro
577 1611 735 1655 succiderit
759 1617 890 1655 inguinis
915 1623 997 1643 oram
1018 1636 1028 1652 ‚
1066 1612 1100 1644 &²
1127 1609 1183 1651 nili

291 1667 434 1698 nodatum
457 1662 580 1707 solverit
606 1671 673 1694 arte
698 1671 785 1703 caput
814 1687 819 1693 .
858 1665 1028 1702 Exemptus
1046 1662 1175 1701 populo,

284 1725 378 1759 grata
403 1712 546 1757 migrabit
566 1712 604 1744 ab
627 1712 696 1745 urbe
720 1737 730 1752 ,
757 1714 790 1745 ὦ·
813 1724 871 1744 non
887 1713 1000 1752 jejuna
1025 1710 1178 1743 sabbatha

290 1767 351 1809 lege
367 1773 504 1806 premet.
534 1764 587 1797 De
610 1761 814 1805 judaeisioem
826 1762 898 1794 Dio
911 1761 1036 1794 Caffius
1049 1760 1177 1794 scribit:

294 1820 357 1848 Deo
375 1815 517 1856 templum
541 1819 712 1845 maximam
724 1813 757 1845 (9⁴
762 1811 1013 1854 pulcherrimum,
1040 1810 1095 1852 nisi
1103 1811 1181 1852 quod

291 1874 430 1907 apertum·
451 1866 487 1898 ὢ
503 1863 565 1905 fine
586 1863 661 1896 tello
683 1864 741 1894 ullo
764 1862 823 1901 est,
849 1860 1084 1900 construxerunt.
1118 1861 1181 1893 Ex·

294 1914 389 1959 fonit
419 1915 451 1947 in
481 1914 543 1947 suis
565 1913 604 1947 ad
627 1913 777 1947 Cornelii
802 1911 915 1945 Taciti
933 1910 1082 1944 historias
1093 1921 1180 1943 com-

293 1965 459 1999 mentariis
482 1964 586 2008 Justus
614 1963 760 2005 Lipsius:
787 1964 871 2005 ,Quia
885 1960 940 2004 sub
966 1962 1056 2001 carlo,
1082 1962 1116 1994 (5
1150 1967 1181 1992 in

296 2017 373 2049 illud
397 2014 594 2057 adspicientes
616 2015 730 2058 Judaei
749 2012 949 2054 precabantur
973 2034 984 2050 ,
1020 2017 1080 2043 rati
1109 2008 1183 2053 sunt

295 2067 400 2099 caelum
421 2062 517 2106 ipsum
539 2063 577 2096 ab
592 2070 635 2096 eis
649 2065 770 2095 adorari
787 2087 794 2094 .
823 2066 902 2097 Hinc
905 2065 936 2105 J
940 2063 1096 2096 uvenalts:
1124 2062 1183 2092 Nil

292 2125 408 2158 praeter
441 2114 535 2146 nubes
565 2115 598 2147 (·>’
627 2114 690 2145 caelx·
716 2114 814 2145 lumen
840 2113 971 2143 adunant
991 2134 999 2141 .
1034 2113 1081 2142 Et
1107 2111 1183 2142 alius

297 2168 444 2203 satyricus
459 2176 466 2194 z
482 2166 526 2193 Et
536 2163 600 2195 caeli
608 2160 740 2203 summas
755 2162 885 2193 advocat
896 2161 1044 2193 auriculas
1057 2183 1063 2190 .
1092 2157 1189 2202 ,Quafi

294 2222 440 2257 putarent
461 2213 565 2245 caelum
586 2222 671 2247 aures
695 2210 803 2243 babere
825 2235 834 2250 ‚
875 2212 965 2253 idque
990 2214 1163 2242 invocarent
1176 2233 1183 2240 .

302 2264 427 2298 Verum
467 2264 500 2294 in
540 2259 601 2294 suis
641 2261 681 2294 ad
720 2261 912 2294 Svetoniurn
940 2259 1185 2293 commentariis

301 2314 428 2349 Isaacus
455 2311 669 2345 casaubonus
691 2310 772 2343 rene
812 2310 922 2344 scribit
949 2309 989 2343 de
1016 2307 1184 2351 posteriori

303 2362 451 2398 Petronii
475 2362 590 2395 versu:
618 2362 709 2403 Vulgo)
734 2371 790 2392 non
808 2359 869 2401 fine
880 2370 974 2394 errore
984 2359 1099 2392 editur.
1128 2361 1186 2391 Pro

304 2415 405 2452 Caeli,
432 2413 587 2456 legendum
612 2409 669 2450 est,
699 2410 790 2442 Cilli.
818 2409 966 2457 Qaestio
991 2409 1035 2443 est
1057 2433 1067 2448 ‚
1094 2409 1186 2454 Qo-

306 2464 409 2498 modo
436 2462 470 2495 hi
495 2471 613 2495 omnes
650 2459 825 2493 adfirment
858 2460 986 2503 Judaeos
1018 2456 1188 2492 sabbathis

306 2514 481 2558 jejunasse?
509 2511 606 2547 Certe
629 2521 670 2544 ex
693 2510 744 2543 his
756 2511 890 2542 sumitur
901 2508 1023 2553 grande
1035 2519 1091 2551 pro
1107 2508 1186 2541 Grae·

308 2566 355 2599 cis
375 2563 526 2597 adversus
547 2560 669 2598 Latina
685 2559 847 2598 *sabbathi
872 2559 994 2603 jejunia
1020 2569 1191 2602 argumen-

312 2625 404 2647 tum:
433 2613 554 2647 Suadet
577 2622 646 2645 non
670 2610 802 2643 Graecos
824 2620 904 2644 tunc
915 2610 1123 2652 epulan-icum
1141 2608 1191 2650 Ju-

311 2665 407 2703 daeis,
435 2663 485 2696 sed
510 2661 648 2695 Latinos
668 2660 811 2704 jejunare
832 2671 906 2695 cum
920 2659 1017 2703 ipfis,
1041 2657 1191 2692 &sabba-

313 2711 454 2749 thizaxe.

368 2760 555 2805 Respondet
574 2761 720 2803 praefatus
741 2759 955 2795 casaubonus
968 2759 1093 2793 nullum
1105 2758 1195 2792 istius

317 2811 454 2857 Judaicae
479 2811 688 2844 observantiae
713 2810 834 2844 exstare
861 2810 912 2844 vel
939 2811 972 2843 in
1000 2809 1102 2844 Sacris
1115 2809 1196 2843 litte-

319 2864 362 2896 ris
388 2886 398 2902 ‚
437 2864 484 2894 vel
510 2863 542 2893 in
570 2861 709 2904 ipsarum
736 2861 980 2893 commentariis
1007 2858 1196 2904 vestigium,

320 2915 354 2947 ὅ(
382 2910 553 2955 adjungit:
581 2915 619 2944 At
639 2914 792 2950 Romani,
817 2916 868 2952 qui
878 2917 984 2942 norant
994 2909 1095 2943 crebra
1106 2909 1145 2941 ab
1155 2914 1197 2941 eis

323 2961 458 3005 usurpari
475 2963 616 3002 jejunia,
641 2961 706 2994 cum
724 2967 881 3002 praecipua
901 2959 1072 3000 castimonia
1089 2957 1197 2992 sabba-

323 3013 406 3046 thum
428 3011 466 3044 ab
491 3017 533 3044 eis
554 3011 695 3043 celebrari
720 3012 879 3049 viderent,
905 3015 1004 3052 ignari
1016 3021 1126 3042 morum
1135 3010 1200 3049 ejus

321 3069 421 3106 gentis
451 3086 460 3101 ,
496 3060 573 3101 istud
590 3060 646 3102 fibi
670 3062 776 3093 temere
798 3057 1008 3101 persuaserunt
1031 3084 1037 3090 .
1077 3059 1202 3092 Verum

327 3112 481 3154 p2aecipua
507 3110 744 3144 Sabbathorum
770 3110 963 3144 castimonia
991 3121 1059 3143 non
1082 3110 1144 3142 fuit
1163 3108 1202 3151 je·

330 3161 456 3204 junium
470 3185 477 3191 .
506 3161 613 3194 Etiam
629 3162 692 3203 ipse
706 3160 922 3195 casaubonus
933 3159 1048 3192 diserte
1059 3158 1123 3192 hoc
1137 3169 1204 3200 pro-

333 3212 459 3245 fitetur.
487 3210 580 3243 Hinc
601 3209 693 3243 aliter
713 3209 879 3251 respondet
903 3209 1070 3242 Dominus
1096 3206 1206 3241 Cardi-

335 3259 418 3301 nalis
440 3259 542 3292 Caesar
570 3259 749 3293 Batonius:
779 3261 866 3302 ,Quid
886 3258 1000 3291 adhaec
1012 3263 1084 3292 certi
1095 3256 1207 3300 respon-

335 3310 460 3342 deamus
473 3331 483 3347 ‚
509 3308 592 3341 haud
594 3309 689 3350 facile
699 3309 734 3348 est
747 3315 901 3341 invenire.
931 3311 1096 3349 Suppetunt
1108 3316 1207 3340 tamen

338 3359 403 3399 ejus
425 3362 513 3393 moris
536 3362 681 3392 nonnulla²
699 3357 809 3401 causae.
838 3362 874 3389 Ut
885 3359 936 3390 illa
949 3364 1093 3399 imprimis
1106 3381 1115 3396 ,
1141 3369 1207 3398 quae

339 3410 360 3443 ἃ
375 3404 509 3451 Josepbo
530 3412 561 3438 in
577 3405 633 3449 sua
655 3416 720 3442 vita
737 3415 861 3451 ponitur
885 3433 896 3449 ,
925 3406 1094 3451 consuewffi
1121 3414 1208 3440 nimi—

658 130 699 175 S.
738 128 1061 175 Gatoonn
1097 141 1332 172 εεΡτιΜι
1369 128 1730 175 ΡοΝτιΡῐςιε

1237 214 1443 256 rumJudaeor
1449 214 1563 254 jejunii
1572 217 1703 256 tempore
1704 215 1775 257 fir?
1777 216 1909 257 feriatos
1929 220 1981 262 effe
1992 245 2002 262 ‚
2028 224 2113 262 syna-

1232 273 1339 305 gogam
1358 264 1464 302 adire,
1490 265 1525 297 <9
1544 274 1609 297 cum
1631 266 1703 297 altis
1721 275 1824 307 precer
1837 266 1972 307 fundere
1991 284 2002 304 .·
2038 276 2112 317 ,Qua

1231 311 1354 355 fortasse
1376 325 1414 346 ex
1438 312 1527 356 causa
1552 316 1656 347 eadem
1671 317 1793 356 jejuma
1814 316 1853 348 ab
1871 318 1933 350 illis
1955 321 2112 355 sabbathi-

1237 368 1325 394 naria
1338 387 1349 403 ,
1370 361 1422 405 seu
1444 364 1599 397 sabbatha
1611 366 1779 399 dicerentur
1792 391 1800 398 .
1828 369 1896 401 Alta
1908 367 2027 411 insuper
2037 379 2113 405 ratio

1236 418 1374 445 occcurrit
1396 415 1458 454 ejus
1480 416 1724 449 nomenclaturae:
1754 418 1850 460 ,Quid
1862 417 1974 460 ,li-ilicet
1983 421 2047 453 ci'cm
2051 423 2082 464 J
2083 434 2114 455 u-

1237 464 1298 495 daei
1309 465 1374 496 dies
1386 475 1486 497 omnes
1500 489 1510 505 ,
1534 466 1698 506 adjec‘lione
1720 474 1821 499 tamen
1843 476 1978 511 numeri,
2004 471 2114 504 sabba·

1237 511 1292 545 tba
1318 519 1507 547 nominarem
1520 539 1530 554 ,
1558 518 1696 549 videlicet
1713 523 1847 558 primam
1872 518 2015 552 sabbathi
2037 544 2047 560 ,
2068 519 2115 564 se·

1235 564 1365 595 eandam
1373 563 1539 603 sabbathi,
1562 566 1833 608 &ficdecaeter1s,
1861 579 2040 612 quacumque
2064 574 2112 604 dte

1230 613 1432 655 jejunassent,
1458 614 1608 648 sabbatho
1611 618 1754 657 jejunare
1761 626 1960 659 putarentur.
1987 620 2112 661 Ufitatus

1237 669 1316 696 enim
1327 665 1412 705 apud
1431 675 1478 696 eos
1497 664 1596 707 sermo
1606 666 1693 708 fuit,
1719 679 1751 701 ut
1770 670 1850 709 quod
1869 674 1900 701 tn
1921 669 2113 705 hebdomada

1239 714 1342 746 diebus
1347 713 1468 757 singulit
1472 714 1631 756 facerent,
1657 722 1688 749 in
1710 717 1859 751 sabbatho
1875 719 1909 762 se
1931 722 2010 754 illud
2027 732 2115 764 agere

1239 765 1388 797 dicerent.
1426 766 1512 798 Unde
1535 767 1620 807 apud
1639 770 1751 800 Lucam
1778 767 1965 812 Pharisaeus:
1996 771 2115 813 Jejuno

1238 812 1288 847 bis
1315 814 1349 847 in
1376 814 1543 849 Sabbatho
1565 840 1572 847 .
1611 817 1729 850 Duobus
1756 818 1895 852 videlicet
1918 819 2116 854 bebdomadae

1236 862 1356 897 diebus:
1374 863 1628 908 Nempe‘ficunda
1639 869 1672 901 <9
1683 873 1789 910 quinta
1802 870 1867 901 die.
1896 869 1997 917 Qod
2011 870 2116 914 ipsum

1238 914 1272 947 in
1285 913 1348 948 suis
1360 913 1399 947 ad
1422 926 1573 959 quartum
1593 916 1755 952 Martialis
1775 918 1893 952 librum
1916 926 2117 955 commenta-

1237 964 1293 997 riis
1321 963 1431 998 scribit
1453 964 1629 1000 Matthaeus
1651 967 1816 1002 Raderus.
1844 969 1979 1004 Etenim
1993 971 2026 1004 in
2042 971 2117 1014 Epi-

1237 1024 1416 1058 grammate
1428 1013 1468 1048 ad
1482 1014 1607 1050 Bassam
1629 1018 1694 1059 ipse
1713 1020 1812 1052 etiam
1833 1020 1996 1054 Martialis
2015 1021 2117 1064 judai·

1236 1075 1273 1097 ca
1295 1063 1414 1106 jejunia
1436 1065 1544 1098 titulat
1556 1068 1680 1107 jejunia
1702 1067 1978 1103 subbarbartorum.

1288 1113 1413 1147 Verum
1439 1114 1538 1157 Judaei
1553 1128 1620 1150 non
1634 1117 1775 1161 singulos
1787 1120 1859 1152 suos
1869 1120 1957 1160 dies,
1988 1120 2040 1155 sed
2052 1121 2117 1164 ple-

1240 1174 1315 1197 nam
1338 1163 1509 1198 dumtaxat
1530 1165 1743 1210 septimanam
1762 1168 1971 1212 appellabant
1997 1170 2116 1205 Sabba-

1239 1211 1353 1246 thum.
1382 1214 1476 1248 Hinc
1499 1227 1567 1249 non
1593 1217 1746 1252 dixerunt
1767 1218 1906 1263 primum
1927 1228 1985 1254 aut
2006 1221 2118 1254 secun-

1237 1263 1317 1296 dum
1342 1263 1542 1298 sabbathum
1566 1288 1575 1303 ‚
1612 1268 1663 1300 sed
1690 1270 1829 1310 primam
1861 1280 1920 1304 aut
1939 1269 2116 1304 secundam

1240 1310 1394 1346 Sabbathi
1416 1337 1424 1345 .
1464 1314 1508 1346 Et
1532 1313 1708 1350 Pharisaeus
1731 1329 1796 1351 non
1821 1319 1908 1353 dixit
1927 1321 1958 1354 se
1975 1320 2116 1363 jejunare

1240 1363 1271 1394 in
1298 1361 1427 1396 duobus
1446 1362 1637 1404 sabbathis,
1666 1366 1718 1399 sed
1742 1366 1835 1400 bisin
1847 1378 1915 1402 uno
1928 1369 2116 1403 sabbatho.

1239 1411 1292 1445 De
1312 1424 1379 1455 quo
1404 1412 1552 1446 videatur
1574 1414 1738 1449 eruditum
1761 1416 1874 1450 Caroli
1896 1417 2023 1463 Sigonii
2035 1429 2118 1462 opus

1238 1460 1278 1495 de
1289 1461 1503 1495 Hebraeorum
1519 1463 1700 1506 Republica
1712 1489 1719 1496 .
1747 1466 1857 1499 Etiam
1873 1467 2007 1501 unicum
2026 1469 2120 1502 dum-

1241 1523 1330 1545 taxat
1357 1511 1541 1547 habuerunt
1567 1512 1672 1557 legale
1692 1537 1704 1554 ,
1741 1516 1794 1548 seu
1823 1527 2012 1560 praeceptum
2037 1518 2116 1560 jeju-

1241 1561 1352 1594 nium:
1381 1561 1512 1605 Utique
1534 1562 1722 1598 diedecima
1733 1565 1852 1599 decimi
1865 1568 2001 1609 mensis,
2026 1567 2061 1600 in
2073 1568 2118 1602 fe-

1241 1611 1290 1646 sto
1304 1612 1513 1655 Expiationis
1527 1638 1534 1645 .
1561 1614 1703 1658 Reliqua
1715 1615 1827 1649 omnia
1851 1617 1981 1651 fuerunt
2003 1617 2121 1652 volun.

1241 1662 1319 1695 tatia
1330 1661 1363 1695 ὅ(
1375 1664 1496 1704 privata
1509 1687 1520 1702 ,
1546 1674 1602 1698 aut
1619 1675 1674 1707 per
1695 1662 1882 1709 Principem
1895 1667 1945 1700 seu
1957 1667 2061 1701 alium
2075 1668 2119 1702 le-

1242 1711 1394 1756 gitimum
1407 1713 1609 1755 Superiorem
1633 1715 1755 1757 populo
1777 1715 1822 1749 ob
1840 1718 1951 1750 causas
1974 1715 2094 1751 indiae
2109 1742 2118 1751 .

1242 1762 1353 1808 Quam
1366 1763 1506 1796 sormam
1517 1764 1621 1797 secuta
1633 1762 1757 1798 dudum
1771 1766 1832 1799 fuit
1843 1767 1943 1800 etiam
1957 1767 2099 1800 Ecclesia
2109 1790 2116 1798 .

1244 1811 1440 1846 Inducendis
1454 1812 1648 1848 solemnium
1661 1814 1856 1858 jejuniorum
1870 1817 2042 1859 Praeceptis
2058 1816 2122 1858 pri-

1244 1873 1330 1895 mam
1342 1862 1428 1905 apud
1442 1864 1619 1898 nosansam
1633 1865 1792 1899 dederunt
1804 1866 2029 1899 Montaniflae.
2043 1865 2122 1899 Pro-

1245 1911 1321 1946 inde
1333 1913 1394 1946 alia
1405 1911 1450 1946 est
1465 1913 1632 1956 quaerenda
1657 1914 1741 1949 ratio
1753 1941 1763 1957 ,
1788 1928 1847 1950 cur
1865 1916 1947 1950 olim
1969 1915 2122 1950 Gentiles

1244 1963 1356 1996 omnia
1378 1962 1560 2005 Judaeoium
1579 1963 1700 2007 jejunia
1720 1965 1832 2000 dixere
1850 1964 2118 2001 Sabbathinaria.

1203 2045 1205 2049 ,
1247 2013 1315 2046 Eos
1325 2023 1441 2046 omnes
1456 2013 1548 2047 simul
1570 2015 1682 2050 errasse
1702 2028 1770 2050 non
1793 2017 1887 2051 facile
1907 2014 2119 2051 crediderim.

1247 2062 1302 2095 Est
1317 2063 1448 2096 interim
1462 2073 1508 2096 res
1518 2063 1660 2098 abstrusa
1672 2091 1679 2098 .
1708 2066 1744 2098 ln
1759 2065 1879 2100 habitis
1889 2065 2059 2101 adversum
2072 2066 2123 2109 Ju-

1246 2113 1332 2145 daeos
1349 2112 1551 2146 sermonibus
1562 2113 1695 2148 Sanetus
1703 2115 1844 2156 Ioannes
1855 2115 2122 2159 Chrysostomus

1247 2161 1577 2196 acerrimeinvehitur
1597 2164 1631 2196 in
1657 2166 1731 2198 suos
1754 2164 2007 2205 Antiocheam,
2033 2163 2124 2209 quod

1247 2212 1393 2257 ipsorum
1417 2212 1550 2254 quidam
1573 2223 1706 2255 agerent
1730 2225 1805 2247 cum
1829 2212 1944 2256 Judaeis
1970 2214 2051 2249 festa
2075 2215 2124 2257 ju-

1247 2259 1534 2302 daica&jejunia:
1563 2260 1723 2295 Adfirmat
1735 2263 1797 2295 esse
1810 2264 2013 2297 manifestam
2037 2265 2127 2307 Apo-

1249 2310 1374 2343 ssafiam
1399 2334 1405 2341 .
1434 2309 1519 2354 Agit
1546 2312 1716 2353 praesertim
1738 2311 1778 2345 de
1800 2312 1931 2359 judaico
1959 2313 2127 2357 Expiatio-

1251 2361 1301 2392 nis
1323 2359 1468 2402 jejunio,
1495 2368 1526 2393 at
1552 2372 1620 2394 non
1646 2361 1687 2395 de
1710 2361 1798 2396 solo.
1828 2363 1872 2396 Et
1891 2362 1925 2396 in
1947 2363 2011 2399 suis
2036 2363 2127 2407 super

2143 2126 2220 2154 rom.
2251 2132 2280 2158 7.

1236 2408 1428 2458 ,Epistolam
1451 2409 1491 2443 ad
1510 2409 1643 2444 Galatas
1679 2413 1926 2447 commentariis
1967 2411 2126 2446 declamat

1249 2458 1463 2503 genaraliter:
1492 2461 1582 2493 Multi
1588 2459 1662 2503 sunt
1682 2463 1767 2503 apud
1788 2474 1858 2504 nos,
1885 2467 1936 2505 qui
1960 2464 2059 2497 eodem
2076 2465 2126 2496 die

1246 2511 1391 2550 jejunant
1411 2520 1467 2550 quo
1482 2512 1619 2554 Judae13
1646 2518 1698 2553 qui
1713 2511 1847 2552 similiter
1872 2511 2032 2555 observant
2057 2514 2128 2546 sab-

1255 2557 1348 2592 batha
1371 2583 1378 2590 .
1407 2558 1529 2593 Lucem
1555 2562 1699 2604 accipere
1725 2561 1789 2595 haec
1805 2562 1926 2596 debent
1946 2574 1988 2597 ex
2009 2563 2127 2596 Sanc'to

1257 2609 1445 2653 Augustino
1459 2633 1469 2648 ,
1493 2610 1548 2653 qui
1562 2609 1626 2644 haec
1639 2612 1743 2645 Sansti
1757 2612 1893 2654 Joannis
1913 2612 2128 2657 Evangelistae

1255 2658 1296 2692 de
1319 2658 1502 2700 sepeliendo
1531 2660 1681 2694 Domino
1706 2661 1821 2701 verba,
1848 2662 1894 2694 Ibi
1914 2664 1981 2706 erg&
2001 2670 2128 2704 propter

1257 2707 1443 2751 Parasceven
1459 2711 1642 2752 Judaeorum
1666 2735 1676 2750 ,
1714 2717 1785 2753 quia
1805 2713 1904 2752 juxta
1929 2721 1996 2745 erat
2031 2723 2128 2745 monu0
2145 2728 2236 2759 frast.

1256 2769 1389 2791 mentum
1411 2783 1421 2799 ,
1446 2758 1606 2801 posuerunt
1621 2759 1733 2806 Jesum
1754 2784 1764 2800 ,
1800 2761 1841 2794 fic
1867 2772 2128 2796 commentatore
2151 2781 2212 2799 ιω.

1253 2812 1283 2854 J
1287 2819 1396 2842 oannes
1421 2811 1609 2843 acceleratam
1631 2812 1698 2844 vult
1718 2811 1842 2854 intelligi
1861 2810 2066 2854 sepulturam,
2093 2821 2130 2844 ne

1258 2857 1528 2901 advesperasceret,
1554 2862 1672 2903 quando
1686 2862 1756 2900 jam
1778 2868 1900 2902 propter
1921 2859 2131 2904 Parasi-even,

1259 2919 1350 2950 quam
1371 2920 1482 2942 coenam
1500 2919 1612 2951 puram
1626 2911 1740 2954 Judaei
1766 2913 1879 2944 Latini
1898 2912 1984 2953 apud
2004 2923 2057 2944 nos
2081 2909 2133 2952 ufi-

1261 2959 1356 2991 ratiiu
1380 2969 1510 2998 vocant,
1527 2960 1629 3002 facere
1653 2960 1715 2994 tale
1723 2962 1840 3003 aliquid
1855 2971 1912 2993 non
1922 2961 2047 2994 licebat.
2076 2960 2134 2994 Ad

1263 3008 1351 3042 hunc
1365 3009 1468 3044 saneti
1482 3010 1577 3044 Pauli
1589 3010 1629 3044 de
1639 3010 1764 3044 Galatis
1791 3011 1923 3049 locum,
1946 3014 2020 3044 Dies
2044 3009 2137 3054 obser*

1263 3064 1350 3092 vatis
1377 3061 1410 3093 (9
1433 3071 1552 3099 annos,
1576 3059 1683 3093 scribit
1693 3061 1793 3095 etiam
1814 3061 1846 3093 in
1873 3061 1963 3095 libris
1985 3060 2137 3095 adversus

1267 3108 1473 3143 Marcionem
1484 3109 1734 3144 Tertullianus.-
1760 3110 1936 3151 Sabbatha,
1960 3120 1994 3144 ut
2017 3115 2137 3153 opinor,

1265 3159 1298 3191 o
1310 3169 1407 3191 coenas
1417 3167 1514 3201 puras
1525 3183 1535 3200 ,
1562 3161 1756 3200 &jejunium
1767 3185 1778 3201 ,
1804 3162 1839 3194 ὑ·
1849 3163 1912 3194 dies
1925 3172 2048 3205 magnos
2057 3185 2064 3191 .
2094 3158 2138 3194 Et

1268 3209 1300 3241 in
1312 3209 1416 3251 primo
1429 3209 1597 3243 adversum
1612 3210 1774 3245 Nationes
1794 3211 1899 3245 libro:
1918 3212 2032 3257 Judaei
2043 3208 2138 3253 sesti,
2156 3193 2184 3222 L·

1267 3258 1446 3298 Sabbatha,
1476 3261 1602 3292 &coena
1607 3267 1710 3301 pura,
1738 3263 1994 3306 &judaiciritus
2005 3260 2139 3292 lucerna.

1268 3319 1353 3348 rum,
1382 3310 1575 3350 &jejunium
1586 3321 1652 3341 cum
1663 3318 1794 3350 azymis,
1818 3313 1853 3345 θ
1871 3317 2017 3344 orationes
2038 3308 2139 3341 litora.
2154 3306 2189 3335 C·
2218 3313 2261 3342 ¹3·

1270 3358 1311 3390 les
1327 3382 1333 3389 .
1362 3358 1454 3406 Qid
1469 3359 1530 3391 fint
1545 3359 1727 3401 Judaeorum
1738 3362 1806 3394 dies
1820 3361 1954 3404 magni,
1977 3358 2057 3393 alias
2066 3358 2139 3394 dixi

1270 3418 1310 3441 ex
1323 3406 1444 3443 Ifidoro
1458 3409 1621 3444 Pelusiota
1640 3435 1647 3442 .
1677 3412 1760 3445 Sunt
1779 3409 1980 3454 duplicatum
2003 3406 2139 3492 feIf'ium:

2055 3469 2096 3492 [Γ

2211 3199 2308 3227 ς.ε.4.
