2352 3756
734 116 1537 163 CONclriABuLuM.

214 205 391 249 sesumpfit
411 203 592 249 Imperator
614 203 806 239 Ludovieus
826 204 907 239 Pius
927 229 937 244 ‚
977 204 1011 238 δε
1035 203 1102 248 eius

223 257 420 292 successores
443 255 567 291 dudum
589 257 822 291 continuarunt
846 280 853 287 .
881 255 937 288 Ad
960 254 1101 288 eundem

224 306 486 351 Henrico·Regi
507 305 748 355 indulgendum
770 305 931 339 Nicotaus
946 304 1103 338 secundus

225 357 291 390 fuit
312 356 460 391 inductus
478 357 497 390 ἐι
519 358 648 401 magnis
661 355 841 391 rationibus
854 380 861 389 .
891 355 936 389 Et
948 365 1005 388 cur
1018 354 1102 388 istud

224 407 295 442 {irie
313 408 465 441 omnium
497 408 641 451 quinque
672 403 934 441 'patriarcharum
958 405 1104 445 assensu,

226 456 261 492 id
281 458 348 497 est,
372 457 440 491 fine
465 457 607 501 generali
629 456 786 491 Concilio
806 466 875 489 non
897 454 1037 497 potuerit
1060 455 1104 488 fa·

227 518 302 542 cere
323 508 336 540 ?
357 506 449 540 Hinc
472 506 602 541 interim
625 517 703 541 nota
723 530 735 546 ‚
771 503 860 549 quod
880 505 1010 538 sanctus
1035 503 1108 538 An-

229 558 349 597 selmus
371 557 499 591 nonnisi
520 558 640 600 quinto
660 557 737 596 loco
761 564 863 598 ponat
885 553 1104 589 patriarcham

228 606 643 650 Constantinopolitanum
663 631 671 639 .
713 606 804 652 Quia
825 603 942 648 nempe
975 606 1105 639 tertium

225 654 641 700 Constantinopolitanum
675 656 710 690 ὃς
736 655 928 700 vigesimum
955 655 1106 688 octavum

223 705 539 748 ¹Chalcedonensem
576 708 752 742 canonem
780 705 934 739 Romana
966 703 1106 745 Ecclesia

229 758 334 802 usque
355 768 433 792 tunc
456 769 523 791 non
545 757 734 791 admiserat.

279 805 429 851 Qaestio
452 807 544 839 tertia
562 807 629 847 est,
658 806 714 840 An
738 803 822 838 istud
844 803 1107 837 NicolaiDecre-

229 864 303 889 tum
325 854 423 888 fuerit
445 856 598 897 cassatum
620 856 639 887 a
659 853 824 897 Gregorio
843 853 1004 896 septImo?
1031 853 1108 887 Res-

230 903 366 949 pondet>
384 904 496 942 fuisse.
523 904 618 938 Hinc
644 900 732 937 enim
747 901 788 943 ad
807 901 1005 937 adhaerentes
1019 902 1108 937 Hen-

231 956 302 989 rico
321 953 408 999 Regi
432 953 611 998 Episcopus
635 952 721 987 dixit
742 951 855 987 Abbas
875 953 909 986 &
924 952 1108 987 Cardinalis

228 1003 419 1040 Desiderius
442 1016 454 1046 ‚-
488 1009 562 1037 Non
589 1004 669 1037 ultra
694 1009 840 1047 continget
866 1026 878 1044 ,
916 1012 949 1035 ut
975 1013 1012 1036 ex
1034 980 1125 1037 Alle-³

231 1059 339 1089 manni
355 1052 445 1098 Regis
468 1064 543 1088 nutu
570 1057 661 1095 Papa
680 1053 807 1096 eligatur
829 1078 836 1085 .
854 1071 857 1081 ·
874 1052 918 1086 Et
943 1052 1045 1097 Regis
1071 1065 1109 1087 ac

231 1104 336 1140 totius
360 1104 546 1147 Germaniae
582 1103 849 1147 indignationem
886 1104 1107 1137 comminanti

232 1153 361 1190 Astenfi
390 1153 553 1199 Episcopo
587 1153 730 1198 reposuit
756 1151 916 1192 constantia
951 1138 1124 1194 consueta,l

231 1213 326 1247 neque
349 1206 457 1247 Regem
484 1229 495 1245 ,
533 1214 624 1245 neque
646 1212 738 1236 totum
753 1202 842 1244 fimul
875 1201 970 1235 orbem
991 1227 1001 1242 ,
1031 1199 1060 1243 fi
1077 1208 1123 1242 in¹

1873 134 1895 179 3
1911 135 1967 177 19

1140 242 1141 245 Ἴ
1163 210 1245 244 teque
1262 205 1398 234 maxima
1419 205 1605 245 optimatum
1627 208 1762 248 Principi
1777 205 1829 250 suo
1847 207 2007 243 rebellante
2019 233 2031 251 ,

1163 261 1226 292 tota
1244 260 1320 294 pene
1339 255 1434 295 Regni
1450 252 1581 292 'latitudo
1595 253 1682 301 ferro
1702 257 1736 295 j&
1759 257 1884 298 flamma
1899 257 2034 300 foedare—

1164 311 1211 336 tur
1236 326 1247 342 ‚
1285 306 1440 346 Gregorius
1456 300 1600 345 septimus
1622 325 1633 340 ,
1661 310 1715 344 Aqui
1739 314 1806 339 tunc
1825 308 1908 340 urbis
1929 312 2033 342 Romae

1166 352 1374 394 Pontificatum
1397 352 1538 392 tenebat,
1563 353 1690 385 eundem
1710 355 1939 399 Imperatorem,
1965 368 2034 396 gan.

1166 414 1257 447 quam
1276 405 1295 435 a
1312 401 1377 446 suis
1399 402 1568 443 destitutum
1589 425 1601 441 ,
1634 400 1837 442 anathematis
1865 407 1967 447 gladio
1983 407 2034 449 fe-

1166 455 1301 486 riendum
1320 454 1452 486 decernit
1471 478 1478 485 .
1513 453 1609 492 cujus
1640 458 1681 484 rei
1706 456 1868 487 novitatem
1887 457 1919 490 ερ
1948 457 2038 492 foebe-

1168 504 1294 536 mentius
1317 504 1521 546 indignatione
1540 511 1648 536 motum
1654 500 1779 544 suscepit
1789 505 1946 543 Imperium
1958 527 1968 543 ,
1979 509 2037 546 qua

1169 565 1321 596 nunquam
1347 560 1416 586 ante
1433 551 1496 586 baec
1515 561 1649 594 tempora
1671 550 1841 596 ,hujusmodi
1856 549 2039 595 sententiam

1170 611 1203 636 in
1225 607 1392 645 Principem
1412 605 1608 642 Romanorum
1616 602 1834 645 promulgatam
1845 612 2019 646 cognoverat
2029 628 2038 636 .

1169 657 1341 696 Eapropter
1360 653 1498 695 pluribus
1517 664 1554 686 ex
1585 653 1697 692 Italia,
1718 652 1841 693 Gallia,
1875 655 2041 686 Germania

1169 705 1253 745 apud
1283 705 1416 736 Boiariae
1446 708 1600 736 civitatem
1635 704 1832 734 Brixinorum
1864 726 1875 742 ‚
1917 707 1950 735 in
1980 701 2043 746 ipso

1172 756 1307 788 Pirenaeo
1334 752 1418 789 baud
1443 754 1546 794 procul
1573 755 1594 785 ἃ
1619 752 1700 785 valle
1732 751 1910 784 Tridentini:
1932 750 2043 793 sitam,

1170 805 1344 836 coadunatis
1364 803 1523 846 Episcopis
1546 827 1558 844 ‚
1593 805 1738 843 Princeps
1759 806 1884 833 Curiam
1902 814 2044 845 magnam

1169 852 1349 887 celebravit.
1375 853 1431 888 Ubi
1441 853 1572 887 omnibus
1584 850 1813 885 advenientibus
1823 876 1834 891 ,
1855 852 1983 891 injurias
1992 851 2044 894 fibi

1172 905 1192 935 ἃ
1213 906 1348 935 Romana
1366 902 1494 944 Ecclefia
1510 910 1657 947 irrogatas
1670 899 1825 942 affee‘i'uose
1836 901 2023 942 conqueritur
2033 926 2044 942 ,

1171 953 1256 994 quod
1269 954 1408 987 videlicet
1429 954 1490 1001 ipso
1511 952 1668 996 inconsulto
1695 976 1706 992 ,
1740 958 1792 994 qui
1812 958 1958 994 tanquam
1977 955 2045 984 Rex

1170 1004 1204 1035 Θ
1224 1004 1374 1040 Patricius
1397 1025 1408 1041 ,
1430 999 1550 1045 primus
1574 1009 1605 1036 in
1626 1002 1759 1036 elellione
1776 1000 1841 1044 suae
1865 1001 1945 1034 urbis
1970 1003 2045 1043 EpI·

1168 1051 1248 1097 scopi
1269 1053 1320 1094 effe
1343 1053 1461 1087 deberet
1481 1078 1491 1094 ,
1514 1056 1640 1086 Romani
1657 1051 1713 1094 fibi
1737 1051 1909 1094 Pontificem
1933 1050 2046 1093 praefe-

1171 1103 1267 1145 cissent
1279 1100 1290 1142 ,'
1308 1103 1372 1135 cum
1392 1105 1412 1135 ἃ
1429 1111 1517 1145 patre
1534 1101 1587 1146 suo
1609 1106 1791 1144 Imperatore
1811 1102 1912 1143 plures
1936 1100 2046 1134 ibidem

1172 1146 1258 1195 quast
1267 1151 1330 1193 fine
1347 1152 1481 1186 electione
1503 1152 1698 1185 inthronizati
1716 1151 1853 1194 fuerint.
1886 1158 1953 1188 Hac
1975 1162 2048 1193 que-

1172 1207 1299 1238 rimonia
1320 1207 1449 1235 omnium
1471 1206 1566 1241 animi
1594 1204 1624 1235 eo
1634 1201 1756 1244 facilius
1767 1211 1867 1241 contra
1881 1204 2049 1234 Romanam

232 1264 326 1290 unum
352 1260 540 1293 conveniret,
559 1251 591 1296 se
616 1253 656 1286 ab
677 1251 732 1286 hac
754 1252 897 1294 depellere
913 1244 1124 1295 poffesentemi
1173 1250 1327 1293 Ecclefiam
1343 1253 1481 1287 inclinari
1497 1260 1637 1299 poterant
1667 1276 1678 1291 ,
1702 1253 1755 1294 quo
1778 1253 1811 1285 Θ
1829 1253 1898 1285 laici
1925 1250 2050 1293 saecula-

235 1309 282 1338 tia
305 1328 313 1335 .
340 1303 435 1344 Potest
457 1304 576 1346 quidem
600 1329 611 1344 ‚
634 1309 732 1345 inquit
753 1326 763 1341 ‚
791 1305 957 1345 Imperator
977 1302 1019 1333 ad
1039 1311 1109 1334 tem·

1172 1307 1215 1334 ris
1238 1300 1355 1334 honoris
1374 1301 1598 1344 consideratione
1617 1301 1745 1344 accensi,
1771 1303 1804 1335 (9·
1823 1299 1965 1344 Episcopi
1987 1312 2051 1334 con-

228 1362 293 1396 pus
316 1377 328 1394 ,
348 1352 377 1396 fi
395 1363 494 1387 tamen
517 1355 552 1386 id
565 1358 725 1395 permittat
745 1356 827 1394 Deus
851 1377 862 1394 ,
889 1358 954 1387 vim
977 1350 1109 1392 libertati
1167 1350 1230 1394 filio
1247 1346 1426 1385 elericorum
1434 1351 1572 1396 suorum,
1596 1352 1703 1396 quibus
1716 1360 1844 1391 recenter
1853 1350 1996 1383 connubia
2011 1349 2051 1382 ab

235 1401 440 1445 Ecclefiasticae
461 1403 575 1445 inferre
589 1428 599 1444 ,
627 1402 751 1444 nostrum
774 1411 875 1436 tamen
895 1403 940 1435 ad
958 1401 1009 1435 boc
1034 1412 1111 1435 nun-

236 1464 326 1495 quam
343 1458 454 1495 poterit
485 1455 630 1487 inclinare
662 1451 828 1495 consensum
853 1477 860 1485 .
900 1451 963 1487 Sed
985 1450 1040 1485 ubi
1063 1451 1109 1485 est

235 1502 303 1537 hoc
329 1502 482 1546 Gregorii
505 1503 686 1537 Decretum
707 1503 723 1536 ,ἲ
747 1502 895 1549 Qidam
921 1501 1110 1543 existimant

234 1552 343 1596 ipsum
363 1553 426 1587 effe
445 1552 572 1596 septimi
596 1554 791 1596 Gregoriani
814 1551 1109 1596 Conciliiprimum

235 1602 414 1637 Canonem
435 1627 442 1634 .
465 1604 509 1636 Et
529 1602 612 1646 iuter
633 1602 693 1636 hos
714 1601 760 1635 est
782 1603 915 1637 Sanctus
934 1601 1110 1635 Anselmus

235 1650 392 1686 Lucensis
415 1652 596 1696 Episcopus
615 1676 623 1684 .
663 1649 788 1684 Verum
811 1652 870 1684 iste
893 1651 1014 1684 Canon
1041 1662 1108 1685 non

235 1701 383 1746 Regium
402 1701 595 1737 consensum
613 1699 748 1735 damnat
772 1724 784 1741 ,
819 1698 874 1733 sed
894 1699 997 1733 solam
1020 1700 1108 1733 inve-

233 1749 385 1787 stituram
405 1777 412 1784 .
443 1750 487 1785 Et
508 1750 548 1785 de
570 1751 647 1785 solis
669 1749 837 1793 Episcopis
857 1757 953 1792 atque
975 1748 1111 1783 Abbati-

236 1799 298 1834 bus
320 1800 412 1845 agit,
438 1812 506 1834 non
527 1799 568 1833 de
590 1801 743 1835 Romano
763 1799 925 1833 Pontifice
949 1823 957 1830 .
994 1799 1110 1832 Proin-

235 1848 278 1883 de
298 1849 478 1893 respondeo
501 1849 633 1884 Nicolai
659 1848 826 1883 Indultum
847 1849 881 1881 in
908 1849 1046 1883 Henrici
1060 1849 1112 1883 de-

236 1897 429 1944 gradatione
462 1899 556 1932 fuisse
586 1899 604 1932 a
638 1899 803 1943 Gregorio
834 1897 1110 1931 circumductum.

236 1949 318 1984 Erat
337 1949 426 1982 enim
451 1959 517 1983 non
538 1948 715 1982 Decretum
738 1973 748 1989 ‚
777 1947 829 1982 sed
850 1947 1020 1981 dumtaxat
1045 1959 1113 1990 per-

237 1998 350 2033 sonale
381 1998 552 2032 indultum
577 2023 587 2039 ,
632 1997 771 2041 ideoque
802 2009 878 2031 cum
899 1997 987 2031 civili
1011 1998 1113 2041 Regis

237 2059 344 2086 morte
365 2048 558 2082 exstinctum
579 2048 614 2081 ὃς
633 2046 793 2090 sepultum
814 2071 820 2078 .
858 2046 901 2080 Et
923 2044 1002 2079 hinc
1026 2048 1114 2080 Desi-

239 2098 349 2131 derius
383 2097 567 2131 constanter
599 2096 772 2129 affirmavit
803 2095 886 2129 nulli
915 2095 1114 2130 Allemanno

239 2147 331 2192 Regi
351 2146 503 2190 deinceps
521 2145 793 2189 permittendum.
822 2143 932 2179 Unde
952 2145 985 2178 δε
1005 2146 1116 2179 Calix-

239 2206 294 2231 tus
315 2197 474 2231 secundus
487 2219 497 2235 ,
525 2196 602 2230 licet
627 2196 778 2230 Henrico
808 2195 929 2238 quinto
947 2196 1032 2229 circa
1044 2196 1117 2239 Epi-

240 2246 385 2289 scopales
407 2246 584 2283 electiones
617 2245 743 2287 aliquid
773 2244 897 2279 dederit
919 2269 931 2285 ‚
969 2245 1116 2279 Romani

241 2293 415 2330 Pontificis
436 2295 629 2331 electionem
641 2295 821 2330 servavitin
832 2293 1010 2339 pleniffima
1024 2320 1034 2336 ‚
1054 2307 1118 2339 qua

242 2347 277 2380 ὃς
296 2344 398 2379 hodie
417 2345 537 2390 gaudet
551 2370 562 2385 ,
588 2345 736 2382 libertate
748 2369 755 2377 .

291 2396 417 2442 Qarta
438 2394 573 2439 quaestio
594 2394 660 2434 est,
689 2395 772 2442 Qae
791 2395 978 2430 Henricum
990 2397 1116 2440 Regem

241 2446 370 2479 occasio
393 2446 587 2488 permoverit
607 2444 647 2481 ad
669 2444 753 2480 hanc
775 2444 1012 2480 schismaticam
1032 2445 1113 2480 Gui-

239 2491 378 2531 'bertinae
400 2495 589 2529 intrusionis
608 2495 778 2530 audaciam
797 2497 809 2529 ?
835 2495 1033 2540 Respondeo
1045 2497 1118 2530 fuis-

243 2547 277 2579 se
300 2555 484 2587 permotum
501 2545 519 2578 a
540 2544 597 2578 fibi
619 2546 740 2579 inflicta
763 2556 818 2589 per
837 2547 1010 2590 septimum
1039 2547 1119 2580 Gre-

245 2595 378 2639 gorium
400 2594 633 2640 degradatione
656 2620 664 2627 .
699 2595 883 2630 Henricurn
903 2621 913 2636 ,
949 2593 1038 2637 quod
1063 2596 1119 2629 cri-

243 2646 337 2680 mina
363 2645 417 2678 sua
450 2655 517 2678 non
548 2644 721 2690 corrigeret
742 2669 753 2685 ‚
791 2646 924 2680 tandem
951 2645 1045 2689 plene
1070 2646 1121 2680 de-

241 2694 394 2740 gradavit
417 2694 621 2740 Gregorius,
647 2695 680 2729 &
704 2693 887 2739 Rudolpho
914 2696 1037 2730 Sueviae
1049 2696 1117 2730 Du-

243 2744 276 2780 ci
297 2743 530 2779 Germanicum
554 2769 565 2784 ,
593 2744 633 2786 ad
655 2744 744 2789 quod
767 2744 872 2788 ipsum
895 2746 1037 2780 Saxones
1059 2746 1120 2780 ele-

242 2804 361 2839 gerant
380 2819 391 2835 ,
429 2795 603 2838 Imperium
623 2794 830 2829 confirmavit
848 2818 859 2834 ,
890 2795 1037 2839 misitque
1059 2797 1121 2830 Irn-

245 2844 400 2888 perialem
421 2843 577 2879 coronam
601 2845 788 2888 inscriptam
810 2844 874 2879 hoc
909 2845 997 2878 versu
1022 2858 1029 2877 :
1069 2849 1122 2879 Pe-

246 2902 298 2927 era
319 2895 401 2927 dedit
413 2897 502 2929 Petro
514 2920 524 2935 ‚
552 2898 659 2928 Petrus
674 2896 813 2929 diadema
826 2895 993 2937 Rudolpbo.
1022 2897 1120 2931 Hanc

246 2954 377 2986 poenam
399 2944 542 2989 digerere
569 2956 635 2978 non
657 2946 766 2980 valens
787 2945 954 2979 Henricus
978 2970 989 2986 ,
1016 2944 1121 2989 primo

247 2992 490 3037 Moguntinam
510 3020 521 3036 ‚
558 2995 677 3034 deinde
697 2996 923 3031 Brixinensem
944 2995 1118 3031 celebravit

248 3043 385 3076 Curiam
417 3069 427 3084 ,
462 3045 496 3078 &
527 3043 632 3080 hocce
663 3045 864 3081 horrendum
895 3045 961 3089 jam
996 3044 1119 3090 pridem

249 3092 438 3126 Wormatiae
460 3093 652 3129 inchoatum
672 3096 799 3138 facinus
819 3095 996 3139 complevit
1018 3122 1025 3129 .
1054 3095 1124 3131 Au-

249 3141 376 3176 diamus
396 3154 463 3177 rem
486 3143 526 3176 ab
545 3143 682 3178 Othone
704 3146 896 3192 Frifingensi
911 3146 1073 3190 Episcopo
1087 3147 1122 3181 in

249 3191 340 3225 libris
361 3190 401 3225 de
436 3193 542 3227 Gestis
572 3193 732 3229 Frederici
764 3196 860 3240 primi
893 3196 1125 3239 Imperatoris.-

250 3242 329 3274 Ci'tm
346 3240 400 3284 sub
421 3246 600 3285 Imperatore
621 3246 760 3287 Benaco,
784 3251 837 3289 qui
846 3252 924 3280 inter
933 3249 1025 3289 Reges
1036 3257 1124 3289 qnor-¹

250 3300 301 3324 tus
322 3316 333 3332 ,
368 3299 444 3326 inter
468 3297 663 3336 Imperatores
683 3301 789 3335 tertius
818 3295 906 3337 hujus
932 3302 1059 3329 nominis
1079 3302 1125 3329 in-

250 3347 372 3383 venitur
390 3366 402 3383 ‚
427 3347 584 3387 Imperium
596 3346 764 3387 graviffimr?
775 3344 890 3390 scissum
901 3345 1024 3391 sufflet,
1046 3355 1120 3390 par-

1168 1399 1269 1435 >eodem
1293 1401 1435 1444 Pontifice
1458 1402 1590 1436 inhibita
1604 1401 1754 1444 fuerant,
1779 1400 1977 1440 inflammati,
1997 1412 2051 1433 vo-

1173 1453 1283 1485 luntati
1305 1455 1456 1495 Principis
1480 1452 1676 1494 accedebantx
1699 1457 1757 1487 His
1786 1456 1876 1493 igitur
1887 1450 2052 1483 acclaman-

1174 1501 1255 1534 tibus
1276 1524 1286 1540 ‚
1305 1502 1444 1544 praefata
1467 1502 1564 1535 elee‘lio
1585 1502 1625 1534 ab
1649 1507 1693 1536 eis
1715 1501 1854 1543 caffanda
1867 1501 2051 1540 judicatur,

1175 1550 1389 1595 Guibertusque
1411 1550 1682 1593 Ravennatenfium
1707 1548 1941 1594 Arcbiepiscopus
1955 1575 1964 1590 ,
1985 1552 2053 1583 Cle-

1174 1613 1257 1635 meus
1282 1610 1403 1635 vocatus
1416 1627 1426 1643 ,
1448 1601 1557 1647 offensu
1580 1604 1730 1643 Principis
1742 1609 1860 1634 creatur
1872 1601 1959 1633 Urbis
1974 1605 2051 1642 Epi-

1171 1650 1272 1692 scopus
1286 1675 1297 1690 ,
1317 1651 1529 1699 Gregoriusque
1548 1651 1692 1694 septimus
1715 1649 1753 1683 ab
1773 1649 1839 1692 ipsis
1862 1649 1979 1693 Pseudo
1991 1654 2056 1682 Mo·

1175 1699 1285 1732 nacbus
1310 1702 1344 1733 t&
1374 1705 1618 1734 Necromanticus
1653 1701 1821 1742 appellatus
1852 1699 2032 1744 exsufflatur
2045 1724 2053 1732 .

1175 1749 1278 1795 Qod
1303 1750 1409 1792 ipsum
1430 1751 1565 1784 affirmat
1592 1750 1626 1783 in
1650 1750 1736 1784 libro
1752 1749 1791 1783 de
1802 1751 1928 1783 unitate
1941 1750 2056 1784 Eccle-

1175 1799 1222 1831 fiae
1243 1798 1426 1833 Veneticus
1451 1799 1665 1835 Vercellensss
1691 1800 1868 1843 Episcopus
1894 1824 1903 1840 ,
1938 1812 1975 1834 ac
1998 1800 2054 1834 alii

1175 1848 1285 1896 passim
1304 1849 1482 1892 Scriptores
1506 1875 1512 1882 .
1550 1849 1605 1882 An
1629 1849 1725 1892 porro
1750 1850 1855 1893 Reges
1880 1851 2057 1894 degradare

1175 1899 1298 1940 primus
1321 1900 1457 1943 coeperit
1476 1900 1630 1944 septimus
1654 1900 1835 1945 Gregorius
1858 1922 1868 1939 ‚
1891 1900 1936 1933 est
1965 1902 2058 1943 supra

1174 1946 1365 1988 discussum.

1224 1999 1330 2045 Qod
1353 1999 1393 2033 ad
1416 1998 1519 2033 hocce
1541 2000 1668 2033 facinus
1701 1999 1869 2044 conjugati
1887 1994 1921 2033 δε
1953 2001 2061 2035 Simo-

1178 2048 1263 2080 niaci
1289 2048 1412 2082 Clerici
1431 2051 1465 2083 δε
1490 2049 1645 2093 Episcopi
1669 2049 1730 2083 fint
1749 2050 1969 2093 potentissime
1982 2062 2061 2085 coo-

1178 2096 1277 2139 perati
1287 2119 1296 2134 ,
1307 2097 1488 2131 authentici
1501 2099 1579 2131 item
1592 2099 1770 2140 Scriptores
1782 2100 1961 2133 affirmant.
1985 2101 2061 2134 Cal·

1178 2156 1231 2179 car
1250 2146 1378 2181 addidit
1402 2148 1587 2181 simoniaca
1612 2147 1708 2191 ipsius
1735 2147 1874 2181 Henrici
1897 2149 2059 2190 avaritia,

1179 2196 1219 2229 de
1241 2207 1303 2238 qua
1326 2197 1366 2230 ad
1390 2195 1473 2230 Anti
1488 2194 1632 2240 epapam
1667 2196 1864 2232 Guibertum
1896 2198 2061 2235 declamat

1181 2247 1312 2279 Sanetus
1335 2247 1509 2280 Anselmus
1522 2246 1675 2286 Lucensis
1687 2247 1886 2291 Episcopus:
1908 2251 1975 2282 Rex
1986 2259 2057 2282 tuus

1130 2308 1132 2310 ·
1174 2295 1235 2337 fine
1256 2298 1457 2337 intermiffione
1481 2297 1587 2330 vendit
1608 2295 1806 2340 Episcopatus
1825 2296 1915 2341 suos,
1943 2299 2058 2332 Edic‘la
2096 2291 2098 2293 ‚

1178 2354 1366 2387 proponens,
1390 2356 1423 2380 ut
1446 2348 1542 2380 nullus
1568 2346 1713 2385 habeatur
1735 2345 1900 2390 Episcopus
1924 2372 1935 2388 ,
1965 2356 2016 2391 qui
2036 2352 2057 2382 ὰ

1182 2397 1267 2429 Clero
1289 2396 1416 2437 eledlus,
1440 2398 1493 2431 vel
1512 2399 1532 2430 ἃ
1553 2398 1661 2440 populo
1675 2396 1771 2438 fuerit
1792 2403 1944 2440 expetitus
1962 2423 1972 2439 ,
2006 2398 2062 2441 nil?

1180 2446 1354 2489 praecefferi‘t
1375 2445 1464 2482 bonor
1486 2450 1611 2498 Regius.
1639 2446 1737 2490 ‚Quafi
1752 2445 1813 2490 ipse
1825 2447 1863 2488 fit
1886 2447 1977 2489 hujus
1997 2449 2058 2489 ofili

1184 2496 1314 2537 ostiarius
1325 2520 1336 2536 ‚
1354 2498 1391 2530 de
1411 2508 1466 2539 quo
1487 2496 1605 2530 veritas
1629 2499 1720 2530 dicit:
1746 2501 1820 2530 Huic
1834 2498 1968 2539 ostiarius
1988 2506 2056 2540 ape·

1185 2550 1243 2578 rit.
1268 2547 1311 2580 Et
1334 2546 1436 2580 infra.-
1460 2550 1517 2580 Vos
1537 2545 1670 2588 Ecclefiae
1692 2546 1874 2590 catholica,
1896 2560 1986 2589 quam
2010 2553 2057 2581 in·

1179 2594 1291 2635 valistis
1311 2603 1369 2637 per
1389 2606 1481 2630 totum
1493 2600 1647 2640 Regnum,
1671 2598 1748 2638 quod
1755 2603 1826 2639 quia
1836 2598 1917 2630 intus
1930 2598 2056 2638 cecidit,

1173 2645 1252 2688 soris
1272 2646 1322 2678 diu
1340 2645 1420 2686 stare
1442 2657 1499 2678 non
1506 2653 1638 2688 poterit,
1661 2647 1794 2680 membra
1805 2645 1972 2687 distrahitis
1986 2672 1996 2688 ,
2021 2648 2055 2681 Θ

1181 2701 1212 2728 in
1228 2693 1407 2738 servitutem
1427 2696 1571 2737 redacta,
1594 2695 1679 2739 quafi
1695 2699 1756 2735 vile
1767 2703 1946 2739 mancipium
1957 2703 1989 2729 in
2001 2706 2057 2731 ve·

1174 2745 1265 2786 strum
1286 2747 1437 2778 dominum
1460 2743 1628 2790 redigitis,
1651 2747 1686 2780 &⁹
1705 2749 1811 2785 Divini'
1828 2750 1912 2788 ‚iuris
1937 2748 2057 2780 liberta·

1181 2805 1240 2829 tem
1265 2794 1356 2835 vestro
1378 2794 1507 2838 obsequio
1517 2802 1720 2837 mancipatis,
1750 2798 1879 2830 dicentes
1890 2803 1989 2829 omnia
1999 2800 2057 2830 In·-

1177 2850 1324 2888 peratoris
1340 2848 1422 2885 juris
1446 2846 1496 2889 effe
1515 2845 1648 2888 subjet‘la
1672 2872 1682 2887 ‚
1707 2845 1904 2890 Epifi‘opatus
1923 2871 1934 2887 ,
1956 2844 2056 2880 'Abba-

1181 2901 1237 2928 tias
1252 2920 1262 2936 ,
1284 2906 1379 2929 omnes
1405 2899 1520 2932 omnino,
1545 2894 1687 2938 Ecclefias
1718 2921 1729 2937 ‚
1754 2898 1818 2930 cum
1840 2900 1985 2929 Dominus
2009 2898 2056 2929 di·

1180 2954 1227 2979 cat
1244 2969 1255 2985 ,
1276 2942 1431 2987 Ecclesiam
1452 2958 1548 2980 meam
1575 2971 1586 2986 ,
1618 2946 1790 2980 Columbam
1811 2958 1904 2980 meam
1927 2971 1937 2986 ,
1972 2951 2054 2980 Oves

1181 3007 1281 3029 meas.
1305 2995 1419 3029 Paulus
1439 2997 1511 3029 dicit
1532 3008 1539 3028 ε
1564 3000 1661 3029 Nemo
1688 2997 1802 3041 assumit
1817 2996 1873 3037 fibi
1897 2995 2053 3037 honorem,

1182 3044 1234 3087 nisi
1248 3042 1298 3088 qui
1321 3055 1442 3081 vocatus
1465 3046 1504 3088 est
1526 3049 1546 3079 ἂ
1568 3050 1627 3079 Deo
1649 3055 1791 3090 tanquam
1803 3051 1910 3079 Aaron.
1936 3050 1970 3078 In
1978 3054 2053 3088 par-

1181 3106 1209 3128 te
1231 3104 1284 3128 tua
1304 3100 1371 3137 quis
1391 3096 1556 3139 praeficitur
1579 3121 1590 3137 ‚
1624 3095 1676 3137 ntfi
1703 3107 1790 3139 quem
1816 3104 1868 3128 aut
1885 3102 1990 3140 gratia
2013 3107 2053 3129 ex

1182 3145 1394 3187 baustofoenore
1406 3170 1417 3186 ,
1439 3155 1491 3180 aut
1501 3157 1604 3180 munus
1615 3147 1735 3183 ,cimanu
1745 3170 1756 3187 ,
1781 3155 1835 3179 aut
1844 3157 1951 3179 munus
1966 3147 1986 3177 ἂ
1998 3145 2053 3177 lin'·

1176 3207 1256 3240 gua,
1276 3205 1331 3229 aut
1355 3206 1459 3229 munus
1482 3197 1520 3230 ab
1540 3195 1672 3239 obsequio
1687 3201 1851 3229 attraxerit
1866 3196 1883 3228 ,ἕ
1906 3197 2053 3239 ,Quismo-

1181 3246 1281 3287 ribus,
1303 3252 1370 3288 quis
1392 3245 1532 3286 honestate
1550 3272 1560 3286 ,
1575 3243 1655 3289 *quis
1681 3253 1757 3280 vitae
1780 3251 1950 3290 integritate
1973 3246 2054 3289 eligi·

1181 3304 1228 3329 tur
1251 3295 1268 3328 ‚²
1303 3293 1497 3339 Persequendi
1509 3294 1581 3339 sunt
1602 3301 1700 3338 itaque
1721 3296 1784 3338 lupi
1808 3307 1818 3337 3
1840 3295 1960 3330 vitandi
1979 3294 2053 3338 sunt

1183 3345 1328 3388 univerfi‚
1350 3351 1401 3390 qut
1422 3348 1467 3381 ad
1474 3346 1546 3388 boc,
1567 3354 1601 3380 ut
1618 3344 1747 3382 haretici
1756 3345 1858 3389 fiant,
1875 3353 2056 3389 promoven·-

1938 3403 2006 3431 tur..
