<?xml version="1.0" encoding="UTF-8"?>
<!DOCTYPE html PUBLIC "-//W3C//DTD XHTML 1.0 Transitional//EN"
    "http://www.w3.org/TR/xhtml1/DTD/xhtml1-transitional.dtd">
<html xmlns="http://www.w3.org/1999/xhtml" xml:lang="en" lang="en">
 <head>
  <title>
</title>
<meta http-equiv="Content-Type" content="text/html;charset=utf-8" />
  <meta name='ocr-system' content='tesseract 3.04.00' />
  <meta name='ocr-capabilities' content='ocr_page ocr_carea ocr_par ocr_line ocrx_word'/>
</head>
<body>
  <div class='ocr_page' id='page_1' title='image "./operaomniastudio06lupuuoft/operaomniastudio06lupuuoft_0187.png"; bbox 0 0 2372 3756; ppageno 0'>
   <div class='ocr_carea' id='block_1_1' title="bbox 81 414 225 486">
    <p class='ocr_par' dir='ltr' id='par_1_1' title="bbox 81 414 225 486">
     <span class='ocr_line' id='line_1_1' title="bbox 81 414 225 450; baseline -0.014 -6"><span class='ocrx_word' id='word_1_1' title='bbox 81 414 154 450; x_wconf 68' lang='lat' dir='ltr'>sap·</span> <span class='ocrx_word' id='word_1_2' title='bbox 177 416 225 444; x_wconf 87' lang='lat'>68.</span> 
     </span>
     <span class='ocr_line' id='line_1_2' title="bbox 84 454 182 486; baseline 0.02 -2"><span class='ocrx_word' id='word_1_3' title='bbox 84 454 116 484; x_wconf 74' lang='grc' dir='ltr'>δε</span> <span class='ocrx_word' id='word_1_4' title='bbox 138 463 182 486; x_wconf 80' lang='lat'>72-</span> 
     </span>
    </p>
   </div>
   <div class='ocr_carea' id='block_1_2' title="bbox 685 126 1677 185">
    <p class='ocr_par' dir='ltr' id='par_1_2' title="bbox 685 126 1677 185">
     <span class='ocr_line' id='line_1_3' title="bbox 685 126 1677 185; baseline 0.007 -13"><span class='ocrx_word' id='word_1_5' title='bbox 685 143 750 172; x_wconf 75' lang='lat' dir='ltr'>1)ss</span> <span class='ocrx_word' id='word_1_6' title='bbox 788 140 1137 185; x_wconf 65' lang='lat' dir='ltr'>QUIBUSDAM</span> <span class='ocrx_word' id='word_1_7' title='bbox 1172 129 1427 173; x_wconf 70' lang='lat' dir='ltr'>PATRUM</span> <span class='ocrx_word' id='word_1_8' title='bbox 1462 126 1677 179; x_wconf 85' lang='lat' dir='ltr'>Loc1s.</span> 
     </span>
    </p>
   </div>
   <div class='ocr_carea' id='block_1_3' title="bbox 259 208 1169 608">
    <p class='ocr_par' dir='ltr' id='par_1_3' title="bbox 259 208 1169 608">
     <span class='ocr_line' id='line_1_4' title="bbox 311 208 1147 259; baseline -0.005 -13"><span class='ocrx_word' id='word_1_9' title='bbox 311 210 486 259; x_wconf 86' lang='lat' dir='ltr'>Qidquid</span> <span class='ocrx_word' id='word_1_10' title='bbox 500 212 558 252; x_wconf 85' lang='lat' dir='ltr'>sit,</span> <span class='ocrx_word' id='word_1_11' title='bbox 586 210 677 244; x_wconf 90' lang='lat' dir='ltr'>Nota</span> <span class='ocrx_word' id='word_1_12' title='bbox 691 208 929 244; x_wconf 81' lang='lat' dir='ltr'>Eucharistiam</span> <span class='ocrx_word' id='word_1_13' title='bbox 951 220 1019 242; x_wconf 90' lang='lat' dir='ltr'>non</span> <span class='ocrx_word' id='word_1_14' title='bbox 1043 208 1147 243; x_wconf 69' lang='lat' dir='ltr'>solum</span> 
     </span>
     <span class='ocr_line' id='line_1_5' title="bbox 262 258 1146 302; baseline -0.009 -2"><span class='ocrx_word' id='word_1_15' title='bbox 262 263 279 300; x_wconf 62' lang='lat' dir='ltr'>a</span> <span class='ocrx_word' id='word_1_16' title='bbox 296 265 410 300; x_wconf 71' lang='lat' dir='ltr'>Sancto</span> <span class='ocrx_word' id='word_1_17' title='bbox 424 263 545 297; x_wconf 80' lang='lat' dir='ltr'>Itenaeo</span> <span class='ocrx_word' id='word_1_18' title='bbox 557 287 568 302; x_wconf 90' lang='lat'>,</span> <span class='ocrx_word' id='word_1_19' title='bbox 595 261 647 294; x_wconf 73' lang='lat' dir='ltr'>fied</span> <span class='ocrx_word' id='word_1_20' title='bbox 659 260 758 294; x_wconf 82' lang='lat' dir='ltr'>etiam</span> <span class='ocrx_word' id='word_1_21' title='bbox 775 261 793 294; x_wconf 66' lang='lat' dir='ltr'>a</span> <span class='ocrx_word' id='word_1_22' title='bbox 804 258 973 294; x_wconf 79' lang='lat' dir='ltr'>faediffimo</span> <span class='ocrx_word' id='word_1_23' title='bbox 987 258 1049 292; x_wconf 86' lang='lat' dir='ltr'>isto</span> <span class='ocrx_word' id='word_1_24' title='bbox 1060 259 1146 292; x_wconf 85' lang='lat' dir='ltr'>Mar-</span> 
     </span>
     <span class='ocr_line' id='line_1_6' title="bbox 262 309 1148 352; baseline -0.009 -2"><span class='ocrx_word' id='word_1_25' title='bbox 262 328 302 350; x_wconf 94' lang='lat' dir='ltr'>co</span> <span class='ocrx_word' id='word_1_26' title='bbox 325 314 419 349; x_wconf 82' lang='lat' dir='ltr'>fuiffe</span> <span class='ocrx_word' id='word_1_27' title='bbox 439 313 603 348; x_wconf 79' lang='lat' dir='ltr'>titulatam</span> <span class='ocrx_word' id='word_1_28' title='bbox 615 315 759 343; x_wconf 68' lang='lat' dir='ltr'>Gratiam</span> <span class='ocrx_word' id='word_1_29' title='bbox 773 335 781 343; x_wconf 89' lang='lat'><strong>.</strong></span> <span class='ocrx_word' id='word_1_30' title='bbox 809 310 919 343; x_wconf 89' lang='lat' dir='ltr'>Etiam</span> <span class='ocrx_word' id='word_1_31' title='bbox 935 309 1070 343; x_wconf 67' lang='lat' dir='ltr'>Sanctus</span> <span class='ocrx_word' id='word_1_32' title='bbox 1079 309 1148 352; x_wconf 81' lang='lat' dir='ltr'>Cy·</span> 
     </span>
     <span class='ocr_line' id='line_1_7' title="bbox 261 357 1147 411; baseline -0.008 -12"><span class='ocrx_word' id='word_1_33' title='bbox 261 365 393 411; x_wconf 82' lang='lat' dir='ltr'>prianus</span> <span class='ocrx_word' id='word_1_34' title='bbox 403 365 437 398; x_wconf 88' lang='lat' dir='ltr'>in</span> <span class='ocrx_word' id='word_1_35' title='bbox 449 365 598 398; x_wconf 75' lang='lat' dir='ltr'>sermone</span> <span class='ocrx_word' id='word_1_36' title='bbox 607 360 648 395; x_wconf 89' lang='lat' dir='ltr'>de</span> <span class='ocrx_word' id='word_1_37' title='bbox 661 361 779 404; x_wconf 84' lang='lat' dir='ltr'>Lapfis-</span> <span class='ocrx_word' id='word_1_38' title='bbox 787 359 898 393; x_wconf 90' lang='lat' dir='ltr'>titulat</span> <span class='ocrx_word' id='word_1_39' title='bbox 918 357 1147 402; x_wconf 66' lang='lat' dir='ltr'>Gratiamsalu-</span> 
     </span>
     <span class='ocr_line' id='line_1_8' title="bbox 261 407 1169 450; baseline -0.008 -1"><span class='ocrx_word' id='word_1_40' title='bbox 261 426 357 450; x_wconf 78' lang='lat' dir='ltr'>tarem</span> <span class='ocrx_word' id='word_1_41' title='bbox 369 440 376 447; x_wconf 92' lang='lat'><em>.</em></span> <span class='ocrx_word' id='word_1_42' title='bbox 401 414 446 448; x_wconf 85' lang='lat' dir='ltr'>Et</span> <span class='ocrx_word' id='word_1_43' title='bbox 459 414 492 447; x_wconf 87' lang='lat' dir='ltr'>in</span> <span class='ocrx_word' id='word_1_44' title='bbox 505 413 659 447; x_wconf 84' lang='lat' dir='ltr'>Lausiaca</span> <span class='ocrx_word' id='word_1_45' title='bbox 678 410 816 444; x_wconf 87' lang='lat' dir='ltr'>historia</span> <span class='ocrx_word' id='word_1_46' title='bbox 828 407 995 442; x_wconf 86' lang='lat' dir='ltr'>Palladius</span> <span class='ocrx_word' id='word_1_47' title='bbox 1007 412 1144 442; x_wconf 76' lang='lat' dir='ltr'><em>Gratiam</em></span> <span class='ocrx_word' id='word_1_48' title='bbox 1167 424 1169 427; x_wconf 37' lang='lat' dir='ltr'>v</span> 
     </span>
     <span class='ocr_line' id='line_1_9' title="bbox 260 457 1143 501; baseline -0.007 -3"><span class='ocrx_word' id='word_1_49' title='bbox 260 469 335 501; x_wconf 75' lang='lat' dir='ltr'>Del.</span> <span class='ocrx_word' id='word_1_50' title='bbox 366 465 408 499; x_wconf 83' lang='lat' dir='ltr'>Et</span> <span class='ocrx_word' id='word_1_51' title='bbox 431 463 490 497; x_wconf 84' lang='lat' dir='ltr'>iste</span> <span class='ocrx_word' id='word_1_52' title='bbox 505 463 620 497; x_wconf 86' lang='lat' dir='ltr'>titulus</span> <span class='ocrx_word' id='word_1_53' title='bbox 650 458 759 494; x_wconf 74' lang='lat' dir='ltr'>lucide</span> <span class='ocrx_word' id='word_1_54' title='bbox 778 457 958 492; x_wconf 86' lang='lat' dir='ltr'>includitur</span> <span class='ocrx_word' id='word_1_55' title='bbox 983 458 1017 491; x_wconf 88' lang='lat' dir='ltr'>in</span> <span class='ocrx_word' id='word_1_56' title='bbox 1042 470 1143 498; x_wconf 89' lang='lat' dir='ltr'>voce,</span> 
     </span>
     <span class='ocr_line' id='line_1_10' title="bbox 261 507 1148 555; baseline -0.012 -4"><span class='ocrx_word' id='word_1_57' title='bbox 261 514 449 555; x_wconf 72' lang='lat' dir='ltr'>Eucharlflia</span> <span class='ocrx_word' id='word_1_58' title='bbox 473 539 480 545; x_wconf 93' lang='lat'><strong><em>.</em></strong></span> <span class='ocrx_word' id='word_1_59' title='bbox 508 514 633 547; x_wconf 82' lang='lat' dir='ltr'>Eadem</span> <span class='ocrx_word' id='word_1_60' title='bbox 654 509 890 554; x_wconf 81' lang='lat' dir='ltr'>significatione</span> <span class='ocrx_word' id='word_1_61' title='bbox 915 507 1041 542; x_wconf 86' lang='lat' dir='ltr'>videtur</span> <span class='ocrx_word' id='word_1_62' title='bbox 1067 511 1148 543; x_wconf 88' lang='lat' dir='ltr'>usus.</span> 
     </span>
     <span class='ocr_line' id='line_1_11' title="bbox 259 558 1143 608; baseline -0.005 -13"><span class='ocrx_word' id='word_1_63' title='bbox 259 568 393 601; x_wconf 54' lang='lat' dir='ltr'>sanstus</span> <span class='ocrx_word' id='word_1_64' title='bbox 414 564 511 608; x_wconf 78' lang='lat' dir='ltr'>Judas</span> <span class='ocrx_word' id='word_1_65' title='bbox 534 561 710 605; x_wconf 76' lang='lat' dir='ltr'>Apostolus</span> <span class='ocrx_word' id='word_1_66' title='bbox 734 572 743 591; x_wconf 79' lang='lat' dir='ltr'>z</span> <span class='ocrx_word' id='word_1_67' title='bbox 767 558 1003 597; x_wconf 69' lang='lat' dir='ltr'>subintrojerum</span> <span class='ocrx_word' id='word_1_68' title='bbox 1020 560 1143 600; x_wconf 65' lang='lat' dir='ltr'>quidam</span> 
     </span>
    </p>
   </div>
   <div class='ocr_carea' id='block_1_4' title="bbox 259 608 1148 700">
    <p class='ocr_par' dir='ltr' id='par_1_4' title="bbox 259 608 1148 700">
     <span class='ocr_line' id='line_1_12' title="bbox 259 608 1148 656; baseline -0.007 -8"><span class='ocrx_word' id='word_1_69' title='bbox 259 617 392 649; x_wconf 74' lang='lat' dir='ltr'>homines</span> <span class='ocrx_word' id='word_1_70' title='bbox 415 619 524 656; x_wconf 72' lang='lat' dir='ltr'>impii,</span> <span class='ocrx_word' id='word_1_71' title='bbox 552 616 608 645; x_wconf 76' lang='lat' dir='ltr'>Dei</span> <span class='ocrx_word' id='word_1_72' title='bbox 629 609 715 649; x_wconf 70' lang='lat' dir='ltr'>nostri</span> <span class='ocrx_word' id='word_1_73' title='bbox 721 615 859 653; x_wconf 75' lang='lat' dir='ltr'>gratiam</span> <span class='ocrx_word' id='word_1_74' title='bbox 868 608 1090 649; x_wconf 66' lang='lat' dir='ltr'>transferentes·</span> <span class='ocrx_word' id='word_1_75' title='bbox 1109 615 1148 642; x_wconf 70' lang='lat' dir='ltr'>m</span> 
     </span>
     <span class='ocr_line' id='line_1_13' title="bbox 259 658 1147 700; baseline -0.008 -1"><span class='ocrx_word' id='word_1_76' title='bbox 259 668 410 700; x_wconf 76' lang='lat' dir='ltr'><em>luxuriam</em></span> <span class='ocrx_word' id='word_1_77' title='bbox 424 690 431 696; x_wconf 91' lang='lat'><strong>.</strong></span> <span class='ocrx_word' id='word_1_78' title='bbox 459 661 613 697; x_wconf 77' lang='lat' dir='ltr'>Omnino</span> <span class='ocrx_word' id='word_1_79' title='bbox 628 660 757 693; x_wconf 88' lang='lat' dir='ltr'>videtur</span> <span class='ocrx_word' id='word_1_80' title='bbox 771 669 884 693; x_wconf 89' lang='lat' dir='ltr'>notare</span> <span class='ocrx_word' id='word_1_81' title='bbox 895 658 912 691; x_wconf 81' lang='grc' dir='ltr'>ὲ</span> <span class='ocrx_word' id='word_1_82' title='bbox 924 658 1058 691; x_wconf 87' lang='lat' dir='ltr'>Simone</span> <span class='ocrx_word' id='word_1_83' title='bbox 1070 658 1147 692; x_wconf 53' lang='lat' dir='ltr'>Ma*</span> 
     </span>
    </p>
   </div>
   <div class='ocr_carea' id='block_1_5' title="bbox 253 707 1139 955">
    <p class='ocr_par' dir='ltr' id='par_1_5' title="bbox 253 707 1139 955">
     <span class='ocr_line' id='line_1_14' title="bbox 258 707 1139 762; baseline -0.014 -11"><span class='ocrx_word' id='word_1_84' title='bbox 258 728 328 762; x_wconf 88' lang='lat' dir='ltr'>go,</span> <span class='ocrx_word' id='word_1_85' title='bbox 354 723 520 757; x_wconf 81' lang='lat' dir='ltr'>tamquam</span> <span class='ocrx_word' id='word_1_86' title='bbox 542 711 560 744; x_wconf 77' lang='grc' dir='ltr'>ὲ</span> <span class='ocrx_word' id='word_1_87' title='bbox 584 720 665 744; x_wconf 71' lang='lat' dir='ltr'>terra</span> <span class='ocrx_word' id='word_1_88' title='bbox 686 710 806 753; x_wconf 88' lang='lat' dir='ltr'>fungos</span> <span class='ocrx_word' id='word_1_89' title='bbox 828 732 839 748; x_wconf 88' lang='lat'>‚</span> <span class='ocrx_word' id='word_1_90' title='bbox 867 718 945 740; x_wconf 88' lang='lat' dir='ltr'>tunc</span> <span class='ocrx_word' id='word_1_91' title='bbox 972 716 1085 740; x_wconf 82' lang='lat' dir='ltr'>enatos</span> <span class='ocrx_word' id='word_1_92' title='bbox 1105 707 1139 740; x_wconf 86' lang='lat'>&amp;</span> 
     </span>
     <span class='ocr_line' id='line_1_15' title="bbox 253 759 1137 813; baseline -0.011 -12"><span class='ocrx_word' id='word_1_93' title='bbox 253 764 407 811; x_wconf 76' lang='lat' dir='ltr'>quotidie</span> <span class='ocrx_word' id='word_1_94' title='bbox 426 762 615 796; x_wconf 78' lang='lat' dir='ltr'>enascentes</span> <span class='ocrx_word' id='word_1_95' title='bbox 634 760 838 797; x_wconf 63' lang='lat' dir='ltr'>Gnosticm,</span> <span class='ocrx_word' id='word_1_96' title='bbox 866 759 949 813; x_wconf 73' lang='lat' dir='ltr'>inter</span> <span class='ocrx_word' id='word_1_97' title='bbox 965 767 1047 800; x_wconf 82' lang='lat' dir='ltr'>quos</span> <span class='ocrx_word' id='word_1_98' title='bbox 1069 769 1137 792; x_wconf 89' lang='lat' dir='ltr'>non</span> 
     </span>
     <span class='ocr_line' id='line_1_16' title="bbox 257 803 1137 854; baseline -0.009 -5"><span class='ocrx_word' id='word_1_99' title='bbox 257 817 344 850; x_wconf 86' lang='lat' dir='ltr'>solus</span> <span class='ocrx_word' id='word_1_100' title='bbox 365 814 501 847; x_wconf 79' lang='lat' dir='ltr'>Marcus</span> <span class='ocrx_word' id='word_1_101' title='bbox 519 809 728 854; x_wconf 77' lang='lat' dir='ltr'>AEgyptius,</span> <span class='ocrx_word' id='word_1_102' title='bbox 753 807 806 841; x_wconf 89' lang='lat' dir='ltr'>sed</span> <span class='ocrx_word' id='word_1_103' title='bbox 829 806 929 840; x_wconf 80' lang='lat' dir='ltr'>&amp;alii</span> <span class='ocrx_word' id='word_1_104' title='bbox 953 803 1137 843; x_wconf 84' lang='lat' dir='ltr'>habuerunt</span> 
     </span>
     <span class='ocr_line' id='line_1_17' title="bbox 255 855 1135 900; baseline -0.011 -1"><span class='ocrx_word' id='word_1_105' title='bbox 255 866 378 899; x_wconf 83' lang='lat' dir='ltr'>foedam</span> <span class='ocrx_word' id='word_1_106' title='bbox 406 874 443 896; x_wconf 87' lang='lat' dir='ltr'>ac</span> <span class='ocrx_word' id='word_1_107' title='bbox 470 861 647 894; x_wconf 82' lang='lat' dir='ltr'>nefandam</span> <span class='ocrx_word' id='word_1_108' title='bbox 673 855 910 891; x_wconf 86' lang='lat' dir='ltr'>Eucharistiam</span> <span class='ocrx_word' id='word_1_109' title='bbox 932 881 942 896; x_wconf 93' lang='lat'>,</span> <span class='ocrx_word' id='word_1_110' title='bbox 969 867 1067 900; x_wconf 85' lang='lat' dir='ltr'>atque</span> <span class='ocrx_word' id='word_1_111' title='bbox 1093 857 1135 891; x_wconf 75' lang='lat' dir='ltr'>ita</span> 
     </span>
     <span class='ocr_line' id='line_1_18' title="bbox 254 905 1136 955; baseline -0.012 -6"><span class='ocrx_word' id='word_1_112' title='bbox 254 915 321 949; x_wconf 89' lang='lat' dir='ltr'>Dei</span> <span class='ocrx_word' id='word_1_113' title='bbox 345 913 446 947; x_wconf 80' lang='lat' dir='ltr'>nostri</span> <span class='ocrx_word' id='word_1_114' title='bbox 469 911 607 955; x_wconf 81' lang='lat' dir='ltr'>gratiam</span> <span class='ocrx_word' id='word_1_115' title='bbox 629 907 759 951; x_wconf 63' lang='lat' dir='ltr'>pessime</span> <span class='ocrx_word' id='word_1_116' title='bbox 780 905 1013 941; x_wconf 85' lang='lat' dir='ltr'>transtulerunt</span> <span class='ocrx_word' id='word_1_117' title='bbox 1036 908 1070 942; x_wconf 88' lang='lat' dir='ltr'>in</span> <span class='ocrx_word' id='word_1_118' title='bbox 1091 907 1136 940; x_wconf 86' lang='lat' dir='ltr'>lu-</span> 
     </span>
    </p>
   </div>
   <div class='ocr_carea' id='block_1_6' title="bbox 254 955 1143 999">
    <p class='ocr_par' dir='ltr' id='par_1_6' title="bbox 254 955 1143 999">
     <span class='ocr_line' id='line_1_19' title="bbox 254 955 1143 999; baseline -0.017 0"><span class='ocrx_word' id='word_1_119' title='bbox 254 966 384 999; x_wconf 79' lang='lat' dir='ltr'>xuriam</span> <span class='ocrx_word' id='word_1_120' title='bbox 405 988 413 995; x_wconf 86' lang='lat'>.</span> <span class='ocrx_word' id='word_1_121' title='bbox 440 960 636 995; x_wconf 82' lang='lat' dir='ltr'>Notandum</span> <span class='ocrx_word' id='word_1_122' title='bbox 661 958 782 998; x_wconf 87' lang='lat' dir='ltr'>etiarn,</span> <span class='ocrx_word' id='word_1_123' title='bbox 807 955 896 999; x_wconf 73' lang='lat' dir='ltr'>quod</span> <span class='ocrx_word' id='word_1_124' title='bbox 917 957 1050 991; x_wconf 62' lang='lat' dir='ltr'>Sanctus</span> <span class='ocrx_word' id='word_1_125' title='bbox 1075 958 1143 992; x_wconf 43' lang='lat' dir='ltr'>Ire„</span> 
     </span>
    </p>
   </div>
   <div class='ocr_carea' id='block_1_7' title="bbox 254 1005 1134 1104">
    <p class='ocr_par' dir='ltr' id='par_1_7' title="bbox 254 1005 1134 1104">
     <span class='ocr_line' id='line_1_20' title="bbox 255 1005 1134 1049; baseline -0.009 0"><span class='ocrx_word' id='word_1_126' title='bbox 255 1025 341 1049; x_wconf 78' lang='lat' dir='ltr'>naeus</span> <span class='ocrx_word' id='word_1_127' title='bbox 366 1011 600 1047; x_wconf 70' lang='lat' dir='ltr'>sacrosanctum</span> <span class='ocrx_word' id='word_1_128' title='bbox 628 1007 762 1042; x_wconf 81' lang='lat' dir='ltr'>calicem</span> <span class='ocrx_word' id='word_1_129' title='bbox 788 1005 909 1040; x_wconf 71' lang='lat' dir='ltr'>affidue</span> <span class='ocrx_word' id='word_1_130' title='bbox 942 1007 1028 1041; x_wconf 84' lang='lat' dir='ltr'>dicat</span> <span class='ocrx_word' id='word_1_131' title='bbox 1055 1007 1134 1041; x_wconf 86' lang='lat' dir='ltr'>mix·</span> 
     </span>
     <span class='ocr_line' id='line_1_21' title="bbox 254 1056 1131 1104; baseline -0.007 -7"><span class='ocrx_word' id='word_1_132' title='bbox 254 1075 326 1098; x_wconf 89' lang='lat' dir='ltr'>tum</span> <span class='ocrx_word' id='word_1_133' title='bbox 347 1075 355 1095; x_wconf 73' lang='grc' dir='ltr'>ε</span> <span class='ocrx_word' id='word_1_134' title='bbox 384 1061 516 1104; x_wconf 81' lang='lat' dir='ltr'>Utique</span> <span class='ocrx_word' id='word_1_135' title='bbox 541 1072 582 1093; x_wconf 89' lang='lat' dir='ltr'>ex</span> <span class='ocrx_word' id='word_1_136' title='bbox 602 1061 683 1092; x_wconf 92' lang='lat' dir='ltr'>vino</span> <span class='ocrx_word' id='word_1_137' title='bbox 708 1059 742 1092; x_wconf 88' lang='lat'>&amp;</span> <span class='ocrx_word' id='word_1_138' title='bbox 765 1068 848 1101; x_wconf 87' lang='lat' dir='ltr'>aqua</span> <span class='ocrx_word' id='word_1_139' title='bbox 865 1076 885 1090; x_wconf 35' lang='lat' dir='ltr'>e</span> <span class='ocrx_word' id='word_1_140' title='bbox 908 1056 964 1090; x_wconf 89' lang='lat' dir='ltr'>Ob</span> <span class='ocrx_word' id='word_1_141' title='bbox 990 1057 1131 1091; x_wconf 83' lang='lat' dir='ltr'>Domini</span> 
     </span>
    </p>
   </div>
   <div class='ocr_carea' id='block_1_8' title="bbox 253 1107 1161 1162">
    <p class='ocr_par' dir='ltr' id='par_1_8' title="bbox 253 1107 1161 1162">
     <span class='ocr_line' id='line_1_22' title="bbox 253 1107 1161 1162; baseline -0.008 -14"><span class='ocrx_word' id='word_1_142' title='bbox 253 1112 437 1156; x_wconf 84' lang='lat' dir='ltr'>exemplum</span> <span class='ocrx_word' id='word_1_143' title='bbox 447 1121 546 1154; x_wconf 88' lang='lat' dir='ltr'>atque</span> <span class='ocrx_word' id='word_1_144' title='bbox 568 1109 785 1151; x_wconf 84' lang='lat' dir='ltr'>Praeceptum.</span> <span class='ocrx_word' id='word_1_145' title='bbox 815 1107 956 1140; x_wconf 76' lang='lat' dir='ltr'>Etcerte</span> <span class='ocrx_word' id='word_1_146' title='bbox 979 1107 1062 1139; x_wconf 88' lang='lat' dir='ltr'>tanti</span> <span class='ocrx_word' id='word_1_147' title='bbox 1075 1108 1134 1141; x_wconf 87' lang='lat' dir='ltr'>Pa·</span> <span class='ocrx_word' id='word_1_148' title='bbox 1154 1154 1161 1162; x_wconf 90' lang='lat'>.</span> 
     </span>
    </p>
   </div>
   <div class='ocr_carea' id='block_1_9' title="bbox 245 1155 1131 1701">
    <p class='ocr_par' dir='ltr' id='par_1_9' title="bbox 251 1155 1131 1464">
     <span class='ocr_line' id='line_1_23' title="bbox 252 1155 1130 1203; baseline -0.011 -5"><span class='ocrx_word' id='word_1_149' title='bbox 252 1165 311 1199; x_wconf 84' lang='lat' dir='ltr'>tris</span> <span class='ocrx_word' id='word_1_150' title='bbox 333 1161 514 1197; x_wconf 80' lang='lat' dir='ltr'>authoritas</span> <span class='ocrx_word' id='word_1_151' title='bbox 532 1159 576 1193; x_wconf 87' lang='lat' dir='ltr'>est</span> <span class='ocrx_word' id='word_1_152' title='bbox 588 1160 680 1203; x_wconf 78' lang='lat' dir='ltr'>plene</span> <span class='ocrx_word' id='word_1_153' title='bbox 703 1155 948 1200; x_wconf 87' lang='lat' dir='ltr'>irrefragabilis.</span> <span class='ocrx_word' id='word_1_154' title='bbox 974 1156 1084 1202; x_wconf 82' lang='lat' dir='ltr'>Qare</span> <span class='ocrx_word' id='word_1_155' title='bbox 1098 1159 1130 1191; x_wconf 85' lang='lat' dir='ltr'>in</span> 
     </span>
     <span class='ocr_line' id='line_1_24' title="bbox 252 1206 1131 1247; baseline -0.008 0"><span class='ocrx_word' id='word_1_156' title='bbox 252 1214 397 1247; x_wconf 82' lang='lat' dir='ltr'>carmine</span> <span class='ocrx_word' id='word_1_157' title='bbox 418 1211 460 1246; x_wconf 90' lang='lat' dir='ltr'>de</span> <span class='ocrx_word' id='word_1_158' title='bbox 484 1209 686 1245; x_wconf 81' lang='lat' dir='ltr'>Euchatissia</span> <span class='ocrx_word' id='word_1_159' title='bbox 708 1207 821 1240; x_wconf 87' lang='lat' dir='ltr'>Petrus</span> <span class='ocrx_word' id='word_1_160' title='bbox 847 1206 1002 1240; x_wconf 78' lang='lat' dir='ltr'>Blesenfis</span> <span class='ocrx_word' id='word_1_161' title='bbox 1018 1231 1028 1246; x_wconf 93' lang='lat'>,</span> <span class='ocrx_word' id='word_1_162' title='bbox 1054 1208 1131 1240; x_wconf 87' lang='lat' dir='ltr'>affir-</span> 
     </span>
     <span class='ocr_line' id='line_1_25' title="bbox 252 1255 1131 1300; baseline -0.013 -3"><span class='ocrx_word' id='word_1_163' title='bbox 252 1274 345 1297; x_wconf 87' lang='lat' dir='ltr'>mans</span> <span class='ocrx_word' id='word_1_164' title='bbox 355 1262 541 1295; x_wconf 89' lang='lat' dir='ltr'>Dominum</span> <span class='ocrx_word' id='word_1_165' title='bbox 564 1260 595 1292; x_wconf 92' lang='lat' dir='ltr'>in</span> <span class='ocrx_word' id='word_1_166' title='bbox 612 1259 681 1292; x_wconf 90' lang='lat' dir='ltr'>solo</span> <span class='ocrx_word' id='word_1_167' title='bbox 703 1259 781 1291; x_wconf 91' lang='lat' dir='ltr'>vino</span> <span class='ocrx_word' id='word_1_168' title='bbox 792 1255 946 1290; x_wconf 68' lang='lat' dir='ltr'>obtulisse</span> <span class='ocrx_word' id='word_1_169' title='bbox 960 1280 975 1295; x_wconf 6' lang='lat' dir='ltr'>,a</span> <span class='ocrx_word' id='word_1_170' title='bbox 997 1257 1028 1290; x_wconf 64' lang='grc' dir='ltr'>ὅ(</span> <span class='ocrx_word' id='word_1_171' title='bbox 1046 1268 1131 1300; x_wconf 84' lang='lat' dir='ltr'>aquae</span> 
     </span>
     <span class='ocr_line' id='line_1_26' title="bbox 251 1306 1131 1349; baseline -0.007 -2"><span class='ocrx_word' id='word_1_172' title='bbox 251 1315 428 1347; x_wconf 81' lang='lat' dir='ltr'>mixturam</span> <span class='ocrx_word' id='word_1_173' title='bbox 455 1312 518 1345; x_wconf 78' lang='lat' dir='ltr'>esse</span> <span class='ocrx_word' id='word_1_174' title='bbox 544 1308 715 1344; x_wconf 82' lang='lat' dir='ltr'>dumtaxat</span> <span class='ocrx_word' id='word_1_175' title='bbox 745 1306 971 1349; x_wconf 77' lang='lat' dir='ltr'>Apostolicnm</span> <span class='ocrx_word' id='word_1_176' title='bbox 1006 1306 1131 1341; x_wconf 88' lang='lat' dir='ltr'>lnstitu-</span> 
     </span>
     <span class='ocr_line' id='line_1_27' title="bbox 252 1354 1131 1407; baseline -0.005 -12"><span class='ocrx_word' id='word_1_177' title='bbox 252 1372 322 1396; x_wconf 89' lang='lat' dir='ltr'>tum</span> <span class='ocrx_word' id='word_1_178' title='bbox 350 1386 360 1402; x_wconf 91' lang='lat'><strong>,</strong></span> <span class='ocrx_word' id='word_1_179' title='bbox 387 1362 525 1407; x_wconf 84' lang='lat' dir='ltr'>graviter</span> <span class='ocrx_word' id='word_1_180' title='bbox 550 1358 658 1394; x_wconf 83' lang='lat' dir='ltr'>deviat</span> <span class='ocrx_word' id='word_1_181' title='bbox 676 1359 696 1392; x_wconf 71' lang='lat' dir='ltr'>a</span> <span class='ocrx_word' id='word_1_182' title='bbox 718 1358 907 1391; x_wconf 62' lang='lat' dir='ltr'>san-storum</span> <span class='ocrx_word' id='word_1_183' title='bbox 921 1354 1054 1390; x_wconf 80' lang='lat' dir='ltr'>Parrum</span> <span class='ocrx_word' id='word_1_184' title='bbox 1075 1358 1131 1391; x_wconf 91' lang='lat' dir='ltr'>do-</span> 
     </span>
     <span class='ocr_line' id='line_1_28' title="bbox 252 1413 1108 1464; baseline -0.009 -18"><span class='ocrx_word' id='word_1_185' title='bbox 252 1413 371 1446; x_wconf 62' lang='lat' dir='ltr'>ctrina.</span> <span class='ocrx_word' id='word_1_186' title='bbox 1060 1457 1066 1464; x_wconf 89' lang='lat'>.</span> <span class='ocrx_word' id='word_1_187' title='bbox 1102 1457 1108 1464; x_wconf 42' lang='grc'><em>.</em></span> 
     </span>
    </p>

    <p class='ocr_par' dir='ltr' id='par_1_10' title="bbox 245 1455 1129 1701">
     <span class='ocr_line' id='line_1_29' title="bbox 302 1455 1129 1505; baseline -0.007 -9"><span class='ocrx_word' id='word_1_188' title='bbox 302 1461 408 1496; x_wconf 69' lang='lat' dir='ltr'>Porro</span> <span class='ocrx_word' id='word_1_189' title='bbox 443 1468 675 1505; x_wconf 73' lang='lat' dir='ltr'>argumentum</span> <span class='ocrx_word' id='word_1_190' title='bbox 699 1481 712 1497; x_wconf 88' lang='lat'>‚</span> <span class='ocrx_word' id='word_1_191' title='bbox 735 1455 823 1500; x_wconf 90' lang='lat' dir='ltr'>quod</span> <span class='ocrx_word' id='word_1_192' title='bbox 851 1466 892 1489; x_wconf 86' lang='lat' dir='ltr'>ex</span> <span class='ocrx_word' id='word_1_193' title='bbox 927 1455 1129 1490; x_wconf 70' lang='lat' dir='ltr'>Eucharistia</span> 
     </span>
     <span class='ocr_line' id='line_1_30' title="bbox 249 1505 1128 1546; baseline -0.007 0"><span class='ocrx_word' id='word_1_194' title='bbox 249 1514 387 1546; x_wconf 62' lang='lat' dir='ltr'>Sanctus</span> <span class='ocrx_word' id='word_1_195' title='bbox 409 1511 545 1544; x_wconf 84' lang='lat' dir='ltr'>Irenaeus</span> <span class='ocrx_word' id='word_1_196' title='bbox 566 1507 699 1542; x_wconf 80' lang='lat' dir='ltr'>deducit</span> <span class='ocrx_word' id='word_1_197' title='bbox 720 1506 871 1540; x_wconf 75' lang='lat' dir='ltr'>adversus</span> <span class='ocrx_word' id='word_1_198' title='bbox 895 1505 1128 1540; x_wconf 77' lang='lat' dir='ltr'>Gnosticorum</span> 
     </span>
     <span class='ocr_line' id='line_1_31' title="bbox 248 1556 1122 1601; baseline -0.005 -6"><span class='ocrx_word' id='word_1_199' title='bbox 248 1561 373 1595; x_wconf 64' lang='lat' dir='ltr'>fabulas</span> <span class='ocrx_word' id='word_1_200' title='bbox 396 1583 407 1599; x_wconf 90' lang='lat'>‚</span> <span class='ocrx_word' id='word_1_201' title='bbox 443 1559 550 1594; x_wconf 75' lang='lat' dir='ltr'>lucide</span> <span class='ocrx_word' id='word_1_202' title='bbox 577 1556 730 1601; x_wconf 82' lang='lat' dir='ltr'>supponit</span> <span class='ocrx_word' id='word_1_203' title='bbox 755 1556 873 1590; x_wconf 89' lang='lat' dir='ltr'>realem</span> <span class='ocrx_word' id='word_1_204' title='bbox 908 1557 1122 1598; x_wconf 83' lang='lat' dir='ltr'>praesentiam.</span> 
     </span>
     <span class='ocr_line' id='line_1_32' title="bbox 245 1605 1129 1655; baseline -0.007 -10"><span class='ocrx_word' id='word_1_205' title='bbox 245 1613 324 1646; x_wconf 83' lang='lat' dir='ltr'>Sine</span> <span class='ocrx_word' id='word_1_206' title='bbox 344 1611 410 1655; x_wconf 86' lang='lat' dir='ltr'>ipsa</span> <span class='ocrx_word' id='word_1_207' title='bbox 433 1610 479 1644; x_wconf 84' lang='lat' dir='ltr'>est</span> <span class='ocrx_word' id='word_1_208' title='bbox 494 1620 615 1643; x_wconf 84' lang='lat' dir='ltr'>vanum</span> <span class='ocrx_word' id='word_1_209' title='bbox 639 1606 833 1641; x_wconf 82' lang='lat' dir='ltr'>&amp;nullum.</span> <span class='ocrx_word' id='word_1_210' title='bbox 862 1605 1030 1640; x_wconf 86' lang='lat' dir='ltr'>Gnosticis</span> <span class='ocrx_word' id='word_1_211' title='bbox 1052 1618 1129 1640; x_wconf 91' lang='lat' dir='ltr'>con·</span> 
     </span>
     <span class='ocr_line' id='line_1_33' title="bbox 245 1654 1129 1701; baseline -0.006 -7"><span class='ocrx_word' id='word_1_212' title='bbox 245 1662 359 1701; x_wconf 87' lang='lat' dir='ltr'>cedit,</span> <span class='ocrx_word' id='word_1_213' title='bbox 384 1659 492 1695; x_wconf 69' lang='lat' dir='ltr'>immo</span> <span class='ocrx_word' id='word_1_214' title='bbox 509 1670 588 1693; x_wconf 87' lang='lat' dir='ltr'>cum</span> <span class='ocrx_word' id='word_1_215' title='bbox 610 1655 783 1692; x_wconf 86' lang='lat' dir='ltr'>Catholica</span> <span class='ocrx_word' id='word_1_216' title='bbox 807 1654 947 1688; x_wconf 67' lang='lat' dir='ltr'>Ecclesia</span> <span class='ocrx_word' id='word_1_217' title='bbox 961 1657 1129 1698; x_wconf 83' lang='lat' dir='ltr'>profitetur</span> 
     </span>
    </p>
   </div>
   <div class='ocr_carea' id='block_1_10' title="bbox 244 1705 1131 1754">
    <p class='ocr_par' dir='ltr' id='par_1_11' title="bbox 244 1705 1131 1754">
     <span class='ocr_line' id='line_1_34' title="bbox 244 1705 1131 1754; baseline -0.005 -10"><span class='ocrx_word' id='word_1_218' title='bbox 244 1723 362 1754; x_wconf 87' lang='lat' dir='ltr'>panem</span> <span class='ocrx_word' id='word_1_219' title='bbox 384 1711 543 1745; x_wconf 87' lang='lat' dir='ltr'>&amp;vinum</span> <span class='ocrx_word' id='word_1_220' title='bbox 564 1709 629 1742; x_wconf 77' lang='lat' dir='ltr'>esse</span> <span class='ocrx_word' id='word_1_221' title='bbox 639 1718 735 1749; x_wconf 84' lang='lat' dir='ltr'>opera</span> <span class='ocrx_word' id='word_1_222' title='bbox 758 1717 799 1739; x_wconf 84' lang='lat' dir='ltr'>ac</span> <span class='ocrx_word' id='word_1_223' title='bbox 811 1705 898 1738; x_wconf 85' lang='lat' dir='ltr'>dona</span> <span class='ocrx_word' id='word_1_224' title='bbox 917 1705 984 1738; x_wconf 70' lang='lat' dir='ltr'>Deir</span> <span class='ocrx_word' id='word_1_225' title='bbox 997 1706 1131 1740; x_wconf 66' lang='lat' dir='ltr'>creato·</span> 
     </span>
    </p>
   </div>
   <div class='ocr_carea' id='block_1_11' title="bbox 244 1756 1126 1798">
    <p class='ocr_par' dir='ltr' id='par_1_12' title="bbox 244 1756 1126 1798">
     <span class='ocr_line' id='line_1_35' title="bbox 244 1756 1126 1798; baseline -0.003 -5"><span class='ocrx_word' id='word_1_226' title='bbox 244 1761 305 1795; x_wconf 88' lang='lat' dir='ltr'>ris:</span> <span class='ocrx_word' id='word_1_227' title='bbox 335 1759 440 1794; x_wconf 87' lang='lat' dir='ltr'>Addit</span> <span class='ocrx_word' id='word_1_228' title='bbox 463 1758 631 1793; x_wconf 82' lang='lat' dir='ltr'>Christum</span> <span class='ocrx_word' id='word_1_229' title='bbox 653 1757 843 1790; x_wconf 86' lang='lat' dir='ltr'>Dominum</span> <span class='ocrx_word' id='word_1_230' title='bbox 865 1766 906 1788; x_wconf 85' lang='lat' dir='ltr'>ex</span> <span class='ocrx_word' id='word_1_231' title='bbox 930 1756 1044 1798; x_wconf 82' lang='lat' dir='ltr'>ipsisin</span> <span class='ocrx_word' id='word_1_232' title='bbox 1068 1768 1126 1791; x_wconf 87' lang='lat' dir='ltr'>no-</span> 
     </span>
    </p>
   </div>
   <div class='ocr_carea' id='block_1_12' title="bbox 244 1805 1134 1852">
    <p class='ocr_par' dir='ltr' id='par_1_13' title="bbox 244 1805 1134 1852">
     <span class='ocr_line' id='line_1_36' title="bbox 244 1805 1134 1852; baseline -0.006 -8"><span class='ocrx_word' id='word_1_233' title='bbox 244 1811 367 1844; x_wconf 85' lang='lat' dir='ltr'>viffima</span> <span class='ocrx_word' id='word_1_234' title='bbox 390 1822 483 1844; x_wconf 86' lang='lat' dir='ltr'>coena</span> <span class='ocrx_word' id='word_1_235' title='bbox 504 1807 679 1843; x_wconf 74' lang='lat' dir='ltr'>confecisse</span> <span class='ocrx_word' id='word_1_236' title='bbox 701 1807 735 1840; x_wconf 89' lang='lat'>&amp;</span> <span class='ocrx_word' id='word_1_237' title='bbox 761 1805 913 1840; x_wconf 79' lang='lat' dir='ltr'>obtulisse</span> <span class='ocrx_word' id='word_1_238' title='bbox 928 1830 937 1844; x_wconf 89' lang='lat'>,</span> <span class='ocrx_word' id='word_1_239' title='bbox 968 1806 1134 1852; x_wconf 48' lang='lat' dir='ltr'>&amp;etiam-s</span> 
     </span>
    </p>
   </div>
   <div class='ocr_carea' id='block_1_13' title="bbox 228 1856 1128 2998">
    <p class='ocr_par' dir='ltr' id='par_1_14' title="bbox 228 1856 1128 2998">
     <span class='ocr_line' id='line_1_37' title="bbox 242 1856 1128 1904; baseline -0.007 -10"><span class='ocrx_word' id='word_1_240' title='bbox 242 1872 322 1894; x_wconf 84' lang='lat' dir='ltr'>num</span> <span class='ocrx_word' id='word_1_241' title='bbox 350 1859 498 1904; x_wconf 73' lang='lat' dir='ltr'>quotidie</span> <span class='ocrx_word' id='word_1_242' title='bbox 520 1870 575 1902; x_wconf 89' lang='lat' dir='ltr'>per</span> <span class='ocrx_word' id='word_1_243' title='bbox 611 1856 756 1891; x_wconf 78' lang='lat' dir='ltr'>Ecclefiae</span> <span class='ocrx_word' id='word_1_244' title='bbox 773 1878 791 1894; x_wconf 78' lang='lat'>‚.</span> <span class='ocrx_word' id='word_1_245' title='bbox 814 1856 918 1889; x_wconf 75' lang='lat' dir='ltr'>immo</span> <span class='ocrx_word' id='word_1_246' title='bbox 944 1857 1048 1889; x_wconf 67' lang='lat' dir='ltr'>etiamr</span> <span class='ocrx_word' id='word_1_247' title='bbox 1069 1856 1128 1901; x_wconf 69' lang='lat' dir='ltr'>per‘v</span> 
     </span>
     <span class='ocr_line' id='line_1_38' title="bbox 241 1906 1121 1944; baseline -0.002 -1"><span class='ocrx_word' id='word_1_248' title='bbox 241 1910 475 1944; x_wconf 82' lang='lat' dir='ltr'>Gnosticorum</span> <span class='ocrx_word' id='word_1_249' title='bbox 485 1908 671 1944; x_wconf 74' lang='lat' dir='ltr'>Sacerdotes</span> <span class='ocrx_word' id='word_1_250' title='bbox 681 1906 844 1940; x_wconf 87' lang='lat' dir='ltr'>conficere</span> <span class='ocrx_word' id='word_1_251' title='bbox 853 1906 886 1939; x_wconf 86' lang='lat'>&amp;</span> <span class='ocrx_word' id='word_1_252' title='bbox 899 1906 1015 1939; x_wconf 82' lang='lat' dir='ltr'>offerre</span> <span class='ocrx_word' id='word_1_253' title='bbox 1029 1908 1121 1941; x_wconf 89' lang='lat' dir='ltr'>suum</span> 
     </span>
     <span class='ocr_line' id='line_1_39' title="bbox 238 1955 1121 2004; baseline -0.003 -11"><span class='ocrx_word' id='word_1_254' title='bbox 238 1963 357 2004; x_wconf 78' lang='lat' dir='ltr'>corpus</span> <span class='ocrx_word' id='word_1_255' title='bbox 376 1960 612 2004; x_wconf 84' lang='lat' dir='ltr'>&amp;sanguinem</span> <span class='ocrx_word' id='word_1_256' title='bbox 636 1982 642 1989; x_wconf 91' lang='lat'>.</span> <span class='ocrx_word' id='word_1_257' title='bbox 669 1957 763 1990; x_wconf 86' lang='lat' dir='ltr'>Hinc</span> <span class='ocrx_word' id='word_1_258' title='bbox 791 1956 890 1990; x_wconf 86' lang='lat' dir='ltr'>infert</span> <span class='ocrx_word' id='word_1_259' title='bbox 912 1955 1014 1999; x_wconf 83' lang='lat' dir='ltr'>ipsum</span> <span class='ocrx_word' id='word_1_260' title='bbox 1036 1957 1121 1998; x_wconf 77' lang='lat' dir='ltr'>effe,</span> 
     </span>
     <span class='ocr_line' id='line_1_40' title="bbox 238 2004 1117 2053; baseline -0.005 -9"><span class='ocrx_word' id='word_1_261' title='bbox 238 2022 309 2044; x_wconf 89' lang='lat' dir='ltr'>non</span> <span class='ocrx_word' id='word_1_262' title='bbox 323 2010 533 2052; x_wconf 62' lang='lat' dir='ltr'>nesciocuius</span> <span class='ocrx_word' id='word_1_263' title='bbox 558 2008 690 2053; x_wconf 87' lang='lat' dir='ltr'>ignoti,</span> <span class='ocrx_word' id='word_1_264' title='bbox 717 2004 935 2040; x_wconf 79' lang='lat' dir='ltr'>sedomnibus</span> <span class='ocrx_word' id='word_1_265' title='bbox 955 2007 1117 2040; x_wconf 82' lang='lat' dir='ltr'>manifesti</span> 
     </span>
     <span class='ocr_line' id='line_1_41' title="bbox 238 2057 1117 2099; baseline -0.006 -5"><span class='ocrx_word' id='word_1_266' title='bbox 238 2061 406 2094; x_wconf 78' lang='lat' dir='ltr'>Creatoris</span> <span class='ocrx_word' id='word_1_267' title='bbox 432 2060 496 2093; x_wconf 88' lang='lat' dir='ltr'>Dei</span> <span class='ocrx_word' id='word_1_268' title='bbox 523 2059 651 2091; x_wconf 86' lang='lat' dir='ltr'>Filium·</span> <span class='ocrx_word' id='word_1_269' title='bbox 673 2079 683 2095; x_wconf 88' lang='lat'>,</span> <span class='ocrx_word' id='word_1_270' title='bbox 709 2057 897 2090; x_wconf 78' lang='lat' dir='ltr'>Creatorem</span> <span class='ocrx_word' id='word_1_271' title='bbox 921 2057 985 2089; x_wconf 76' lang='lat' dir='ltr'>esse</span> <span class='ocrx_word' id='word_1_272' title='bbox 1012 2057 1117 2099; x_wconf 86' lang='lat' dir='ltr'>ipsum</span> 
     </span>
     <span class='ocr_line' id='line_1_42' title="bbox 238 2105 1123 2150; baseline -0.003 -8"><span class='ocrx_word' id='word_1_273' title='bbox 238 2110 349 2144; x_wconf 81' lang='lat' dir='ltr'>Deum</span> <span class='ocrx_word' id='word_1_274' title='bbox 377 2109 504 2143; x_wconf 89' lang='lat' dir='ltr'>bonum</span> <span class='ocrx_word' id='word_1_275' title='bbox 527 2131 538 2148; x_wconf 89' lang='lat'>‚</span> <span class='ocrx_word' id='word_1_276' title='bbox 563 2117 661 2150; x_wconf 83' lang='lat' dir='ltr'>atque</span> <span class='ocrx_word' id='word_1_277' title='bbox 690 2107 733 2138; x_wconf 86' lang='lat' dir='ltr'>ita</span> <span class='ocrx_word' id='word_1_278' title='bbox 760 2105 902 2146; x_wconf 86' lang='lat' dir='ltr'>duplicis</span> <span class='ocrx_word' id='word_1_279' title='bbox 921 2105 1123 2140; x_wconf 79' lang='lat' dir='ltr'>Divinitatis</span> 
     </span>
     <span class='ocr_line' id='line_1_43' title="bbox 238 2154 1115 2202; baseline -0.005 -9"><span class='ocrx_word' id='word_1_280' title='bbox 238 2159 382 2193; x_wconf 82' lang='lat' dir='ltr'>fabulam</span> <span class='ocrx_word' id='word_1_281' title='bbox 394 2159 522 2202; x_wconf 85' lang='lat' dir='ltr'>penitus</span> <span class='ocrx_word' id='word_1_282' title='bbox 538 2156 742 2190; x_wconf 82' lang='lat' dir='ltr'>evanescere.</span> <span class='ocrx_word' id='word_1_283' title='bbox 769 2154 811 2188; x_wconf 87' lang='lat' dir='ltr'>Et</span> <span class='ocrx_word' id='word_1_284' title='bbox 823 2155 1055 2198; x_wconf 80' lang='lat' dir='ltr'>consequentia</span> <span class='ocrx_word' id='word_1_285' title='bbox 1070 2156 1115 2189; x_wconf 85' lang='lat' dir='ltr'>est</span> 
     </span>
     <span class='ocr_line' id='line_1_44' title="bbox 237 2205 1123 2247; baseline -0.003 -5"><span class='ocrx_word' id='word_1_286' title='bbox 237 2209 327 2242; x_wconf 72' lang='lat' dir='ltr'>firma</span> <span class='ocrx_word' id='word_1_287' title='bbox 339 2234 347 2241; x_wconf 90' lang='lat'>.</span> <span class='ocrx_word' id='word_1_288' title='bbox 375 2208 508 2242; x_wconf 85' lang='lat' dir='ltr'>Etenim</span> <span class='ocrx_word' id='word_1_289' title='bbox 527 2205 732 2240; x_wconf 81' lang='lat' dir='ltr'>Eucharissia</span> <span class='ocrx_word' id='word_1_290' title='bbox 754 2205 968 2247; x_wconf 86' lang='lat' dir='ltr'>componitur</span> <span class='ocrx_word' id='word_1_291' title='bbox 987 2216 1027 2238; x_wconf 85' lang='lat' dir='ltr'>ex</span> <span class='ocrx_word' id='word_1_292' title='bbox 1039 2206 1123 2239; x_wconf 52' lang='lat' dir='ltr'>dua-2</span> 
     </span>
     <span class='ocr_line' id='line_1_45' title="bbox 236 2253 1116 2296; baseline -0.005 -4"><span class='ocrx_word' id='word_1_293' title='bbox 236 2257 297 2292; x_wconf 86' lang='lat' dir='ltr'>bus</span> <span class='ocrx_word' id='word_1_294' title='bbox 314 2257 428 2296; x_wconf 85' lang='lat' dir='ltr'>rebus,</span> <span class='ocrx_word' id='word_1_295' title='bbox 453 2266 581 2291; x_wconf 85' lang='lat' dir='ltr'>terrena</span> <span class='ocrx_word' id='word_1_296' title='bbox 593 2279 603 2295; x_wconf 93' lang='lat'>,</span> <span class='ocrx_word' id='word_1_297' title='bbox 628 2255 661 2288; x_wconf 74' lang='grc' dir='ltr'>ὅ(</span> <span class='ocrx_word' id='word_1_298' title='bbox 673 2253 794 2287; x_wconf 82' lang='lat' dir='ltr'>coelesti</span> <span class='ocrx_word' id='word_1_299' title='bbox 810 2266 816 2285; x_wconf 81' lang='lat' dir='ltr'>z</span> <span class='ocrx_word' id='word_1_300' title='bbox 845 2254 896 2286; x_wconf 84' lang='lat' dir='ltr'>Ex</span> <span class='ocrx_word' id='word_1_301' title='bbox 909 2265 998 2296; x_wconf 87' lang='lat' dir='ltr'>pane·</span> <span class='ocrx_word' id='word_1_302' title='bbox 1015 2255 1051 2288; x_wconf 75' lang='grc' dir='ltr'>δε</span> <span class='ocrx_word' id='word_1_303' title='bbox 1069 2255 1116 2290; x_wconf 77' lang='lat' dir='ltr'>vi-</span> 
     </span>
     <span class='ocr_line' id='line_1_46' title="bbox 235 2302 1114 2347; baseline -0.005 -5"><span class='ocrx_word' id='word_1_304' title='bbox 235 2320 303 2347; x_wconf 88' lang='lat' dir='ltr'>no,</span> <span class='ocrx_word' id='word_1_305' title='bbox 326 2318 363 2342; x_wconf 87' lang='lat' dir='ltr'>ae</span> <span class='ocrx_word' id='word_1_306' title='bbox 381 2319 423 2342; x_wconf 80' lang='lat' dir='ltr'>ex</span> <span class='ocrx_word' id='word_1_307' title='bbox 445 2306 649 2341; x_wconf 71' lang='lat' dir='ltr'>Sacrosansta</span> <span class='ocrx_word' id='word_1_308' title='bbox 671 2302 794 2337; x_wconf 77' lang='lat' dir='ltr'>Christi</span> <span class='ocrx_word' id='word_1_309' title='bbox 808 2303 947 2336; x_wconf 89' lang='lat' dir='ltr'>Domini</span> <span class='ocrx_word' id='word_1_310' title='bbox 970 2304 1114 2338; x_wconf 85' lang='lat' dir='ltr'>substan-</span> 
     </span>
     <span class='ocr_line' id='line_1_47' title="bbox 233 2353 1119 2396; baseline -0.006 -4"><span class='ocrx_word' id='word_1_311' title='bbox 233 2357 298 2392; x_wconf 87' lang='lat' dir='ltr'>tia.</span> <span class='ocrx_word' id='word_1_312' title='bbox 325 2356 474 2392; x_wconf 68' lang='lat' dir='ltr'>Proinde</span> <span class='ocrx_word' id='word_1_313' title='bbox 490 2355 569 2389; x_wconf 84' lang='lat' dir='ltr'>siab</span> <span class='ocrx_word' id='word_1_314' title='bbox 584 2356 652 2389; x_wconf 90' lang='lat' dir='ltr'>alio</span> <span class='ocrx_word' id='word_1_315' title='bbox 675 2353 798 2388; x_wconf 85' lang='lat' dir='ltr'>Christi</span> <span class='ocrx_word' id='word_1_316' title='bbox 819 2364 957 2396; x_wconf 87' lang='lat' dir='ltr'>corpus,</span> <span class='ocrx_word' id='word_1_317' title='bbox 984 2353 1024 2387; x_wconf 90' lang='lat' dir='ltr'>ab</span> <span class='ocrx_word' id='word_1_318' title='bbox 1045 2355 1119 2390; x_wconf 65' lang='lat' dir='ltr'>alio,</span> 
     </span>
     <span class='ocr_line' id='line_1_48' title="bbox 233 2403 1111 2449; baseline 0 -9"><span class='ocrx_word' id='word_1_319' title='bbox 233 2406 312 2440; x_wconf 89' lang='lat' dir='ltr'>Deo</span> <span class='ocrx_word' id='word_1_320' title='bbox 322 2408 376 2442; x_wconf 85' lang='lat' dir='ltr'>seu</span> <span class='ocrx_word' id='word_1_321' title='bbox 397 2405 566 2449; x_wconf 84' lang='lat' dir='ltr'>Principio</span> <span class='ocrx_word' id='word_1_322' title='bbox 588 2405 649 2438; x_wconf 84' lang='lat' dir='ltr'>smt</span> <span class='ocrx_word' id='word_1_323' title='bbox 663 2404 756 2448; x_wconf 84' lang='lat' dir='ltr'>panis</span> <span class='ocrx_word' id='word_1_324' title='bbox 777 2404 810 2437; x_wconf 74' lang='grc' dir='ltr'>δε</span> <span class='ocrx_word' id='word_1_325' title='bbox 823 2403 954 2441; x_wconf 90' lang='lat' dir='ltr'>vinum,</span> <span class='ocrx_word' id='word_1_326' title='bbox 983 2404 1111 2440; x_wconf 75' lang='lat' dir='ltr'>Eucha-</span> 
     </span>
     <span class='ocr_line' id='line_1_49' title="bbox 233 2454 1107 2499; baseline -0.005 -8"><span class='ocrx_word' id='word_1_327' title='bbox 233 2457 291 2491; x_wconf 80' lang='lat' dir='ltr'>flia</span> <span class='ocrx_word' id='word_1_328' title='bbox 302 2457 347 2491; x_wconf 89' lang='lat' dir='ltr'>est</span> <span class='ocrx_word' id='word_1_329' title='bbox 359 2455 577 2491; x_wconf 83' lang='lat' dir='ltr'>monstrosum</span> <span class='ocrx_word' id='word_1_330' title='bbox 598 2464 809 2499; x_wconf 84' lang='lat' dir='ltr'>aggregatum</span> <span class='ocrx_word' id='word_1_331' title='bbox 830 2465 871 2487; x_wconf 85' lang='lat' dir='ltr'>ex</span> <span class='ocrx_word' id='word_1_332' title='bbox 887 2454 973 2488; x_wconf 91' lang='lat' dir='ltr'>bono</span> <span class='ocrx_word' id='word_1_333' title='bbox 997 2455 1032 2488; x_wconf 88' lang='lat'>&amp;</span> <span class='ocrx_word' id='word_1_334' title='bbox 1044 2466 1107 2490; x_wconf 88' lang='lat' dir='ltr'>ma·</span> 
     </span>
     <span class='ocr_line' id='line_1_50' title="bbox 233 2504 1108 2547; baseline -0.001 -6"><span class='ocrx_word' id='word_1_335' title='bbox 233 2507 290 2547; x_wconf 92' lang='lat' dir='ltr'>lo,</span> <span class='ocrx_word' id='word_1_336' title='bbox 316 2517 357 2541; x_wconf 85' lang='lat' dir='ltr'>ex</span> <span class='ocrx_word' id='word_1_337' title='bbox 378 2506 472 2541; x_wconf 88' lang='lat' dir='ltr'>rebus</span> <span class='ocrx_word' id='word_1_338' title='bbox 496 2506 732 2540; x_wconf 79' lang='lat' dir='ltr'>contrariorum</span> <span class='ocrx_word' id='word_1_339' title='bbox 745 2505 893 2538; x_wconf 87' lang='lat' dir='ltr'>Deorum</span> <span class='ocrx_word' id='word_1_340' title='bbox 919 2505 972 2537; x_wconf 87' lang='lat' dir='ltr'>seu</span> <span class='ocrx_word' id='word_1_341' title='bbox 986 2504 1108 2540; x_wconf 88' lang='lat' dir='ltr'>Princi-</span> 
     </span>
     <span class='ocr_line' id='line_1_51' title="bbox 232 2553 1108 2600; baseline -0.003 -10"><span class='ocrx_word' id='word_1_342' title='bbox 232 2559 386 2600; x_wconf 86' lang='lat' dir='ltr'>piorum.</span> <span class='ocrx_word' id='word_1_343' title='bbox 419 2556 515 2590; x_wconf 88' lang='lat' dir='ltr'>Hinc</span> <span class='ocrx_word' id='word_1_344' title='bbox 543 2554 679 2588; x_wconf 84' lang='lat' dir='ltr'>lrenaeus</span> <span class='ocrx_word' id='word_1_345' title='bbox 707 2553 811 2597; x_wconf 83' lang='lat' dir='ltr'>pergit</span> <span class='ocrx_word' id='word_1_346' title='bbox 837 2566 844 2586; x_wconf 92' lang='lat'>:</span> <span class='ocrx_word' id='word_1_347' title='bbox 874 2553 984 2593; x_wconf 82' lang='lat' dir='ltr'>Nostra</span> <span class='ocrx_word' id='word_1_348' title='bbox 1008 2563 1108 2589; x_wconf 85' lang='lat' dir='ltr'>autem</span> 
     </span>
     <span class='ocr_line' id='line_1_52' title="bbox 232 2602 1108 2649; baseline -0.003 -9"><span class='ocrx_word' id='word_1_349' title='bbox 232 2606 391 2649; x_wconf 64' lang='lat' dir='ltr'>conformis</span> <span class='ocrx_word' id='word_1_350' title='bbox 414 2605 453 2646; x_wconf 78' lang='lat' dir='ltr'>est</span> <span class='ocrx_word' id='word_1_351' title='bbox 465 2604 619 2648; x_wconf 71' lang='lat' dir='ltr'>sentenna</span> <span class='ocrx_word' id='word_1_352' title='bbox 632 2602 827 2643; x_wconf 67' lang='lat' dir='ltr'>Eucharistiae</span> <span class='ocrx_word' id='word_1_353' title='bbox 839 2627 849 2643; x_wconf 93' lang='lat'>,</span> <span class='ocrx_word' id='word_1_354' title='bbox 875 2605 909 2637; x_wconf 71' lang='lat'><em>&amp;</em></span> <span class='ocrx_word' id='word_1_355' title='bbox 921 2603 1108 2643; x_wconf 79' lang='lat' dir='ltr'>Eucharistia</span> 
     </span>
     <span class='ocr_line' id='line_1_53' title="bbox 229 2653 1106 2699; baseline 0 -10"><span class='ocrx_word' id='word_1_356' title='bbox 229 2658 335 2690; x_wconf 63' lang='lat' dir='ltr'>rur-sits</span> <span class='ocrx_word' id='word_1_357' title='bbox 356 2653 696 2699; x_wconf 78' lang='lat' dir='ltr'>confirmatsententiam</span> <span class='ocrx_word' id='word_1_358' title='bbox 721 2653 866 2692; x_wconf 74' lang='lat' dir='ltr'>nostram.</span> <span class='ocrx_word' id='word_1_359' title='bbox 892 2653 966 2688; x_wconf 86' lang='lat' dir='ltr'>Nos</span> <span class='ocrx_word' id='word_1_360' title='bbox 987 2656 1106 2689; x_wconf 87' lang='lat' dir='ltr'>etenim</span> 
     </span>
     <span class='ocr_line' id='line_1_54' title="bbox 228 2702 1106 2748; baseline -0.007 -7"><span class='ocrx_word' id='word_1_361' title='bbox 228 2706 488 2741; x_wconf 87' lang='lat' dir='ltr'>&amp;Dominicam</span> <span class='ocrx_word' id='word_1_362' title='bbox 512 2712 588 2739; x_wconf 85' lang='lat' dir='ltr'>cum</span> <span class='ocrx_word' id='word_1_363' title='bbox 610 2702 766 2748; x_wconf 88' lang='lat' dir='ltr'>sanguine</span> <span class='ocrx_word' id='word_1_364' title='bbox 789 2713 918 2736; x_wconf 88' lang='lat' dir='ltr'>carnem</span> <span class='ocrx_word' id='word_1_365' title='bbox 939 2729 950 2744; x_wconf 94' lang='lat'>,</span> <span class='ocrx_word' id='word_1_366' title='bbox 977 2705 1013 2738; x_wconf 87' lang='lat'>&amp;</span> <span class='ocrx_word' id='word_1_367' title='bbox 1031 2715 1106 2738; x_wconf 88' lang='lat' dir='ltr'>cum</span> 
     </span>
     <span class='ocr_line' id='line_1_55' title="bbox 229 2751 1105 2800; baseline 0 -12"><span class='ocrx_word' id='word_1_368' title='bbox 229 2758 308 2791; x_wconf 90' lang='lat' dir='ltr'>vino</span> <span class='ocrx_word' id='word_1_369' title='bbox 323 2767 439 2800; x_wconf 86' lang='lat' dir='ltr'>panem</span> <span class='ocrx_word' id='word_1_370' title='bbox 467 2753 678 2789; x_wconf 88' lang='lat' dir='ltr'>adscribimus</span> <span class='ocrx_word' id='word_1_371' title='bbox 697 2751 1004 2796; x_wconf 18' lang='lat' dir='ltr'>eidemrprincipm,</span> <span class='ocrx_word' id='word_1_372' title='bbox 1030 2757 1105 2789; x_wconf 82' lang='lat' dir='ltr'>affe-</span> 
     </span>
     <span class='ocr_line' id='line_1_56' title="bbox 233 2803 1105 2845; baseline -0.002 -5"><span class='ocrx_word' id='word_1_373' title='bbox 233 2808 332 2842; x_wconf 87' lang='lat' dir='ltr'>rimus</span> <span class='ocrx_word' id='word_1_374' title='bbox 351 2805 464 2840; x_wconf 84' lang='lat' dir='ltr'>omnia</span> <span class='ocrx_word' id='word_1_375' title='bbox 486 2805 548 2839; x_wconf 80' lang='lat' dir='ltr'>esse</span> <span class='ocrx_word' id='word_1_376' title='bbox 569 2805 677 2843; x_wconf 89' lang='lat' dir='ltr'>bona,</span> <span class='ocrx_word' id='word_1_377' title='bbox 702 2803 847 2845; x_wconf 84' lang='lat' dir='ltr'>adeoque</span> <span class='ocrx_word' id='word_1_378' title='bbox 869 2803 995 2837; x_wconf 87' lang='lat' dir='ltr'>nullam</span> <span class='ocrx_word' id='word_1_379' title='bbox 1017 2803 1105 2838; x_wconf 86' lang='lat' dir='ltr'>fabu-</span> 
     </span>
     <span class='ocr_line' id='line_1_57' title="bbox 231 2851 1103 2891; baseline -0.007 0"><span class='ocrx_word' id='word_1_380' title='bbox 231 2857 336 2891; x_wconf 85' lang='lat' dir='ltr'>lamur</span> <span class='ocrx_word' id='word_1_381' title='bbox 348 2855 561 2891; x_wconf 86' lang='lat' dir='ltr'>monstrosam</span> <span class='ocrx_word' id='word_1_382' title='bbox 583 2854 759 2888; x_wconf 84' lang='lat' dir='ltr'>mixturam</span> <span class='ocrx_word' id='word_1_383' title='bbox 781 2851 860 2886; x_wconf 87' lang='lat' dir='ltr'>boni</span> <span class='ocrx_word' id='word_1_384' title='bbox 882 2853 1024 2888; x_wconf 86' lang='lat' dir='ltr'>&amp;mali.</span> <span class='ocrx_word' id='word_1_385' title='bbox 1054 2854 1103 2889; x_wconf 85' lang='lat' dir='ltr'>Ex</span> 
     </span>
     <span class='ocr_line' id='line_1_58' title="bbox 230 2902 1103 2950; baseline -0.002 -10"><span class='ocrx_word' id='word_1_386' title='bbox 230 2907 346 2940; x_wconf 83' lang='lat' dir='ltr'>codem</span> <span class='ocrx_word' id='word_1_387' title='bbox 368 2906 531 2950; x_wconf 86' lang='lat' dir='ltr'>principio</span> <span class='ocrx_word' id='word_1_388' title='bbox 542 2904 655 2950; x_wconf 86' lang='lat' dir='ltr'>probat</span> <span class='ocrx_word' id='word_1_389' title='bbox 678 2914 817 2945; x_wconf 82' lang='lat' dir='ltr'>corpora</span> <span class='ocrx_word' id='word_1_390' title='bbox 838 2902 943 2936; x_wconf 86' lang='lat' dir='ltr'>nostra</span> <span class='ocrx_word' id='word_1_391' title='bbox 960 2914 1027 2938; x_wconf 89' lang='lat' dir='ltr'>non</span> <span class='ocrx_word' id='word_1_392' title='bbox 1041 2907 1103 2940; x_wconf 78' lang='lat' dir='ltr'>esse</span> 
     </span>
     <span class='ocr_line' id='line_1_59' title="bbox 232 2952 1100 2998; baseline 0 -9"><span class='ocrx_word' id='word_1_393' title='bbox 232 2957 420 2990; x_wconf 82' lang='lat' dir='ltr'>naturaliter</span> <span class='ocrx_word' id='word_1_394' title='bbox 430 2956 514 2990; x_wconf 86' lang='lat' dir='ltr'>mala</span> <span class='ocrx_word' id='word_1_395' title='bbox 530 2979 543 2996; x_wconf 78' lang='lat'>‚</span> <span class='ocrx_word' id='word_1_396' title='bbox 562 2954 675 2998; x_wconf 79' lang='lat' dir='ltr'>probat</span> <span class='ocrx_word' id='word_1_397' title='bbox 688 2954 748 2987; x_wconf 74' lang='lat' dir='ltr'>esse</span> <span class='ocrx_word' id='word_1_398' title='bbox 761 2952 823 2986; x_wconf 87' lang='lat' dir='ltr'>Dei</span> <span class='ocrx_word' id='word_1_399' title='bbox 838 2952 916 2987; x_wconf 91' lang='lat' dir='ltr'>boni</span> <span class='ocrx_word' id='word_1_400' title='bbox 929 2965 1032 2996; x_wconf 85' lang='lat' dir='ltr'>opus,</span> <span class='ocrx_word' id='word_1_401' title='bbox 1059 2966 1100 2990; x_wconf 89' lang='lat' dir='ltr'>re-</span> 
     </span>
    </p>
   </div>
   <div class='ocr_carea' id='block_1_14' title="bbox 231 3003 1126 3049">
    <p class='ocr_par' dir='ltr' id='par_1_15' title="bbox 231 3003 1126 3049">
     <span class='ocr_line' id='line_1_60' title="bbox 231 3003 1126 3049; baseline 0.002 -11"><span class='ocrx_word' id='word_1_402' title='bbox 231 3004 386 3049; x_wconf 84' lang='lat' dir='ltr'>parabilia</span> <span class='ocrx_word' id='word_1_403' title='bbox 409 3004 443 3038; x_wconf 89' lang='lat' dir='ltr'>in</span> <span class='ocrx_word' id='word_1_404' title='bbox 466 3005 593 3047; x_wconf 84' lang='lat' dir='ltr'>plenam</span> <span class='ocrx_word' id='word_1_405' title='bbox 618 3005 790 3039; x_wconf 87' lang='lat' dir='ltr'>sanitatem.</span> <span class='ocrx_word' id='word_1_406' title='bbox 809 3026 819 3042; x_wconf 87' lang='lat'><em>,</em></span> <span class='ocrx_word' id='word_1_407' title='bbox 846 3003 1102 3041; x_wconf 83' lang='lat' dir='ltr'>immortalitatis</span> <span class='ocrx_word' id='word_1_408' title='bbox 1122 3012 1126 3014; x_wconf 75' lang='grc'>’</span> 
     </span>
    </p>
   </div>
   <div class='ocr_carea' id='block_1_15' title="bbox 228 3053 1097 3100">
    <p class='ocr_par' dir='ltr' id='par_1_16' title="bbox 228 3053 1097 3100">
     <span class='ocr_line' id='line_1_61' title="bbox 228 3053 1097 3100; baseline 0.001 -11"><span class='ocrx_word' id='word_1_409' title='bbox 228 3055 375 3100; x_wconf 84' lang='lat' dir='ltr'>capacia,</span> <span class='ocrx_word' id='word_1_410' title='bbox 407 3054 546 3095; x_wconf 85' lang='lat' dir='ltr'>ideoque</span> <span class='ocrx_word' id='word_1_411' title='bbox 559 3065 626 3088; x_wconf 92' lang='lat' dir='ltr'>non</span> <span class='ocrx_word' id='word_1_412' title='bbox 640 3053 800 3097; x_wconf 87' lang='lat' dir='ltr'>perdenda</span> <span class='ocrx_word' id='word_1_413' title='bbox 811 3053 847 3086; x_wconf 86' lang='lat' dir='ltr'>in</span> <span class='ocrx_word' id='word_1_414' title='bbox 858 3062 1010 3088; x_wconf 84' lang='lat' dir='ltr'>aetetnum</span> <span class='ocrx_word' id='word_1_415' title='bbox 1024 3078 1035 3094; x_wconf 89' lang='lat'><strong>,</strong></span> <span class='ocrx_word' id='word_1_416' title='bbox 1045 3057 1097 3092; x_wconf 89' lang='lat' dir='ltr'>sed</span> 
     </span>
    </p>
   </div>
   <div class='ocr_carea' id='block_1_16' title="bbox 223 3103 1155 3195">
    <p class='ocr_par' dir='ltr' id='par_1_17' title="bbox 223 3103 1155 3195">
     <span class='ocr_line' id='line_1_62' title="bbox 226 3103 1124 3149; baseline 0.003 -10"><span class='ocrx_word' id='word_1_417' title='bbox 226 3106 262 3139; x_wconf 90' lang='lat' dir='ltr'>in</span> <span class='ocrx_word' id='word_1_418' title='bbox 289 3104 462 3138; x_wconf 85' lang='lat' dir='ltr'>noviffimo</span> <span class='ocrx_word' id='word_1_419' title='bbox 483 3103 537 3137; x_wconf 90' lang='lat' dir='ltr'>die</span> <span class='ocrx_word' id='word_1_420' title='bbox 546 3104 686 3138; x_wconf 86' lang='lat' dir='ltr'>omnino</span> <span class='ocrx_word' id='word_1_421' title='bbox 707 3103 919 3137; x_wconf 87' lang='lat' dir='ltr'>resuscitanda</span> <span class='ocrx_word' id='word_1_422' title='bbox 939 3104 972 3137; x_wconf 89' lang='lat' dir='ltr'>in</span> <span class='ocrx_word' id='word_1_423' title='bbox 982 3106 1099 3149; x_wconf 88' lang='lat' dir='ltr'>glorio·</span> <span class='ocrx_word' id='word_1_424' title='bbox 1121 3117 1124 3120; x_wconf 62' lang='lat'><strong>⁴</strong></span> 
     </span>
     <span class='ocr_line' id='line_1_63' title="bbox 223 3152 1155 3195; baseline 0 -6"><span class='ocrx_word' id='word_1_425' title='bbox 223 3156 292 3189; x_wconf 82' lang='lat' dir='ltr'>sam</span> <span class='ocrx_word' id='word_1_426' title='bbox 304 3153 600 3189; x_wconf 54' lang='lat' dir='ltr'>Resurreffiouemv</span> <span class='ocrx_word' id='word_1_427' title='bbox 625 3152 824 3187; x_wconf 77' lang='lat' dir='ltr'>Etenimilla</span> <span class='ocrx_word' id='word_1_428' title='bbox 839 3164 907 3187; x_wconf 90' lang='lat' dir='ltr'>non</span> <span class='ocrx_word' id='word_1_429' title='bbox 934 3154 1001 3187; x_wconf 90' lang='lat' dir='ltr'>solo</span> <span class='ocrx_word' id='word_1_430' title='bbox 1012 3167 1099 3191; x_wconf 84' lang='lat' dir='ltr'>com·</span> <span class='ocrx_word' id='word_1_431' title='bbox 1154 3192 1155 3195; x_wconf 11' lang='grc' dir='ltr'><strong>Ἴ</strong></span> 
     </span>
    </p>
   </div>
   <div class='ocr_carea' id='block_1_17' title="bbox 223 3202 1097 3450">
    <p class='ocr_par' dir='ltr' id='par_1_18' title="bbox 223 3202 1097 3450">
     <span class='ocr_line' id='line_1_64' title="bbox 225 3202 1097 3251; baseline 0 -12"><span class='ocrx_word' id='word_1_432' title='bbox 225 3206 341 3246; x_wconf 87' lang='lat' dir='ltr'>muni,</span> <span class='ocrx_word' id='word_1_433' title='bbox 368 3202 419 3238; x_wconf 81' lang='lat' dir='ltr'>sed</span> <span class='ocrx_word' id='word_1_434' title='bbox 430 3202 527 3238; x_wconf 88' lang='lat' dir='ltr'>etiam</span> <span class='ocrx_word' id='word_1_435' title='bbox 540 3204 573 3236; x_wconf 92' lang='lat' dir='ltr'>in</span> <span class='ocrx_word' id='word_1_436' title='bbox 588 3202 825 3237; x_wconf 80' lang='lat' dir='ltr'>Eucharistiam</span> <span class='ocrx_word' id='word_1_437' title='bbox 844 3205 1032 3239; x_wconf 85' lang='lat' dir='ltr'>consecrato</span> <span class='ocrx_word' id='word_1_438' title='bbox 1046 3218 1097 3251; x_wconf 86' lang='lat' dir='ltr'>pa-</span> 
     </span>
     <span class='ocr_line' id='line_1_65' title="bbox 224 3251 1095 3294; baseline 0.001 -5"><span class='ocrx_word' id='word_1_439' title='bbox 224 3267 267 3291; x_wconf 78' lang='lat' dir='ltr'>ne</span> <span class='ocrx_word' id='word_1_440' title='bbox 293 3255 439 3294; x_wconf 88' lang='lat' dir='ltr'>&amp;vino,</span> <span class='ocrx_word' id='word_1_441' title='bbox 465 3253 497 3287; x_wconf 89' lang='lat' dir='ltr'>id</span> <span class='ocrx_word' id='word_1_442' title='bbox 509 3253 577 3293; x_wconf 89' lang='lat' dir='ltr'>est,</span> <span class='ocrx_word' id='word_1_443' title='bbox 602 3252 776 3286; x_wconf 78' lang='lat' dir='ltr'>immortali</span> <span class='ocrx_word' id='word_1_444' title='bbox 800 3251 922 3286; x_wconf 85' lang='lat' dir='ltr'>Christi</span> <span class='ocrx_word' id='word_1_445' title='bbox 942 3266 1039 3290; x_wconf 85' lang='lat' dir='ltr'>carne</span> <span class='ocrx_word' id='word_1_446' title='bbox 1063 3259 1095 3292; x_wconf 80' lang='grc' dir='ltr'>δι</span> 
     </span>
     <span class='ocr_line' id='line_1_66' title="bbox 228 3301 1095 3350; baseline 0 -11"><span class='ocrx_word' id='word_1_447' title='bbox 228 3306 386 3350; x_wconf 78' lang='lat' dir='ltr'>sanguine</span> <span class='ocrx_word' id='word_1_448' title='bbox 414 3305 587 3347; x_wconf 84' lang='lat' dir='ltr'>pascuntur</span> <span class='ocrx_word' id='word_1_449' title='bbox 597 3301 908 3346; x_wconf 85' lang='lat' dir='ltr'>atquenutriuntur,</span> <span class='ocrx_word' id='word_1_450' title='bbox 937 3304 970 3338; x_wconf 75' lang='grc' dir='ltr'>ἀ</span> <span class='ocrx_word' id='word_1_451' title='bbox 983 3305 1027 3339; x_wconf 74' lang='lat' dir='ltr'>ita</span> <span class='ocrx_word' id='word_1_452' title='bbox 1040 3307 1095 3342; x_wconf 88' lang='lat' dir='ltr'>im·</span> 
     </span>
     <span class='ocr_line' id='line_1_67' title="bbox 225 3351 1093 3404; baseline -0.001 -14"><span class='ocrx_word' id='word_1_453' title='bbox 225 3354 432 3390; x_wconf 90' lang='lat' dir='ltr'>mortalitatis</span> <span class='ocrx_word' id='word_1_454' title='bbox 444 3364 511 3387; x_wconf 89' lang='lat' dir='ltr'>non</span> <span class='ocrx_word' id='word_1_455' title='bbox 535 3353 665 3397; x_wconf 77' lang='lat' dir='ltr'>possunt</span> <span class='ocrx_word' id='word_1_456' title='bbox 676 3363 742 3386; x_wconf 88' lang='lat' dir='ltr'>non</span> <span class='ocrx_word' id='word_1_457' title='bbox 765 3351 827 3385; x_wconf 76' lang='lat' dir='ltr'>effe</span> <span class='ocrx_word' id='word_1_458' title='bbox 837 3355 981 3394; x_wconf 80' lang='lat' dir='ltr'>capacia.</span> <span class='ocrx_word' id='word_1_459' title='bbox 1013 3356 1093 3404; x_wconf 73' lang='lat' dir='ltr'>Qtae</span> 
     </span>
     <span class='ocr_line' id='line_1_68' title="bbox 223 3401 1092 3450; baseline 0.001 -9"><span class='ocrx_word' id='word_1_460' title='bbox 223 3405 336 3441; x_wconf 88' lang='lat' dir='ltr'>omnia</span> <span class='ocrx_word' id='word_1_461' title='bbox 348 3412 539 3450; x_wconf 87' lang='lat' dir='ltr'>argumenta</span> <span class='ocrx_word' id='word_1_462' title='bbox 551 3427 562 3444; x_wconf 89' lang='lat'>‚</span> <span class='ocrx_word' id='word_1_463' title='bbox 588 3403 609 3436; x_wconf 83' lang='lat' dir='ltr'>fi</span> <span class='ocrx_word' id='word_1_464' title='bbox 623 3413 690 3437; x_wconf 90' lang='lat' dir='ltr'>non</span> <span class='ocrx_word' id='word_1_465' title='bbox 704 3401 740 3436; x_wconf 82' lang='lat' dir='ltr'>sit</span> <span class='ocrx_word' id='word_1_466' title='bbox 752 3401 955 3438; x_wconf 72' lang='lat' dir='ltr'>Eucharistiae</span> <span class='ocrx_word' id='word_1_467' title='bbox 969 3408 1092 3450; x_wconf 76' lang='lat' dir='ltr'>veritas,</span> 
     </span>
    </p>
   </div>
   <div class='ocr_carea' id='block_1_18' title="bbox 1202 150 2087 495">
    <p class='ocr_par' dir='ltr' id='par_1_19' title="bbox 1202 150 2087 495">
     <span class='ocr_line' id='line_1_69' title="bbox 1930 150 2026 198; baseline 0.01 -1"><span class='ocrx_word' id='word_1_468' title='bbox 1930 151 1948 183; x_wconf 85' lang='lat'>1</span> <span class='ocrx_word' id='word_1_469' title='bbox 1961 150 2026 198; x_wconf 93' lang='lat'>77</span> 
     </span>
     <span class='ocr_line' id='line_1_70' title="bbox 1213 209 2086 257; baseline 0.015 -15"><span class='ocrx_word' id='word_1_470' title='bbox 1213 209 1287 242; x_wconf 89' lang='lat' dir='ltr'>sunt</span> <span class='ocrx_word' id='word_1_471' title='bbox 1302 210 1419 244; x_wconf 83' lang='lat' dir='ltr'>frivola</span> <span class='ocrx_word' id='word_1_472' title='bbox 1439 219 1536 254; x_wconf 89' lang='lat' dir='ltr'>atque</span> <span class='ocrx_word' id='word_1_473' title='bbox 1558 214 1698 257; x_wconf 87' lang='lat' dir='ltr'>nugacia</span> <span class='ocrx_word' id='word_1_474' title='bbox 1714 238 1727 246; x_wconf 68' lang='lat'><em>.</em></span> <span class='ocrx_word' id='word_1_475' title='bbox 1747 214 1782 250; x_wconf 88' lang='lat' dir='ltr'>Si</span> <span class='ocrx_word' id='word_1_476' title='bbox 1802 214 2006 254; x_wconf 82' lang='lat' dir='ltr'>Eucharistia</span> <span class='ocrx_word' id='word_1_477' title='bbox 2019 230 2086 255; x_wconf 80' lang='lat' dir='ltr'>rea-</span> 
     </span>
     <span class='ocr_line' id='line_1_71' title="bbox 1211 260 2087 312; baseline 0.015 -20"><span class='ocrx_word' id='word_1_478' title='bbox 1211 260 1273 293; x_wconf 87' lang='lat' dir='ltr'>lem</span> <span class='ocrx_word' id='word_1_479' title='bbox 1288 260 1432 294; x_wconf 80' lang='lat' dir='ltr'>Domini</span> <span class='ocrx_word' id='word_1_480' title='bbox 1442 261 1873 309; x_wconf 54' lang='lat' dir='ltr'>praesentiam.north-&#39;theat,k</span> <span class='ocrx_word' id='word_1_481' title='bbox 1891 268 1959 312; x_wconf 81' lang='lat' dir='ltr'>ejus</span> <span class='ocrx_word' id='word_1_482' title='bbox 1972 270 2062 312; x_wconf 84' lang='lat' dir='ltr'>panis</span> <span class='ocrx_word' id='word_1_483' title='bbox 2073 294 2087 312; x_wconf 84' lang='lat'>‚</span> 
     </span>
     <span class='ocr_line' id='line_1_72' title="bbox 1207 308 2082 360; baseline 0.013 -18"><span class='ocrx_word' id='word_1_484' title='bbox 1207 308 1281 343; x_wconf 73' lang='lat' dir='ltr'>licet</span> <span class='ocrx_word' id='word_1_485' title='bbox 1303 308 1644 347; x_wconf 74' lang='lat' dir='ltr'>abconsecrationern</span> <span class='ocrx_word' id='word_1_486' title='bbox 1660 311 1719 346; x_wconf 69' lang='lat' dir='ltr'>fi‘at.</span> <span class='ocrx_word' id='word_1_487' title='bbox 1734 319 1901 351; x_wconf 86' lang='lat' dir='ltr'>communi</span> <span class='ocrx_word' id='word_1_488' title='bbox 1920 319 2082 360; x_wconf 62' lang='lat' dir='ltr'>sanctior,</span> 
     </span>
     <span class='ocr_line' id='line_1_73' title="bbox 1202 354 2084 404; baseline 0.015 -13"><span class='ocrx_word' id='word_1_489' title='bbox 1202 354 1371 403; x_wconf 62' lang='lat' dir='ltr'>substantia.</span> <span class='ocrx_word' id='word_1_490' title='bbox 1388 371 1497 396; x_wconf 83' lang='lat' dir='ltr'>tamen</span> <span class='ocrx_word' id='word_1_491' title='bbox 1523 361 1714 398; x_wconf 80' lang='lat' dir='ltr'>communis</span> <span class='ocrx_word' id='word_1_492' title='bbox 1734 373 1843 399; x_wconf 85' lang='lat' dir='ltr'>manet</span> <span class='ocrx_word' id='word_1_493' title='bbox 1856 379 1869 399; x_wconf 73' lang='grc' dir='ltr'>ε.</span> <span class='ocrx_word' id='word_1_494' title='bbox 1891 367 2010 404; x_wconf 86' lang='lat' dir='ltr'>Manet</span> <span class='ocrx_word' id='word_1_495' title='bbox 2032 380 2084 404; x_wconf 78' lang='lat' dir='ltr'>res</span> 
     </span>
     <span class='ocr_line' id='line_1_74' title="bbox 1206 410 2083 456; baseline 0.013 -13"><span class='ocrx_word' id='word_1_496' title='bbox 1206 420 1332 444; x_wconf 84' lang='lat' dir='ltr'>terrena</span> <span class='ocrx_word' id='word_1_497' title='bbox 1352 435 1369 453; x_wconf 60' lang='lat'>‚</span> <span class='ocrx_word' id='word_1_498' title='bbox 1389 422 1450 447; x_wconf 88' lang='lat' dir='ltr'>nec</span> <span class='ocrx_word' id='word_1_499' title='bbox 1473 412 1606 456; x_wconf 70' lang='lat' dir='ltr'>proficit,</span> <span class='ocrx_word' id='word_1_500' title='bbox 1621 413 1657 447; x_wconf 90' lang='lat' dir='ltr'>in</span> <span class='ocrx_word' id='word_1_501' title='bbox 1678 410 1817 448; x_wconf 83' lang='lat' dir='ltr'>mixtam</span> <span class='ocrx_word' id='word_1_502' title='bbox 1838 425 1884 450; x_wconf 65' lang='lat' dir='ltr'>ex,</span> <span class='ocrx_word' id='word_1_503' title='bbox 1902 426 2026 454; x_wconf 80' lang='lat' dir='ltr'>terrena</span> <span class='ocrx_word' id='word_1_504' title='bbox 2048 419 2083 454; x_wconf 74' lang='grc' dir='ltr'>δε</span> 
     </span>
     <span class='ocr_line' id='line_1_75' title="bbox 1205 460 1350 495; baseline -0.007 0"><span class='ocrx_word' id='word_1_505' title='bbox 1205 460 1350 495; x_wconf 84' lang='lat' dir='ltr'>coelesti..</span> 
     </span>
    </p>
   </div>
   <div class='ocr_carea' id='block_1_19' title="bbox 1152 214 1204 2530">
    <p class='ocr_par' dir='ltr' id='par_1_20' title="bbox 1152 214 1204 2530">
     <span class='ocr_line' id='line_1_76' title="bbox 1191 214 1204 429; baseline 0 -100"><span class='ocrx_word' id='word_1_506' title='bbox 1191 214 1204 429; x_wconf 95' lang='lat' dir='ltr'>  </span> 
     </span>
     <span class='ocr_line' id='line_1_77' title="bbox 1175 429 1198 1076; baseline 0 -45"><span class='ocrx_word' id='word_1_507' title='bbox 1175 429 1198 1076; x_wconf 95' lang='lat' dir='ltr'>   </span> 
     </span>
     <span class='ocr_line' id='line_1_78' title="bbox 1176 1076 1188 1532; baseline 0 0"><span class='ocrx_word' id='word_1_508' title='bbox 1176 1076 1188 1532; x_wconf 95' lang='lat' dir='ltr'>  </span> 
     </span>
     <span class='ocr_line' id='line_1_79' title="bbox 1169 1532 1186 1831; baseline 0 -199"><span class='ocrx_word' id='word_1_509' title='bbox 1169 1532 1186 1831; x_wconf 95' lang='lat' dir='ltr'>   </span> 
     </span>
     <span class='ocr_line' id='line_1_80' title="bbox 1152 1831 1177 2432; baseline 0 -155"><span class='ocrx_word' id='word_1_510' title='bbox 1152 1831 1177 2432; x_wconf 95' lang='lat' dir='ltr'>   </span> 
     </span>
     <span class='ocr_line' id='line_1_81' title="bbox 1152 2432 1168 2530; baseline 0 -3"><span class='ocrx_word' id='word_1_511' title='bbox 1152 2432 1168 2530; x_wconf 95' lang='lat' dir='ltr'>  </span> 
     </span>
    </p>
   </div>
   <div class='ocr_carea' id='block_1_20' title="bbox 1224 569 2069 584">
    <p class='ocr_par' dir='ltr' id='par_1_21' title="bbox 1224 569 2069 584">
     <span class='ocr_line' id='line_1_82' title="bbox 1224 569 2069 584; baseline 0 3172"><span class='ocrx_word' id='word_1_512' title='bbox 1224 569 2069 584; x_wconf 95' lang='lat' dir='ltr'> </span> 
     </span>
    </p>
   </div>
   <div class='ocr_carea' id='block_1_21' title="bbox 1327 634 1959 705">
    <p class='ocr_par' dir='ltr' id='par_1_22' title="bbox 1327 634 1959 705">
     <span class='ocr_line' id='line_1_83' title="bbox 1327 634 1959 705; baseline 0.011 -24"><span class='ocrx_word' id='word_1_513' title='bbox 1327 634 1487 683; x_wconf 65' lang='lat' dir='ltr'>Sanft&#39;us</span> <span class='ocrx_word' id='word_1_514' title='bbox 1510 641 1722 702; x_wconf 71' lang='lat' dir='ltr'>Jusrmus</span> <span class='ocrx_word' id='word_1_515' title='bbox 1754 644 1925 705; x_wconf 79' lang='lat' dir='ltr'>Martyr</span> <span class='ocrx_word' id='word_1_516' title='bbox 1939 675 1959 689; x_wconf 87' lang='lat'>..</span> 
     </span>
    </p>
   </div>
   <div class='ocr_carea' id='block_1_22' title="bbox 1162 753 2082 3101">
    <p class='ocr_par' dir='ltr' id='par_1_23' title="bbox 1162 753 2082 3101">
     <span class='ocr_line' id='line_1_84' title="bbox 1262 753 2081 807; baseline 0.013 -21"><span class='ocrx_word' id='word_1_517' title='bbox 1262 753 1386 790; x_wconf 59' lang='lat' dir='ltr'>Antius</span> <span class='ocrx_word' id='word_1_518' title='bbox 1396 756 1525 801; x_wconf 85' lang='lat' dir='ltr'>Martyr</span> <span class='ocrx_word' id='word_1_519' title='bbox 1536 759 1680 802; x_wconf 85' lang='lat' dir='ltr'>Jussinus</span> <span class='ocrx_word' id='word_1_520' title='bbox 1700 758 1734 792; x_wconf 89' lang='lat' dir='ltr'>in</span> <span class='ocrx_word' id='word_1_521' title='bbox 1747 758 1884 804; x_wconf 85' lang='lat' dir='ltr'>dialogo</span> <span class='ocrx_word' id='word_1_522' title='bbox 1905 772 1982 796; x_wconf 88' lang='lat' dir='ltr'>cum</span> <span class='ocrx_word' id='word_1_523' title='bbox 1994 762 2081 807; x_wconf 87' lang='lat' dir='ltr'>Try·</span> 
     </span>
     <span class='ocr_line' id='line_1_85' title="bbox 1287 804 2082 857; baseline 0.014 -20"><span class='ocrx_word' id='word_1_524' title='bbox 1287 804 1398 848; x_wconf 87' lang='lat' dir='ltr'>phone</span> <span class='ocrx_word' id='word_1_525' title='bbox 1421 806 1530 851; x_wconf 81' lang='lat' dir='ltr'>Judaeo</span> <span class='ocrx_word' id='word_1_526' title='bbox 1545 809 1744 847; x_wconf 87' lang='lat' dir='ltr'>demonstrat</span> <span class='ocrx_word' id='word_1_527' title='bbox 1771 808 2007 848; x_wconf 81' lang='lat' dir='ltr'>Eucharistiam</span> <span class='ocrx_word' id='word_1_528' title='bbox 2024 824 2082 857; x_wconf 83' lang='lat' dir='ltr'>per</span> 
     </span>
     <span class='ocr_line' id='line_1_86' title="bbox 1200 854 2081 907; baseline 0.012 -21"><span class='ocrx_word' id='word_1_529' title='bbox 1200 854 1300 887; x_wconf 74' lang='lat' dir='ltr'>vari-s</span> <span class='ocrx_word' id='word_1_530' title='bbox 1322 857 1464 901; x_wconf 85' lang='lat' dir='ltr'>antiquae</span> <span class='ocrx_word' id='word_1_531' title='bbox 1475 859 1558 904; x_wconf 84' lang='lat' dir='ltr'>legis</span> <span class='ocrx_word' id='word_1_532' title='bbox 1570 860 1694 905; x_wconf 82' lang='lat' dir='ltr'>figuras.</span> <span class='ocrx_word' id='word_1_533' title='bbox 1706 860 1799 899; x_wconf 77' lang='lat' dir='ltr'>fuisse</span> <span class='ocrx_word' id='word_1_534' title='bbox 1811 858 1958 896; x_wconf 82' lang='lat' dir='ltr'>humano</span> <span class='ocrx_word' id='word_1_535' title='bbox 1968 863 2081 907; x_wconf 82' lang='lat' dir='ltr'>generi</span> 
     </span>
     <span class='ocr_line' id='line_1_87' title="bbox 1199 907 2079 956; baseline 0.014 -21"><span class='ocrx_word' id='word_1_536' title='bbox 1199 907 1447 946; x_wconf 83' lang='lat' dir='ltr'>praenunciatam</span> <span class='ocrx_word' id='word_1_537' title='bbox 1470 919 1568 954; x_wconf 87' lang='lat' dir='ltr'>atque</span> <span class='ocrx_word' id='word_1_538' title='bbox 1581 911 1766 954; x_wconf 74' lang='lat' dir='ltr'>promissam</span> <span class='ocrx_word' id='word_1_539' title='bbox 1778 935 1796 951; x_wconf 71' lang='lat'>‚,</span> <span class='ocrx_word' id='word_1_540' title='bbox 1818 911 1996 947; x_wconf 87' lang='lat' dir='ltr'>solemnem</span> <span class='ocrx_word' id='word_1_541' title='bbox 2008 911 2079 956; x_wconf 80' lang='lat' dir='ltr'>ejus</span> 
     </span>
     <span class='ocr_line' id='line_1_88' title="bbox 1198 955 2077 1006; baseline 0.013 -20"><span class='ocrx_word' id='word_1_542' title='bbox 1198 955 1412 989; x_wconf 81' lang='lat' dir='ltr'>conficiendae</span> <span class='ocrx_word' id='word_1_543' title='bbox 1436 969 1473 992; x_wconf 87' lang='lat' dir='ltr'>ac</span> <span class='ocrx_word' id='word_1_544' title='bbox 1498 960 1727 997; x_wconf 77' lang='lat' dir='ltr'>distribuendae</span> <span class='ocrx_word' id='word_1_545' title='bbox 1751 961 1858 997; x_wconf 78' lang='lat' dir='ltr'>ritum.</span> <span class='ocrx_word' id='word_1_546' title='bbox 1877 962 2015 1006; x_wconf 86' lang='lat' dir='ltr'>exponit</span> <span class='ocrx_word' id='word_1_547' title='bbox 2041 964 2077 997; x_wconf 89' lang='lat' dir='ltr'>in</span> 
     </span>
     <span class='ocr_line' id='line_1_89' title="bbox 1198 1004 2076 1057; baseline 0.014 -22"><span class='ocrx_word' id='word_1_548' title='bbox 1198 1004 1337 1038; x_wconf 86' lang='lat' dir='ltr'>secunda</span> <span class='ocrx_word' id='word_1_549' title='bbox 1350 1006 1504 1053; x_wconf 85' lang='lat' dir='ltr'>apologia</span> <span class='ocrx_word' id='word_1_550' title='bbox 1517 1032 1527 1048; x_wconf 92' lang='lat'><strong>,</strong></span> <span class='ocrx_word' id='word_1_551' title='bbox 1551 1012 1586 1044; x_wconf 76' lang='grc' dir='ltr'>ὅ(</span> <span class='ocrx_word' id='word_1_552' title='bbox 1607 1010 1649 1045; x_wconf 92' lang='lat' dir='ltr'>de</span> <span class='ocrx_word' id='word_1_553' title='bbox 1660 1011 1729 1054; x_wconf 79' lang='lat' dir='ltr'>ejus</span> <span class='ocrx_word' id='word_1_554' title='bbox 1750 1012 1883 1046; x_wconf 86' lang='lat' dir='ltr'>veritate</span> <span class='ocrx_word' id='word_1_555' title='bbox 1903 1012 2076 1057; x_wconf 85' lang='lat' dir='ltr'>adjungit:</span> 
     </span>
     <span class='ocr_line' id='line_1_90' title="bbox 1198 1055 2077 1103; baseline 0.013 -18"><span class='ocrx_word' id='word_1_556' title='bbox 1198 1055 1375 1087; x_wconf 80' lang='lat' dir='ltr'>Alimentum</span> <span class='ocrx_word' id='word_1_557' title='bbox 1396 1055 1448 1090; x_wconf 83' lang='lat' dir='ltr'>boc</span> <span class='ocrx_word' id='word_1_558' title='bbox 1459 1082 1469 1099; x_wconf 89' lang='lat'>,</span> <span class='ocrx_word' id='word_1_559' title='bbox 1496 1062 1575 1101; x_wconf 84' lang='lat' dir='ltr'>quod</span> <span class='ocrx_word' id='word_1_560' title='bbox 1584 1063 1670 1102; x_wconf 82' lang='lat' dir='ltr'>apud.</span> <span class='ocrx_word' id='word_1_561' title='bbox 1688 1073 1740 1094; x_wconf 88' lang='lat' dir='ltr'>nos</span> <span class='ocrx_word' id='word_1_562' title='bbox 1753 1062 1921 1103; x_wconf 74' lang='lat' dir='ltr'>appellatur</span> <span class='ocrx_word' id='word_1_563' title='bbox 1931 1062 2077 1096; x_wconf 65' lang='lat' dir='ltr'>Euchari-</span> 
     </span>
     <span class='ocr_line' id='line_1_91' title="bbox 1189 1102 2075 1155; baseline 0.012 -20"><span class='ocrx_word' id='word_1_564' title='bbox 1189 1102 1248 1142; x_wconf 81' lang='lat' dir='ltr'>stia</span> <span class='ocrx_word' id='word_1_565' title='bbox 1263 1128 1274 1143; x_wconf 90' lang='lat'>,</span> <span class='ocrx_word' id='word_1_566' title='bbox 1301 1106 1375 1138; x_wconf 74' lang='lat' dir='ltr'>nulli</span> <span class='ocrx_word' id='word_1_567' title='bbox 1394 1107 1449 1138; x_wconf 75' lang='lat' dir='ltr'>alii</span> <span class='ocrx_word' id='word_1_568' title='bbox 1467 1114 1652 1151; x_wconf 73' lang='lat' dir='ltr'>participare</span> <span class='ocrx_word' id='word_1_569' title='bbox 1677 1112 1796 1144; x_wconf 65' lang='lat' dir='ltr'>limum</span> <span class='ocrx_word' id='word_1_570' title='bbox 1811 1111 1850 1152; x_wconf 83' lang='lat' dir='ltr'>est</span> <span class='ocrx_word' id='word_1_571' title='bbox 1863 1137 1876 1152; x_wconf 88' lang='lat'>,</span> <span class='ocrx_word' id='word_1_572' title='bbox 1901 1124 1992 1155; x_wconf 86' lang='lat' dir='ltr'>quam</span> <span class='ocrx_word' id='word_1_573' title='bbox 2011 1124 2075 1146; x_wconf 86' lang='lat' dir='ltr'>cre-</span> 
     </span>
     <span class='ocr_line' id='line_1_92' title="bbox 1196 1155 2074 1202; baseline 0.014 -17"><span class='ocrx_word' id='word_1_574' title='bbox 1196 1155 1279 1187; x_wconf 82' lang='lat' dir='ltr'>denti</span> <span class='ocrx_word' id='word_1_575' title='bbox 1299 1166 1411 1188; x_wconf 83' lang='lat' dir='ltr'>veram.</span> <span class='ocrx_word' id='word_1_576' title='bbox 1430 1158 1481 1200; x_wconf 84' lang='lat' dir='ltr'>esse</span> <span class='ocrx_word' id='word_1_577' title='bbox 1507 1159 1681 1195; x_wconf 67' lang='lat' dir='ltr'>doc‘l&#39;ri‘nam</span> <span class='ocrx_word' id='word_1_578' title='bbox 1700 1161 1834 1201; x_wconf 78' lang='lat' dir='ltr'>nostram.</span> <span class='ocrx_word' id='word_1_579' title='bbox 1848 1186 1858 1202; x_wconf 84' lang='lat'>‚</span> <span class='ocrx_word' id='word_1_580' title='bbox 1895 1164 1928 1196; x_wconf 61' lang='grc' dir='ltr'>Θ</span> <span class='ocrx_word' id='word_1_581' title='bbox 1953 1166 2074 1197; x_wconf 82' lang='lat' dir='ltr'>lavacro</span> 
     </span>
     <span class='ocr_line' id='line_1_93' title="bbox 1192 1207 2075 1255; baseline 0.014 -20"><span class='ocrx_word' id='word_1_582' title='bbox 1192 1212 1311 1245; x_wconf 83' lang='lat' dir='ltr'>propter</span> <span class='ocrx_word' id='word_1_583' title='bbox 1336 1207 1518 1245; x_wconf 75' lang='lat' dir='ltr'>remffionem</span> <span class='ocrx_word' id='word_1_584' title='bbox 1541 1218 1726 1250; x_wconf 84' lang='lat' dir='ltr'>peccatorum</span> <span class='ocrx_word' id='word_1_585' title='bbox 1765 1213 1800 1244; x_wconf 61' lang='lat'>(⁹⁹</span> <span class='ocrx_word' id='word_1_586' title='bbox 1824 1219 2075 1255; x_wconf 73' lang='lat' dir='ltr'>regenerationem</span> 
     </span>
     <span class='ocr_line' id='line_1_94' title="bbox 1189 1254 2073 1299; baseline 0.012 -13"><span class='ocrx_word' id='word_1_587' title='bbox 1189 1254 1313 1293; x_wconf 73' lang='lat' dir='ltr'>¹abluto,</span> <span class='ocrx_word' id='word_1_588' title='bbox 1340 1257 1374 1289; x_wconf 59' lang='grc' dir='ltr'>Θ</span> <span class='ocrx_word' id='word_1_589' title='bbox 1396 1262 1441 1289; x_wconf 84' lang='lat' dir='ltr'>ita</span> <span class='ocrx_word' id='word_1_590' title='bbox 1460 1267 1494 1290; x_wconf 84' lang='lat' dir='ltr'>ut</span> <span class='ocrx_word' id='word_1_591' title='bbox 1515 1259 1651 1299; x_wconf 82' lang='lat' dir='ltr'>Christus</span> <span class='ocrx_word' id='word_1_592' title='bbox 1673 1260 1804 1294; x_wconf 79' lang='lat' dir='ltr'>tradidit</span> <span class='ocrx_word' id='word_1_593' title='bbox 1825 1267 1947 1296; x_wconf 73' lang='lat' dir='ltr'>viventi</span> <span class='ocrx_word' id='word_1_594' title='bbox 1964 1288 1972 1296; x_wconf 90' lang='lat'><strong>.</strong></span> <span class='ocrx_word' id='word_1_595' title='bbox 1999 1267 2073 1296; x_wconf 81' lang='lat' dir='ltr'>Non</span> 
     </span>
     <span class='ocr_line' id='line_1_95' title="bbox 1193 1310 2078 1355; baseline 0.016 -20"><span class='ocrx_word' id='word_1_596' title='bbox 1193 1310 1272 1336; x_wconf 83' lang='lat' dir='ltr'>enim</span> <span class='ocrx_word' id='word_1_597' title='bbox 1293 1314 1329 1337; x_wconf 81' lang='lat' dir='ltr'>ut</span> <span class='ocrx_word' id='word_1_598' title='bbox 1344 1317 1519 1342; x_wconf 84' lang='lat' dir='ltr'>communem</span> <span class='ocrx_word' id='word_1_599' title='bbox 1545 1319 1690 1352; x_wconf 59' lang='lat' dir='ltr'>panemv,</span> <span class='ocrx_word' id='word_1_600' title='bbox 1715 1321 2010 1354; x_wconf 83' lang='lat' dir='ltr'>neque-communem</span> <span class='ocrx_word' id='word_1_601' title='bbox 2023 1321 2078 1355; x_wconf 82' lang='lat' dir='ltr'>po·</span> 
     </span>
     <span class='ocr_line' id='line_1_96' title="bbox 1187 1349 2074 1405; baseline 0.015 -21"><span class='ocrx_word' id='word_1_602' title='bbox 1187 1349 1256 1385; x_wconf 62' lang='lat' dir='ltr'>&#39;tum</span> <span class='ocrx_word' id='word_1_603' title='bbox 1278 1379 1288 1393; x_wconf 94' lang='lat'>,</span> <span class='ocrx_word' id='word_1_604' title='bbox 1315 1355 1369 1396; x_wconf 75' lang='lat' dir='ltr'>ista</span> <span class='ocrx_word' id='word_1_605' title='bbox 1391 1355 1534 1399; x_wconf 78' lang='lat' dir='ltr'>sumimus</span> <span class='ocrx_word' id='word_1_606' title='bbox 1555 1385 1566 1401; x_wconf 93' lang='lat'>‚</span> <span class='ocrx_word' id='word_1_607' title='bbox 1587 1359 1645 1402; x_wconf 85' lang='lat' dir='ltr'>sed</span> <span class='ocrx_word' id='word_1_608' title='bbox 1665 1363 1918 1403; x_wconf 77' lang='lat' dir='ltr'>quemadmodum.</span> <span class='ocrx_word' id='word_1_609' title='bbox 1931 1371 1986 1405; x_wconf 86' lang='lat' dir='ltr'>per</span> <span class='ocrx_word' id='word_1_610' title='bbox 2007 1375 2074 1396; x_wconf 84' lang='lat' dir='ltr'>ver-</span> 
     </span>
     <span class='ocr_line' id='line_1_97' title="bbox 1194 1404 2077 1453; baseline 0.014 -18"><span class='ocrx_word' id='word_1_611' title='bbox 1194 1404 1271 1436; x_wconf 86' lang='lat' dir='ltr'>bum</span> <span class='ocrx_word' id='word_1_612' title='bbox 1283 1408 1339 1438; x_wconf 83' lang='lat' dir='ltr'>Dei</span> <span class='ocrx_word' id='word_1_613' title='bbox 1349 1417 1416 1439; x_wconf 88' lang='lat' dir='ltr'>caro</span> <span class='ocrx_word' id='word_1_614' title='bbox 1420 1407 1527 1448; x_wconf 71' lang='lat' dir='ltr'>fac‘lus</span> <span class='ocrx_word' id='word_1_615' title='bbox 1551 1410 1688 1453; x_wconf 84' lang='lat' dir='ltr'><strong>JESUS</strong></span> <span class='ocrx_word' id='word_1_616' title='bbox 1709 1411 1844 1452; x_wconf 69' lang='lat' dir='ltr'>christus</span> <span class='ocrx_word' id='word_1_617' title='bbox 1862 1415 2005 1447; x_wconf 72' lang='lat' dir='ltr'>Servator</span> <span class='ocrx_word' id='word_1_618' title='bbox 2025 1426 2077 1447; x_wconf 87' lang='lat' dir='ltr'>no-</span> 
     </span>
     <span class='ocr_line' id='line_1_98' title="bbox 1190 1454 2074 1507; baseline 0.011 -21"><span class='ocrx_word' id='word_1_619' title='bbox 1190 1454 1264 1494; x_wconf 82' lang='lat' dir='ltr'>ller,</span> <span class='ocrx_word' id='word_1_620' title='bbox 1291 1457 1325 1489; x_wconf 68' lang='lat'>&lt;9⁹</span> <span class='ocrx_word' id='word_1_621' title='bbox 1349 1467 1468 1490; x_wconf 82' lang='lat' dir='ltr'>carnem</span> <span class='ocrx_word' id='word_1_622' title='bbox 1495 1460 1529 1493; x_wconf 66' lang='lat'>(5</span> <span class='ocrx_word' id='word_1_623' title='bbox 1543 1458 1725 1504; x_wconf 79' lang='lat' dir='ltr'>sangut&#39;nem-</span> <span class='ocrx_word' id='word_1_624' title='bbox 1733 1460 1848 1504; x_wconf 79' lang='lat' dir='ltr'>salutt‘s.</span> <span class='ocrx_word' id='word_1_625' title='bbox 1863 1463 1967 1504; x_wconf 78' lang='lat' dir='ltr'>noflrae</span> <span class='ocrx_word' id='word_1_626' title='bbox 1989 1462 2074 1507; x_wconf 82' lang='lat' dir='ltr'>causa</span> 
     </span>
     <span class='ocr_line' id='line_1_99' title="bbox 1192 1503 2074 1556; baseline 0.014 -21"><span class='ocrx_word' id='word_1_627' title='bbox 1192 1503 1296 1537; x_wconf 82' lang='lat' dir='ltr'>habuit</span> <span class='ocrx_word' id='word_1_628' title='bbox 1320 1529 1330 1545; x_wconf 89' lang='lat'>‚</span> <span class='ocrx_word' id='word_1_629' title='bbox 1356 1508 1401 1538; x_wconf 87' lang='lat' dir='ltr'>ad</span> <span class='ocrx_word' id='word_1_630' title='bbox 1422 1510 1555 1542; x_wconf 85' lang='lat' dir='ltr'>eumdem</span> <span class='ocrx_word' id='word_1_631' title='bbox 1577 1512 1695 1544; x_wconf 80' lang='lat' dir='ltr'>modum</span> <span class='ocrx_word' id='word_1_632' title='bbox 1716 1517 1808 1544; x_wconf 81' lang='lat' dir='ltr'>etiam</span> <span class='ocrx_word' id='word_1_633' title='bbox 1833 1523 1901 1546; x_wconf 84' lang='lat' dir='ltr'>eam</span> <span class='ocrx_word' id='word_1_634' title='bbox 1923 1537 1934 1554; x_wconf 90' lang='lat'>‚</span> <span class='ocrx_word' id='word_1_635' title='bbox 1960 1519 1992 1547; x_wconf 87' lang='lat' dir='ltr'>in</span> <span class='ocrx_word' id='word_1_636' title='bbox 2014 1526 2074 1556; x_wconf 83' lang='lat' dir='ltr'>qua</span> 
     </span>
     <span class='ocr_line' id='line_1_100' title="bbox 1187 1557 2075 1607; baseline 0.012 -21"><span class='ocrx_word' id='word_1_637' title='bbox 1187 1562 1243 1595; x_wconf 81' lang='lat' dir='ltr'>per</span> <span class='ocrx_word' id='word_1_638' title='bbox 1260 1563 1367 1596; x_wconf 16' lang='lat' dir='ltr'>preces*</span> <span class='ocrx_word' id='word_1_639' title='bbox 1387 1557 1478 1590; x_wconf 23' lang='lat' dir='ltr'>verbi*</span> <span class='ocrx_word' id='word_1_640' title='bbox 1496 1561 1562 1600; x_wconf 56' lang='grc' dir='ltr'><em>εἰη-τ</em></span> <span class='ocrx_word' id='word_1_641' title='bbox 1586 1560 1626 1594; x_wconf 79' lang='lat' dir='ltr'>ab</span> <span class='ocrx_word' id='word_1_642' title='bbox 1648 1559 1716 1603; x_wconf 76' lang='lat' dir='ltr'>ipso,</span> <span class='ocrx_word' id='word_1_643' title='bbox 1726 1560 1855 1603; x_wconf 73' lang='lat' dir='ltr'>profec‘li</span> <span class='ocrx_word' id='word_1_644' title='bbox 1870 1569 1982 1607; x_wconf 73' lang='lat' dir='ltr'>grattae</span> <span class='ocrx_word' id='word_1_645' title='bbox 2000 1563 2075 1607; x_wconf 82' lang='lat' dir='ltr'>sunt</span> 
     </span>
     <span class='ocr_line' id='line_1_101' title="bbox 1191 1603 2075 1656; baseline 0.014 -20"><span class='ocrx_word' id='word_1_646' title='bbox 1191 1603 1267 1637; x_wconf 65' lang='lat' dir='ltr'>1³⁶¹?ae</span> <span class='ocrx_word' id='word_1_647' title='bbox 1280 1629 1290 1645; x_wconf 90' lang='lat'>,</span> <span class='ocrx_word' id='word_1_648' title='bbox 1317 1605 1494 1641; x_wconf 71' lang='lat' dir='ltr'>alimoniam.</span> <span class='ocrx_word' id='word_1_649' title='bbox 1504 1633 1515 1649; x_wconf 91' lang='lat'>,</span> <span class='ocrx_word' id='word_1_650' title='bbox 1542 1611 1627 1643; x_wconf 65' lang='lat' dir='ltr'>unde</span> <span class='ocrx_word' id='word_1_651' title='bbox 1636 1609 1764 1654; x_wconf 75' lang='lat' dir='ltr'>[anguls.</span> <span class='ocrx_word' id='word_1_652' title='bbox 1779 1613 1814 1646; x_wconf 67' lang='grc'>6*</span> <span class='ocrx_word' id='word_1_653' title='bbox 1826 1624 1901 1646; x_wconf 81' lang='lat' dir='ltr'>caro·</span> <span class='ocrx_word' id='word_1_654' title='bbox 1915 1613 2012 1654; x_wconf 84' lang='lat' dir='ltr'>nostra</span> <span class='ocrx_word' id='word_1_655' title='bbox 2019 1622 2075 1656; x_wconf 79' lang='lat' dir='ltr'>per</span> 
     </span>
     <span class='ocr_line' id='line_1_102' title="bbox 1189 1657 2075 1704; baseline 0.016 -20"><span class='ocrx_word' id='word_1_656' title='bbox 1189 1660 1382 1691; x_wconf 76' lang='lat' dir='ltr'>mutationem</span> <span class='ocrx_word' id='word_1_657' title='bbox 1392 1657 1517 1691; x_wconf 81' lang='lat' dir='ltr'>aluntur</span> <span class='ocrx_word' id='word_1_658' title='bbox 1525 1683 1535 1698; x_wconf 89' lang='lat'>‚</span> <span class='ocrx_word' id='word_1_659' title='bbox 1563 1664 1723 1695; x_wconf 72' lang='lat' dir='ltr'>Incarnatt</span> <span class='ocrx_word' id='word_1_660' title='bbox 1738 1662 1819 1695; x_wconf 73' lang='lat' dir='ltr'>illius</span> <span class='ocrx_word' id='word_1_661' title='bbox 1830 1662 1942 1704; x_wconf 84' lang='lat' dir='ltr'><strong>JESU</strong></span> <span class='ocrx_word' id='word_1_662' title='bbox 1952 1676 2075 1698; x_wconf 81' lang='lat' dir='ltr'>carnem</span> 
     </span>
     <span class='ocr_line' id='line_1_103' title="bbox 1189 1702 2074 1754; baseline 0.011 -18"><span class='ocrx_word' id='word_1_663' title='bbox 1189 1702 1428 1748; x_wconf 10' lang='lat' dir='ltr'>&amp; s21nguinemz</span> <span class='ocrx_word' id='word_1_664' title='bbox 1448 1707 1503 1750; x_wconf 78' lang='lat' dir='ltr'>effe</span> <span class='ocrx_word' id='word_1_665' title='bbox 1523 1708 1606 1741; x_wconf 58' lang='lat' dir='ltr'>doae-</span> <span class='ocrx_word' id='word_1_666' title='bbox 1619 1708 1725 1753; x_wconf 83' lang='lat' dir='ltr'>sumus</span> <span class='ocrx_word' id='word_1_667' title='bbox 1748 1735 1763 1745; x_wconf 77' lang='grc'>.,</span> <span class='ocrx_word' id='word_1_668' title='bbox 1784 1715 1880 1745; x_wconf 67' lang='grc' dir='ltr'><em>Νανη,</em></span> <span class='ocrx_word' id='word_1_669' title='bbox 1898 1713 2020 1754; x_wconf 78' lang='lat' dir='ltr'>Apostoli</span> <span class='ocrx_word' id='word_1_670' title='bbox 2040 1720 2074 1746; x_wconf 78' lang='lat' dir='ltr'>in</span> 
     </span>
     <span class='ocr_line' id='line_1_104' title="bbox 1182 1750 2077 1804; baseline 0.015 -21"><span class='ocrx_word' id='word_1_671' title='bbox 1182 1750 1309 1796; x_wconf 68' lang='lat' dir='ltr'>scriptis·</span> <span class='ocrx_word' id='word_1_672' title='bbox 1325 1757 1345 1787; x_wconf 74' lang='grc' dir='ltr'><em>ἃ</em></span> <span class='ocrx_word' id='word_1_673' title='bbox 1361 1753 1395 1798; x_wconf 88' lang='lat' dir='ltr'>se</span> <span class='ocrx_word' id='word_1_674' title='bbox 1417 1765 1656 1797; x_wconf 63' lang='lat' dir='ltr'>commentariis,</span> <span class='ocrx_word' id='word_1_675' title='bbox 1681 1771 1748 1802; x_wconf 81' lang='lat' dir='ltr'>quae</span> <span class='ocrx_word' id='word_1_676' title='bbox 1768 1763 1945 1804; x_wconf 72' lang='lat' dir='ltr'>Evangelta</span> <span class='ocrx_word' id='word_1_677' title='bbox 1968 1775 2077 1796; x_wconf 84' lang='lat' dir='ltr'>vocan-</span> 
     </span>
     <span class='ocr_line' id='line_1_105' title="bbox 1187 1807 2074 1855; baseline 0.014 -20"><span class='ocrx_word' id='word_1_678' title='bbox 1187 1811 1259 1845; x_wconf 84' lang='lat' dir='ltr'>tur,</span> <span class='ocrx_word' id='word_1_679' title='bbox 1284 1807 1330 1837; x_wconf 71' lang='grc' dir='ltr'>ὶιᾶ</span> <span class='ocrx_word' id='word_1_680' title='bbox 1342 1807 1770 1853; x_wconf 68' lang='lat' dir='ltr'>tradiderunepraecepiffifibl</span> <span class='ocrx_word' id='word_1_681' title='bbox 1788 1812 1963 1855; x_wconf 80' lang='lat' dir='ltr'><strong>JESUM.</strong></span> <span class='ocrx_word' id='word_1_682' title='bbox 1991 1817 2074 1847; x_wconf 83' lang='lat' dir='ltr'>Eum</span> 
     </span>
     <span class='ocr_line' id='line_1_106' title="bbox 1186 1858 2072 1907; baseline 0.012 -21"><span class='ocrx_word' id='word_1_683' title='bbox 1186 1858 1265 1886; x_wconf 76' lang='lat' dir='ltr'>enim</span> <span class='ocrx_word' id='word_1_684' title='bbox 1281 1862 1364 1896; x_wconf 84' lang='lat' dir='ltr'>pane</span> <span class='ocrx_word' id='word_1_685' title='bbox 1386 1866 1509 1901; x_wconf 83' lang='lat' dir='ltr'>accepto</span> <span class='ocrx_word' id='word_1_686' title='bbox 1527 1883 1539 1899; x_wconf 91' lang='lat'>,</span> <span class='ocrx_word' id='word_1_687' title='bbox 1565 1870 1629 1893; x_wconf 86' lang='lat' dir='ltr'>cum</span> <span class='ocrx_word' id='word_1_688' title='bbox 1647 1867 1769 1903; x_wconf 66' lang='lat' dir='ltr'>gratias,</span> <span class='ocrx_word' id='word_1_689' title='bbox 1791 1862 1886 1905; x_wconf 75' lang='lat' dir='ltr'>egiffet</span> <span class='ocrx_word' id='word_1_690' title='bbox 1908 1888 1921 1904; x_wconf 92' lang='lat'>‚</span> <span class='ocrx_word' id='word_1_691' title='bbox 1947 1865 2072 1907; x_wconf 75' lang='lat' dir='ltr'>dixisse:</span> 
     </span>
     <span class='ocr_line' id='line_1_107' title="bbox 1188 1904 2076 1954; baseline 0.012 -18"><span class='ocrx_word' id='word_1_692' title='bbox 1188 1907 1246 1936; x_wconf 88' lang='lat' dir='ltr'>Hoc</span> <span class='ocrx_word' id='word_1_693' title='bbox 1259 1904 1358 1947; x_wconf 79' lang='lat' dir='ltr'>facite</span> <span class='ocrx_word' id='word_1_694' title='bbox 1381 1912 1414 1940; x_wconf 81' lang='lat' dir='ltr'>in</span> <span class='ocrx_word' id='word_1_695' title='bbox 1425 1920 1530 1944; x_wconf 82' lang='lat' dir='ltr'>meam,</span> <span class='ocrx_word' id='word_1_696' title='bbox 1547 1917 1868 1946; x_wconf 83' lang='lat' dir='ltr'>commemorationem.</span> <span class='ocrx_word' id='word_1_697' title='bbox 1898 1917 1958 1947; x_wconf 83' lang='lat' dir='ltr'>Hoc</span> <span class='ocrx_word' id='word_1_698' title='bbox 1967 1915 2006 1954; x_wconf 80' lang='lat' dir='ltr'>est</span> <span class='ocrx_word' id='word_1_699' title='bbox 2015 1926 2076 1947; x_wconf 84' lang='lat' dir='ltr'>cor-</span> 
     </span>
     <span class='ocr_line' id='line_1_108' title="bbox 1180 1959 2071 2008; baseline 0.011 -22"><span class='ocrx_word' id='word_1_700' title='bbox 1180 1962 1240 1995; x_wconf 85' lang='lat' dir='ltr'>pus</span> <span class='ocrx_word' id='word_1_701' title='bbox 1265 1966 1377 1988; x_wconf 88' lang='lat' dir='ltr'>meum.</span> <span class='ocrx_word' id='word_1_702' title='bbox 1405 1961 1450 1992; x_wconf 82' lang='lat' dir='ltr'>Et</span> <span class='ocrx_word' id='word_1_703' title='bbox 1472 1960 1574 2001; x_wconf 85' lang='lat' dir='ltr'>poculo</span> <span class='ocrx_word' id='word_1_704' title='bbox 1583 1959 1720 2002; x_wconf 76' lang='lat' dir='ltr'>fimiliter</span> <span class='ocrx_word' id='word_1_705' title='bbox 1740 1970 1877 2005; x_wconf 83' lang='lat' dir='ltr'>accepto,</span> <span class='ocrx_word' id='word_1_706' title='bbox 1904 1965 1940 1998; x_wconf 69' lang='lat'>(⁰5</span> <span class='ocrx_word' id='word_1_707' title='bbox 1957 1970 2071 2008; x_wconf 75' lang='lat' dir='ltr'>gratiis</span> 
     </span>
     <span class='ocr_line' id='line_1_109' title="bbox 1182 2004 2070 2057; baseline 0.016 -22"><span class='ocrx_word' id='word_1_708' title='bbox 1182 2004 1257 2037; x_wconf 67' lang='lat' dir='ltr'>allis</span> <span class='ocrx_word' id='word_1_709' title='bbox 1283 2006 1412 2049; x_wconf 79' lang='lat' dir='ltr'>dixisse.-</span> <span class='ocrx_word' id='word_1_710' title='bbox 1439 2015 1498 2046; x_wconf 74' lang='lat' dir='ltr'>Hic</span> <span class='ocrx_word' id='word_1_711' title='bbox 1520 2009 1558 2051; x_wconf 85' lang='lat' dir='ltr'>est</span> <span class='ocrx_word' id='word_1_712' title='bbox 1565 2009 1691 2055; x_wconf 81' lang='lat' dir='ltr'>sanguis</span> <span class='ocrx_word' id='word_1_713' title='bbox 1716 2023 1818 2045; x_wconf 86' lang='lat' dir='ltr'>meus.</span> <span class='ocrx_word' id='word_1_714' title='bbox 1845 2018 1885 2046; x_wconf 82' lang='lat' dir='ltr'>Ac</span> <span class='ocrx_word' id='word_1_715' title='bbox 1887 2012 1944 2055; x_wconf 76' lang='lat' dir='ltr'>fib}</span> <span class='ocrx_word' id='word_1_716' title='bbox 1947 2014 2021 2057; x_wconf 84' lang='lat' dir='ltr'>solis</span> <span class='ocrx_word' id='word_1_717' title='bbox 2033 2028 2070 2048; x_wconf 70' lang='lat' dir='ltr'>ea</span> 
     </span>
     <span class='ocr_line' id='line_1_110' title="bbox 1181 2056 2070 2099; baseline 0.016 -14"><span class='ocrx_word' id='word_1_718' title='bbox 1181 2056 1354 2098; x_wconf 67' lang='lat' dir='ltr'>tradidffe.</span> <span class='ocrx_word' id='word_1_719' title='bbox 1385 2059 1575 2094; x_wconf 84' lang='lat' dir='ltr'>Dominicae</span> <span class='ocrx_word' id='word_1_720' title='bbox 1586 2062 1827 2098; x_wconf 78' lang='lat' dir='ltr'>incarnationis</span> <span class='ocrx_word' id='word_1_721' title='bbox 1848 2064 1882 2098; x_wconf 91' lang='lat'>&amp;</span> <span class='ocrx_word' id='word_1_722' title='bbox 1896 2065 2070 2099; x_wconf 89' lang='lat' dir='ltr'>sacro-san-</span> 
     </span>
     <span class='ocr_line' id='line_1_111' title="bbox 1181 2103 2077 2159; baseline 0.015 -24"><span class='ocrx_word' id='word_1_723' title='bbox 1181 2104 1235 2136; x_wconf 65' lang='lat' dir='ltr'>&amp;ae</span> <span class='ocrx_word' id='word_1_724' title='bbox 1248 2103 1459 2141; x_wconf 81' lang='lat' dir='ltr'>Eucharistiae</span> <span class='ocrx_word' id='word_1_725' title='bbox 1481 2109 1634 2152; x_wconf 82' lang='lat' dir='ltr'>mysteria</span> <span class='ocrx_word' id='word_1_726' title='bbox 1655 2121 1843 2155; x_wconf 85' lang='lat' dir='ltr'>comparat,</span> <span class='ocrx_word' id='word_1_727' title='bbox 1869 2114 1902 2147; x_wconf 79' lang='grc' dir='ltr'>δι</span> <span class='ocrx_word' id='word_1_728' title='bbox 1914 2113 1980 2148; x_wconf 88' lang='lat' dir='ltr'>hoc</span> <span class='ocrx_word' id='word_1_729' title='bbox 1992 2126 2077 2159; x_wconf 64' lang='lat' dir='ltr'>pro-&gt;</span> 
     </span>
     <span class='ocr_line' id='line_1_112' title="bbox 1180 2152 2073 2203; baseline 0.015 -18"><span class='ocrx_word' id='word_1_730' title='bbox 1180 2152 1236 2187; x_wconf 85' lang='lat' dir='ltr'>bat</span> <span class='ocrx_word' id='word_1_731' title='bbox 1255 2155 1377 2189; x_wconf 83' lang='lat' dir='ltr'>existo</span> <span class='ocrx_word' id='word_1_732' title='bbox 1392 2180 1404 2197; x_wconf 86' lang='lat'>,</span> <span class='ocrx_word' id='word_1_733' title='bbox 1429 2167 1528 2201; x_wconf 84' lang='lat' dir='ltr'>atque</span> <span class='ocrx_word' id='word_1_734' title='bbox 1552 2160 1594 2193; x_wconf 92' lang='lat' dir='ltr'>ita</span> <span class='ocrx_word' id='word_1_735' title='bbox 1619 2160 1652 2193; x_wconf 90' lang='lat' dir='ltr'>in</span> <span class='ocrx_word' id='word_1_736' title='bbox 1665 2171 1805 2203; x_wconf 84' lang='lat' dir='ltr'>utroque</span> <span class='ocrx_word' id='word_1_737' title='bbox 1827 2162 1933 2196; x_wconf 80' lang='lat' dir='ltr'>asserit</span> <span class='ocrx_word' id='word_1_738' title='bbox 1955 2174 2073 2202; x_wconf 70' lang='lat' dir='ltr'>veram</span> 
     </span>
     <span class='ocr_line' id='line_1_113' title="bbox 1178 2205 2064 2257; baseline 0.015 -21"><span class='ocrx_word' id='word_1_739' title='bbox 1178 2214 1313 2238; x_wconf 69' lang='lat' dir='ltr'>carnem„</span> <span class='ocrx_word' id='word_1_740' title='bbox 1327 2205 1361 2238; x_wconf 71' lang='grc' dir='ltr'>ὃς</span> <span class='ocrx_word' id='word_1_741' title='bbox 1374 2218 1489 2241; x_wconf 85' lang='lat' dir='ltr'>verum</span> <span class='ocrx_word' id='word_1_742' title='bbox 1498 2208 1696 2253; x_wconf 84' lang='lat' dir='ltr'>sanguinem.</span> <span class='ocrx_word' id='word_1_743' title='bbox 1724 2209 1878 2246; x_wconf 80' lang='lat' dir='ltr'>Affirmat</span> <span class='ocrx_word' id='word_1_744' title='bbox 1887 2223 2064 2257; x_wconf 87' lang='lat' dir='ltr'>utrumque</span> 
     </span>
     <span class='ocr_line' id='line_1_114' title="bbox 1178 2253 2073 2306; baseline 0.018 -21"><span class='ocrx_word' id='word_1_745' title='bbox 1178 2253 1368 2296; x_wconf 85' lang='lat' dir='ltr'>mysterium</span> <span class='ocrx_word' id='word_1_746' title='bbox 1388 2257 1536 2292; x_wconf 86' lang='lat' dir='ltr'>constare</span> <span class='ocrx_word' id='word_1_747' title='bbox 1552 2258 1677 2295; x_wconf 73' lang='lat' dir='ltr'>duabus</span> <span class='ocrx_word' id='word_1_748' title='bbox 1702 2261 1798 2295; x_wconf 85' lang='lat' dir='ltr'>rebus</span> <span class='ocrx_word' id='word_1_749' title='bbox 1817 2274 1825 2293; x_wconf 78' lang='lat' dir='ltr'>z</span> <span class='ocrx_word' id='word_1_750' title='bbox 1852 2262 2000 2298; x_wconf 87' lang='lat' dir='ltr'>Terrena</span> <span class='ocrx_word' id='word_1_751' title='bbox 2027 2266 2073 2306; x_wconf 39' lang='lat' dir='ltr'>&amp;r</span> 
     </span>
     <span class='ocr_line' id='line_1_115' title="bbox 1175 2303 2076 2355; baseline 0.016 -19"><span class='ocrx_word' id='word_1_752' title='bbox 1175 2303 1314 2338; x_wconf 86' lang='lat' dir='ltr'>coelesti.</span> <span class='ocrx_word' id='word_1_753' title='bbox 1342 2305 1431 2347; x_wconf 73' lang='lat' dir='ltr'>Istud</span> <span class='ocrx_word' id='word_1_754' title='bbox 1445 2307 1520 2342; x_wconf 90' lang='lat' dir='ltr'>Deo</span> <span class='ocrx_word' id='word_1_755' title='bbox 1532 2307 1646 2343; x_wconf 84' lang='lat' dir='ltr'>Verbo</span> <span class='ocrx_word' id='word_1_756' title='bbox 1669 2310 1876 2355; x_wconf 77' lang='lat' dir='ltr'>&amp;assumpto</span> <span class='ocrx_word' id='word_1_757' title='bbox 1896 2310 2054 2355; x_wconf 85' lang='lat' dir='ltr'>homine,</span> <span class='ocrx_word' id='word_1_758' title='bbox 2074 2348 2076 2351; x_wconf 81' lang='grc'>,</span> 
     </span>
     <span class='ocr_line' id='line_1_116' title="bbox 1176 2351 2072 2408; baseline 0.018 -22"><span class='ocrx_word' id='word_1_759' title='bbox 1176 2351 1277 2388; x_wconf 86' lang='lat' dir='ltr'>hocce</span> <span class='ocrx_word' id='word_1_760' title='bbox 1291 2366 1372 2399; x_wconf 89' lang='lat' dir='ltr'>pane</span> <span class='ocrx_word' id='word_1_761' title='bbox 1386 2356 1504 2392; x_wconf 80' lang='lat' dir='ltr'>visibili</span> <span class='ocrx_word' id='word_1_762' title='bbox 1526 2359 1748 2394; x_wconf 79' lang='lat' dir='ltr'>&amp;immortali</span> <span class='ocrx_word' id='word_1_763' title='bbox 1761 2359 1884 2396; x_wconf 83' lang='lat' dir='ltr'>Christi</span> <span class='ocrx_word' id='word_1_764' title='bbox 1904 2375 2072 2408; x_wconf 62' lang='lat' dir='ltr'>corpore-i</span> 
     </span>
     <span class='ocr_line' id='line_1_117' title="bbox 1173 2404 2055 2457; baseline 0.016 -20"><span class='ocrx_word' id='word_1_765' title='bbox 1173 2404 1285 2451; x_wconf 85' lang='lat' dir='ltr'>Qam</span> <span class='ocrx_word' id='word_1_766' title='bbox 1323 2407 1444 2441; x_wconf 84' lang='lat' dir='ltr'>avitam</span> <span class='ocrx_word' id='word_1_767' title='bbox 1465 2408 1620 2443; x_wconf 67' lang='lat' dir='ltr'>doctrinm</span> <span class='ocrx_word' id='word_1_768' title='bbox 1640 2410 1678 2446; x_wconf 17' lang='lat' dir='ltr'>&amp;A</span> <span class='ocrx_word' id='word_1_769' title='bbox 1696 2409 1885 2447; x_wconf 84' lang='lat' dir='ltr'>locutionis.</span> <span class='ocrx_word' id='word_1_770' title='bbox 1916 2409 2055 2457; x_wconf 86' lang='lat' dir='ltr'>speciem</span> 
     </span>
     <span class='ocr_line' id='line_1_118' title="bbox 1171 2455 2054 2502; baseline 0.017 -15"><span class='ocrx_word' id='word_1_771' title='bbox 1171 2455 1335 2499; x_wconf 70' lang='lat' dir='ltr'>assumpsit</span> <span class='ocrx_word' id='word_1_772' title='bbox 1362 2457 1398 2490; x_wconf 86' lang='lat' dir='ltr'>in</span> <span class='ocrx_word' id='word_1_773' title='bbox 1422 2456 1507 2492; x_wconf 85' lang='lat' dir='ltr'>libro</span> <span class='ocrx_word' id='word_1_774' title='bbox 1533 2457 1575 2492; x_wconf 85' lang='lat' dir='ltr'>de</span> <span class='ocrx_word' id='word_1_775' title='bbox 1595 2460 1772 2495; x_wconf 89' lang='lat' dir='ltr'>lnitiandis</span> <span class='ocrx_word' id='word_1_776' title='bbox 1798 2461 2054 2502; x_wconf 67' lang='lat' dir='ltr'>Sanctusetiam</span> 
     </span>
     <span class='ocr_line' id='line_1_119' title="bbox 1170 2504 2052 2551; baseline 0.015 -14"><span class='ocrx_word' id='word_1_777' title='bbox 1170 2504 1379 2540; x_wconf 80' lang='lat' dir='ltr'>Ambrofius.</span> <span class='ocrx_word' id='word_1_778' title='bbox 1407 2506 1451 2540; x_wconf 89' lang='lat' dir='ltr'>Et</span> <span class='ocrx_word' id='word_1_779' title='bbox 1482 2508 1598 2543; x_wconf 79' lang='lat' dir='ltr'>similia</span> <span class='ocrx_word' id='word_1_780' title='bbox 1621 2508 1756 2545; x_wconf 85' lang='lat' dir='ltr'>Parrum</span> <span class='ocrx_word' id='word_1_781' title='bbox 1780 2511 1864 2546; x_wconf 75' lang='lat' dir='ltr'>male</span> <span class='ocrx_word' id='word_1_782' title='bbox 1886 2514 2052 2551; x_wconf 67' lang='lat' dir='ltr'>intellecta</span> 
     </span>
     <span class='ocr_line' id='line_1_120' title="bbox 1169 2554 2052 2611; baseline 0.016 -23"><span class='ocrx_word' id='word_1_783' title='bbox 1169 2554 1240 2589; x_wconf 90' lang='lat' dir='ltr'>loca</span> <span class='ocrx_word' id='word_1_784' title='bbox 1265 2556 1427 2599; x_wconf 87' lang='lat' dir='ltr'>Joannem</span> <span class='ocrx_word' id='word_1_785' title='bbox 1448 2557 1657 2594; x_wconf 69' lang='lat' dir='ltr'>parisiensem</span> <span class='ocrx_word' id='word_1_786' title='bbox 1678 2560 1712 2594; x_wconf 72' lang='grc' dir='ltr'>ὃ(</span> <span class='ocrx_word' id='word_1_787' title='bbox 1733 2561 1937 2598; x_wconf 80' lang='lat' dir='ltr'>Walramum</span> <span class='ocrx_word' id='word_1_788' title='bbox 1975 2566 2052 2611; x_wconf 83' lang='lat' dir='ltr'>Epi·</span> 
     </span>
     <span class='ocr_line' id='line_1_121' title="bbox 1168 2606 2049 2657; baseline 0.017 -20"><span class='ocrx_word' id='word_1_789' title='bbox 1168 2606 1300 2648; x_wconf 88' lang='lat' dir='ltr'>scopum</span> <span class='ocrx_word' id='word_1_790' title='bbox 1328 2606 1638 2652; x_wconf 87' lang='lat' dir='ltr'>Naumburgensem</span> <span class='ocrx_word' id='word_1_791' title='bbox 1664 2611 1978 2657; x_wconf 84' lang='lat' dir='ltr'>circumscripserunt</span> <span class='ocrx_word' id='word_1_792' title='bbox 2011 2619 2049 2655; x_wconf 82' lang='lat' dir='ltr'>in</span> 
     </span>
     <span class='ocr_line' id='line_1_122' title="bbox 1167 2657 2047 2705; baseline 0.018 -18"><span class='ocrx_word' id='word_1_793' title='bbox 1167 2666 1305 2689; x_wconf 84' lang='lat' dir='ltr'>errorem</span> <span class='ocrx_word' id='word_1_794' title='bbox 1330 2657 1565 2700; x_wconf 83' lang='lat' dir='ltr'>impanationis</span> <span class='ocrx_word' id='word_1_795' title='bbox 1592 2685 1598 2691; x_wconf 88' lang='lat'><em>.</em></span> <span class='ocrx_word' id='word_1_796' title='bbox 1637 2659 1681 2693; x_wconf 87' lang='lat' dir='ltr'>Et</span> <span class='ocrx_word' id='word_1_797' title='bbox 1706 2660 1839 2704; x_wconf 85' lang='lat' dir='ltr'>quidem</span> <span class='ocrx_word' id='word_1_798' title='bbox 1865 2664 2047 2705; x_wconf 79' lang='lat' dir='ltr'>admodum</span> 
     </span>
     <span class='ocr_line' id='line_1_123' title="bbox 1167 2705 2045 2757; baseline 0.018 -19"><span class='ocrx_word' id='word_1_799' title='bbox 1167 2705 1274 2739; x_wconf 77' lang='lat' dir='ltr'>lucide</span> <span class='ocrx_word' id='word_1_800' title='bbox 1284 2716 1396 2748; x_wconf 82' lang='lat' dir='ltr'>praeter</span> <span class='ocrx_word' id='word_1_801' title='bbox 1419 2707 1467 2741; x_wconf 91' lang='lat' dir='ltr'>sui</span> <span class='ocrx_word' id='word_1_802' title='bbox 1488 2707 1726 2745; x_wconf 83' lang='lat' dir='ltr'>saeculimotem</span> <span class='ocrx_word' id='word_1_803' title='bbox 1744 2710 1891 2757; x_wconf 87' lang='lat' dir='ltr'>loquitur</span> <span class='ocrx_word' id='word_1_804' title='bbox 1911 2715 2045 2754; x_wconf 71' lang='lat' dir='ltr'>Sanstus</span> 
     </span>
     <span class='ocr_line' id='line_1_124' title="bbox 1166 2755 2044 2804; baseline 0.018 -17"><span class='ocrx_word' id='word_1_805' title='bbox 1166 2755 1306 2798; x_wconf 86' lang='lat' dir='ltr'>Justinus</span> <span class='ocrx_word' id='word_1_806' title='bbox 1335 2781 1342 2788; x_wconf 89' lang='lat'><strong>.</strong></span> <span class='ocrx_word' id='word_1_807' title='bbox 1377 2756 1458 2791; x_wconf 88' lang='lat' dir='ltr'>Non</span> <span class='ocrx_word' id='word_1_808' title='bbox 1486 2759 1603 2801; x_wconf 87' lang='lat' dir='ltr'>procul</span> <span class='ocrx_word' id='word_1_809' title='bbox 1626 2759 1714 2795; x_wconf 86' lang='lat' dir='ltr'>abest</span> <span class='ocrx_word' id='word_1_810' title='bbox 1740 2761 1782 2796; x_wconf 82' lang='lat' dir='ltr'>ab</span> <span class='ocrx_word' id='word_1_811' title='bbox 1807 2766 2044 2804; x_wconf 81' lang='lat' dir='ltr'>enunciatione</span> 
     </span>
     <span class='ocr_line' id='line_1_125' title="bbox 1166 2805 2042 2855; baseline 0.018 -17"><span class='ocrx_word' id='word_1_812' title='bbox 1166 2806 1331 2848; x_wconf 85' lang='lat' dir='ltr'>mysterii.</span> <span class='ocrx_word' id='word_1_813' title='bbox 1358 2805 1489 2851; x_wconf 75' lang='lat' dir='ltr'>Nempe</span> <span class='ocrx_word' id='word_1_814' title='bbox 1511 2808 1597 2852; x_wconf 85' lang='lat' dir='ltr'>apud</span> <span class='ocrx_word' id='word_1_815' title='bbox 1608 2809 1796 2855; x_wconf 80' lang='lat' dir='ltr'>Augustum</span> <span class='ocrx_word' id='word_1_816' title='bbox 1809 2814 2042 2855; x_wconf 88' lang='lat' dir='ltr'>Romanorum</span> 
     </span>
     <span class='ocr_line' id='line_1_126' title="bbox 1164 2856 2041 2912; baseline 0.017 -24"><span class='ocrx_word' id='word_1_817' title='bbox 1164 2856 1390 2900; x_wconf 77' lang='lat' dir='ltr'>Imperatorem</span> <span class='ocrx_word' id='word_1_818' title='bbox 1409 2868 1556 2901; x_wconf 87' lang='lat' dir='ltr'>perorat,</span> <span class='ocrx_word' id='word_1_819' title='bbox 1583 2859 1804 2898; x_wconf 84' lang='lat' dir='ltr'>Christianam</span> <span class='ocrx_word' id='word_1_820' title='bbox 1827 2863 2041 2912; x_wconf 78' lang='lat' dir='ltr'>Religionem</span> 
     </span>
     <span class='ocr_line' id='line_1_127' title="bbox 1163 2907 2038 2960; baseline 0.016 -22"><span class='ocrx_word' id='word_1_821' title='bbox 1163 2917 1279 2951; x_wconf 82' lang='lat' dir='ltr'>purgat</span> <span class='ocrx_word' id='word_1_822' title='bbox 1305 2907 1323 2940; x_wconf 71' lang='lat' dir='ltr'>a</span> <span class='ocrx_word' id='word_1_823' title='bbox 1355 2907 1570 2951; x_wconf 79' lang='lat' dir='ltr'>vulgatiffima</span> <span class='ocrx_word' id='word_1_824' title='bbox 1595 2910 1842 2954; x_wconf 82' lang='lat' dir='ltr'>Thyessaearum</span> <span class='ocrx_word' id='word_1_825' title='bbox 1870 2918 2038 2960; x_wconf 85' lang='lat' dir='ltr'>epularum</span> 
     </span>
     <span class='ocr_line' id='line_1_128' title="bbox 1162 2956 2038 3008; baseline 0.014 -18"><span class='ocrx_word' id='word_1_826' title='bbox 1162 2956 1326 2990; x_wconf 85' lang='lat' dir='ltr'>calumnia</span> <span class='ocrx_word' id='word_1_827' title='bbox 1349 2981 1359 2997; x_wconf 90' lang='lat'>,</span> <span class='ocrx_word' id='word_1_828' title='bbox 1386 2956 1527 3001; x_wconf 90' lang='lat' dir='ltr'>ideoque</span> <span class='ocrx_word' id='word_1_829' title='bbox 1548 2970 1685 2996; x_wconf 89' lang='lat' dir='ltr'>omnem</span> <span class='ocrx_word' id='word_1_830' title='bbox 1706 2987 1717 3003; x_wconf 92' lang='lat'>‚</span> <span class='ocrx_word' id='word_1_831' title='bbox 1742 2963 1761 2997; x_wconf 81' lang='grc' dir='ltr'>ὲ</span> <span class='ocrx_word' id='word_1_832' title='bbox 1783 2975 1847 3008; x_wconf 86' lang='lat' dir='ltr'>qua</span> <span class='ocrx_word' id='word_1_833' title='bbox 1869 2967 2038 3002; x_wconf 77' lang='lat' dir='ltr'>calumniae</span> 
     </span>
     <span class='ocr_line' id='line_1_129' title="bbox 1162 3005 2043 3055; baseline 0.017 -17"><span class='ocrx_word' id='word_1_834' title='bbox 1162 3008 1257 3050; x_wconf 87' lang='lat' dir='ltr'>origo</span> <span class='ocrx_word' id='word_1_835' title='bbox 1269 3031 1279 3046; x_wconf 94' lang='lat'>,</span> <span class='ocrx_word' id='word_1_836' title='bbox 1306 3005 1516 3043; x_wconf 75' lang='lat' dir='ltr'>Eucharistiae</span> <span class='ocrx_word' id='word_1_837' title='bbox 1527 3009 1636 3044; x_wconf 86' lang='lat' dir='ltr'>seriem</span> <span class='ocrx_word' id='word_1_838' title='bbox 1649 3013 1773 3049; x_wconf 86' lang='lat' dir='ltr'>censuit</span> <span class='ocrx_word' id='word_1_839' title='bbox 1796 3015 1934 3050; x_wconf 85' lang='lat' dir='ltr'>revelata</span> <span class='ocrx_word' id='word_1_840' title='bbox 1953 3017 2043 3055; x_wconf 62' lang='lat' dir='ltr'>facie</span> 
     </span>
     <span class='ocr_line' id='line_1_130' title="bbox 1162 3057 1417 3101; baseline 0.008 -11"><span class='ocrx_word' id='word_1_841' title='bbox 1162 3057 1391 3101; x_wconf 82' lang='lat' dir='ltr'>exponendam</span> <span class='ocrx_word' id='word_1_842' title='bbox 1403 3082 1417 3092; x_wconf 80' lang='grc'>.,</span> 
     </span>
    </p>
   </div>
   <div class='ocr_carea' id='block_1_23' title="bbox 1605 3176 1838 3183">
    <p class='ocr_par' dir='ltr' id='par_1_24' title="bbox 1605 3176 1838 3183">
     <span class='ocr_line' id='line_1_131' title="bbox 1605 3176 1838 3183; baseline 0 573"><span class='ocrx_word' id='word_1_843' title='bbox 1605 3176 1838 3183; x_wconf 95' lang='lat' dir='ltr'> </span> 
     </span>
    </p>
   </div>
   <div class='ocr_carea' id='block_1_24' title="bbox 1840 3179 2038 3193">
    <p class='ocr_par' dir='ltr' id='par_1_25' title="bbox 1840 3179 2038 3193">
     <span class='ocr_line' id='line_1_132' title="bbox 1840 3179 2038 3193; baseline -0.005 -8"><span class='ocrx_word' id='word_1_844' title='bbox 1840 3179 2038 3193; x_wconf 46' lang='lat' dir='ltr'>—w-...q</span> 
     </span>
    </p>
   </div>
   <div class='ocr_carea' id='block_1_25' title="bbox 1354 3245 1852 3296">
    <p class='ocr_par' dir='ltr' id='par_1_26' title="bbox 1354 3245 1852 3296">
     <span class='ocr_line' id='line_1_133' title="bbox 1354 3245 1852 3296; baseline 0.014 -7"><span class='ocrx_word' id='word_1_845' title='bbox 1354 3245 1852 3296; x_wconf 70' lang='lat' dir='ltr'>Ontoenus..</span> 
     </span>
    </p>
   </div>
   <div class='ocr_carea' id='block_1_26' title="bbox 1159 3357 2195 3466">
    <p class='ocr_par' dir='ltr' id='par_1_27' title="bbox 1159 3357 2195 3466">
     <span class='ocr_line' id='line_1_134' title="bbox 1159 3357 2070 3443; baseline 0.023 -52"><span class='ocrx_word' id='word_1_846' title='bbox 1159 3357 1381 3443; x_wconf 80' lang='lat' dir='ltr'>EAmdem</span> <span class='ocrx_word' id='word_1_847' title='bbox 1402 3362 1567 3398; x_wconf 86' lang='lat' dir='ltr'>veritatem</span> <span class='ocrx_word' id='word_1_848' title='bbox 1590 3367 1758 3409; x_wconf 83' lang='lat' dir='ltr'>profitetur</span> <span class='ocrx_word' id='word_1_849' title='bbox 1777 3366 1811 3402; x_wconf 84' lang='lat' dir='ltr'>in</span> <span class='ocrx_word' id='word_1_850' title='bbox 1824 3368 2031 3409; x_wconf 82' lang='lat' dir='ltr'>librisadver-</span> <span class='ocrx_word' id='word_1_851' title='bbox 2065 3408 2070 3413; x_wconf 89' lang='lat'><strong>.</strong></span> 
     </span>
     <span class='ocr_line' id='line_1_135' title="bbox 1258 3406 2195 3466; baseline 0.019 -22"><span class='ocrx_word' id='word_1_852' title='bbox 1258 3410 1310 3446; x_wconf 72' lang='lat' dir='ltr'>sus</span> <span class='ocrx_word' id='word_1_853' title='bbox 1321 3413 1454 3448; x_wconf 87' lang='lat' dir='ltr'>Celsum</span> <span class='ocrx_word' id='word_1_854' title='bbox 1466 3415 1625 3461; x_wconf 86' lang='lat' dir='ltr'>Origenes</span> <span class='ocrx_word' id='word_1_855' title='bbox 1635 3429 1648 3450; x_wconf 75' lang='grc' dir='ltr'>ε.</span> <span class='ocrx_word' id='word_1_856' title='bbox 1670 3421 1737 3450; x_wconf 89' lang='lat' dir='ltr'>Nos</span> <span class='ocrx_word' id='word_1_857' title='bbox 1745 3442 1759 3459; x_wconf 68' lang='lat'>2</span> <span class='ocrx_word' id='word_1_858' title='bbox 1780 3426 1833 3462; x_wconf 80' lang='lat' dir='ltr'>qui</span> <span class='ocrx_word' id='word_1_859' title='bbox 1853 3434 1950 3457; x_wconf 76' lang='lat' dir='ltr'>rerum</span> <span class='ocrx_word' id='word_1_860' title='bbox 1971 3437 2030 3457; x_wconf 89' lang='lat' dir='ltr'>om-</span> <span class='ocrx_word' id='word_1_861' title='bbox 2043 3406 2092 3466; x_wconf 51' lang='lat' dir='ltr'>,hb</span> <span class='ocrx_word' id='word_1_862' title='bbox 2111 3406 2195 3440; x_wconf 56' lang='lat' dir='ltr'>⁸‘f01&#39;</span> 
     </span>
    </p>
   </div>
   <div class='ocr_carea' id='block_1_27' title="bbox 1895 3478 1976 3506">
    <p class='ocr_par' dir='ltr' id='par_1_28' title="bbox 1895 3478 1976 3506">
     <span class='ocr_line' id='line_1_136' title="bbox 1895 3478 1976 3506; baseline -0.012 0"><span class='ocrx_word' id='word_1_863' title='bbox 1895 3478 1976 3506; x_wconf 79' lang='lat' dir='ltr'>nium</span> 
     </span>
    </p>
   </div>
   <div class='ocr_carea' id='block_1_28' title="bbox 2076 3458 2104 3484">
    <p class='ocr_par' dir='ltr' id='par_1_29' title="bbox 2076 3458 2104 3484">
     <span class='ocr_line' id='line_1_137' title="bbox 2076 3458 2104 3484; baseline 0 -5"><span class='ocrx_word' id='word_1_864' title='bbox 2076 3458 2104 3484; x_wconf 87' lang='lat'>9·</span> 
     </span>
    </p>
   </div>
  </div>
 </body>
</html>
