<?xml version="1.0" encoding="UTF-8"?>
<!DOCTYPE html PUBLIC "-//W3C//DTD XHTML 1.0 Transitional//EN"
    "http://www.w3.org/TR/xhtml1/DTD/xhtml1-transitional.dtd">
<html xmlns="http://www.w3.org/1999/xhtml" xml:lang="en" lang="en">
 <head>
  <title>
</title>
<meta http-equiv="Content-Type" content="text/html;charset=utf-8" />
  <meta name='ocr-system' content='tesseract 3.04.00' />
  <meta name='ocr-capabilities' content='ocr_page ocr_carea ocr_par ocr_line ocrx_word'/>
</head>
<body>
  <div class='ocr_page' id='page_1' title='image "./operaomniastudio06lupuuoft/operaomniastudio06lupuuoft_0368.png"; bbox 0 0 2352 3756; ppageno 0'>
   <div class='ocr_carea' id='block_1_1' title="bbox 330 159 422 216">
    <p class='ocr_par' dir='ltr' id='par_1_1' title="bbox 330 159 422 216">
     <span class='ocr_line' id='line_1_1' title="bbox 330 159 422 216; baseline 0 0"><span class='ocrx_word' id='word_1_1' title='bbox 330 159 422 216; x_wconf 82' lang='lat'><em>358</em></span> 
     </span>
    </p>
   </div>
   <div class='ocr_carea' id='block_1_2' title="bbox 116 234 1155 2889">
    <p class='ocr_par' dir='ltr' id='par_1_2' title="bbox 248 234 1148 2332">
     <span class='ocr_line' id='line_1_2' title="bbox 248 234 1134 284; baseline -0.009 -8"><span class='ocrx_word' id='word_1_2' title='bbox 248 254 314 276; x_wconf 86' lang='lat' dir='ltr'><em>mus</em></span> <span class='ocrx_word' id='word_1_3' title='bbox 332 269 342 284; x_wconf 91' lang='lat'><em>,</em></span> <span class='ocrx_word' id='word_1_4' title='bbox 371 253 402 277; x_wconf 87' lang='lat' dir='ltr'><em>ut</em></span> <span class='ocrx_word' id='word_1_5' title='bbox 426 242 456 284; x_wconf 85' lang='lat' dir='ltr'><em>fi</em></span> <span class='ocrx_word' id='word_1_6' title='bbox 489 242 639 275; x_wconf 73' lang='lat' dir='ltr'><em>Kalendae</em></span> <span class='ocrx_word' id='word_1_7' title='bbox 664 244 771 275; x_wconf 85' lang='lat' dir='ltr'><em>Martii</em></span> <span class='ocrx_word' id='word_1_8' title='bbox 789 246 821 274; x_wconf 88' lang='lat' dir='ltr'><em>in</em></span> <span class='ocrx_word' id='word_1_9' title='bbox 843 248 955 283; x_wconf 81' lang='lat' dir='ltr'><em>quarta</em></span> <span class='ocrx_word' id='word_1_10' title='bbox 972 238 1056 279; x_wconf 86' lang='lat' dir='ltr'><em>feria</em></span> <span class='ocrx_word' id='word_1_11' title='bbox 1072 234 1134 275; x_wconf 78' lang='lat' dir='ltr'><em>five</em></span> 
     </span>
     <span class='ocr_line' id='line_1_3' title="bbox 251 291 1134 332; baseline -0.014 -3"><span class='ocrx_word' id='word_1_12' title='bbox 251 298 340 329; x_wconf 72' lang='lat' dir='ltr'><em>antea</em></span> <span class='ocrx_word' id='word_1_13' title='bbox 363 297 518 327; x_wconf 80' lang='lat' dir='ltr'><em>evenerint</em></span> <span class='ocrx_word' id='word_1_14' title='bbox 538 317 548 332; x_wconf 94' lang='lat'><em>,</em></span> <span class='ocrx_word' id='word_1_15' title='bbox 591 293 692 326; x_wconf 86' lang='lat' dir='ltr'><em>eadem</em></span> <span class='ocrx_word' id='word_1_16' title='bbox 713 291 899 325; x_wconf 84' lang='lat' dir='ltr'><em>hebdomada</em></span> <span class='ocrx_word' id='word_1_17' title='bbox 915 291 1067 330; x_wconf 73' lang='lat' dir='ltr'><em>Jejunium</em></span> <span class='ocrx_word' id='word_1_18' title='bbox 1092 293 1134 318; x_wconf 85' lang='lat' dir='ltr'><em>ce·</em></span> 
     </span>
     <span class='ocr_line' id='line_1_4' title="bbox 250 342 1134 379; baseline -0.012 -1"><span class='ocrx_word' id='word_1_19' title='bbox 250 345 380 379; x_wconf 88' lang='lat' dir='ltr'><em>lebretur</em></span> <span class='ocrx_word' id='word_1_20' title='bbox 406 368 413 374; x_wconf 91' lang='lat'><strong>.</strong></span> <span class='ocrx_word' id='word_1_21' title='bbox 451 345 483 375; x_wconf 83' lang='lat' dir='ltr'><em>Si</em></span> <span class='ocrx_word' id='word_1_22' title='bbox 516 350 612 376; x_wconf 85' lang='lat' dir='ltr'><em>autem</em></span> <span class='ocrx_word' id='word_1_23' title='bbox 640 343 791 375; x_wconf 82' lang='lat' dir='ltr'><em>Kalendae</em></span> <span class='ocrx_word' id='word_1_24' title='bbox 814 345 921 373; x_wconf 83' lang='lat' dir='ltr'><em>Martii</em></span> <span class='ocrx_word' id='word_1_25' title='bbox 943 343 975 370; x_wconf 82' lang='lat' dir='ltr'><em>in</em></span> <span class='ocrx_word' id='word_1_26' title='bbox 997 342 1134 378; x_wconf 81' lang='lat' dir='ltr'><em>quintam</em></span> 
     </span>
     <span class='ocr_line' id='line_1_5' title="bbox 249 387 1136 438; baseline -0.012 -11"><span class='ocrx_word' id='word_1_27' title='bbox 249 396 361 438; x_wconf 83' lang='lat' dir='ltr'><em>feriam</em></span> <span class='ocrx_word' id='word_1_28' title='bbox 371 401 423 425; x_wconf 82' lang='lat' dir='ltr'><em>aut</em></span> <span class='ocrx_word' id='word_1_29' title='bbox 429 391 567 435; x_wconf 80' lang='lat' dir='ltr'><em>sextam,</em></span> <span class='ocrx_word' id='word_1_30' title='bbox 592 402 645 426; x_wconf 84' lang='lat' dir='ltr'><em>aut</em></span> <span class='ocrx_word' id='word_1_31' title='bbox 655 391 836 425; x_wconf 79' lang='lat' dir='ltr'><em>sabbathum</em></span> <span class='ocrx_word' id='word_1_32' title='bbox 848 387 1077 427; x_wconf 82' lang='lat' dir='ltr'><em>distenduntur,</em></span> <span class='ocrx_word' id='word_1_33' title='bbox 1105 391 1136 418; x_wconf 82' lang='lat' dir='ltr'><em>in</em></span> 
     </span>
     <span class='ocr_line' id='line_1_6' title="bbox 248 436 1137 489; baseline -0.011 -12"><span class='ocrx_word' id='word_1_34' title='bbox 248 445 424 489; x_wconf 75' lang='lat' dir='ltr'><em>sequentem</em></span> <span class='ocrx_word' id='word_1_35' title='bbox 435 442 649 476; x_wconf 82' lang='lat' dir='ltr'><em>hebdomadam</em></span> <span class='ocrx_word' id='word_1_36' title='bbox 658 444 810 483; x_wconf 80' lang='lat' dir='ltr'><em>jejunium</em></span> <span class='ocrx_word' id='word_1_37' title='bbox 833 437 994 477; x_wconf 85' lang='lat' dir='ltr'><em>differatur</em></span> <span class='ocrx_word' id='word_1_38' title='bbox 1005 459 1012 467; x_wconf 92' lang='lat'><em>.</em></span> <span class='ocrx_word' id='word_1_39' title='bbox 1034 436 1137 469; x_wconf 66' lang='lat' dir='ltr'><em>simili</em></span> 
     </span>
     <span class='ocr_line' id='line_1_7' title="bbox 255 486 1137 541; baseline -0.012 -13"><span class='ocrx_word' id='word_1_40' title='bbox 255 505 367 538; x_wconf 87' lang='lat' dir='ltr'><em>quoque</em></span> <span class='ocrx_word' id='word_1_41' title='bbox 379 494 463 526; x_wconf 89' lang='lat' dir='ltr'><em>modo</em></span> <span class='ocrx_word' id='word_1_42' title='bbox 466 491 496 534; x_wconf 82' lang='lat' dir='ltr'><em>fi</em></span> <span class='ocrx_word' id='word_1_43' title='bbox 502 494 655 526; x_wconf 80' lang='lat' dir='ltr'><em>Kalendae</em></span> <span class='ocrx_word' id='word_1_44' title='bbox 659 494 692 534; x_wconf 87' lang='lat' dir='ltr'><em>J</em></span> <span class='ocrx_word' id='word_1_45' title='bbox 694 494 757 521; x_wconf 88' lang='lat' dir='ltr'><em>unii</em></span> <span class='ocrx_word' id='word_1_46' title='bbox 767 494 799 521; x_wconf 85' lang='lat' dir='ltr'><em>in</em></span> <span class='ocrx_word' id='word_1_47' title='bbox 813 494 954 528; x_wconf 82' lang='lat' dir='ltr'><em>quartam</em></span> <span class='ocrx_word' id='word_1_48' title='bbox 958 486 1072 541; x_wconf 76' lang='lat' dir='ltr'><em>feriam</em></span> <span class='ocrx_word' id='word_1_49' title='bbox 1084 493 1137 518; x_wconf 88' lang='lat' dir='ltr'><em>aut</em></span> 
     </span>
     <span class='ocr_line' id='line_1_8' title="bbox 255 537 1139 582; baseline -0.014 -3"><span class='ocrx_word' id='word_1_50' title='bbox 255 553 343 579; x_wconf 81' lang='lat' dir='ltr'><em>antea</em></span> <span class='ocrx_word' id='word_1_51' title='bbox 355 549 528 582; x_wconf 74' lang='lat' dir='ltr'><em>evenerint,</em></span> <span class='ocrx_word' id='word_1_52' title='bbox 554 549 587 574; x_wconf 87' lang='lat' dir='ltr'><em>in</em></span> <span class='ocrx_word' id='word_1_53' title='bbox 616 538 790 581; x_wconf 67' lang='lat' dir='ltr'><em>ubse&#39;quente</em></span> <span class='ocrx_word' id='word_1_54' title='bbox 801 537 988 570; x_wconf 82' lang='lat' dir='ltr'><em>hebdomada</em></span> <span class='ocrx_word' id='word_1_55' title='bbox 997 540 1139 578; x_wconf 70' lang='lat' dir='ltr'><em>jejunium</em></span> 
     </span>
     <span class='ocr_line' id='line_1_9' title="bbox 256 585 1140 632; baseline -0.014 -2"><span class='ocrx_word' id='word_1_56' title='bbox 256 595 430 631; x_wconf 80' lang='lat' dir='ltr'><em>celebretur.</em></span> <span class='ocrx_word' id='word_1_57' title='bbox 460 597 505 625; x_wconf 86' lang='lat' dir='ltr'><em>Et</em></span> <span class='ocrx_word' id='word_1_58' title='bbox 511 590 539 632; x_wconf 85' lang='lat' dir='ltr'><em>fi</em></span> <span class='ocrx_word' id='word_1_59' title='bbox 544 597 575 623; x_wconf 87' lang='lat' dir='ltr'><em>in</em></span> <span class='ocrx_word' id='word_1_60' title='bbox 586 594 723 631; x_wconf 83' lang='lat' dir='ltr'><em>quintam</em></span> <span class='ocrx_word' id='word_1_61' title='bbox 746 598 799 620; x_wconf 88' lang='lat' dir='ltr'><em>aut</em></span> <span class='ocrx_word' id='word_1_62' title='bbox 821 586 964 630; x_wconf 84' lang='lat' dir='ltr'><em>sextam,</em></span> <span class='ocrx_word' id='word_1_63' title='bbox 991 594 1044 620; x_wconf 87' lang='lat' dir='ltr'><em>aut</em></span> <span class='ocrx_word' id='word_1_64' title='bbox 1066 585 1140 619; x_wconf 83' lang='lat' dir='ltr'><em>sab-</em></span> 
     </span>
     <span class='ocr_line' id='line_1_10' title="bbox 256 637 1139 684; baseline -0.011 -6"><span class='ocrx_word' id='word_1_65' title='bbox 256 645 379 682; x_wconf 75' lang='lat' dir='ltr'><em>bathum</em></span> <span class='ocrx_word' id='word_1_66' title='bbox 391 646 544 684; x_wconf 75' lang='lat' dir='ltr'><em>contigerit</em></span> <span class='ocrx_word' id='word_1_67' title='bbox 552 664 562 680; x_wconf 92' lang='lat'><em>,</em></span> <span class='ocrx_word' id='word_1_68' title='bbox 590 639 732 682; x_wconf 77' lang='lat' dir='ltr'><em>jejunium</em></span> <span class='ocrx_word' id='word_1_69' title='bbox 745 643 776 670; x_wconf 84' lang='lat' dir='ltr'><em>in</em></span> <span class='ocrx_word' id='word_1_70' title='bbox 785 643 908 671; x_wconf 84' lang='lat' dir='ltr'><em>tertiam</em></span> <span class='ocrx_word' id='word_1_71' title='bbox 920 637 1139 670; x_wconf 84' lang='lat' dir='ltr'><em>hebdomadam</em></span> 
     </span>
     <span class='ocr_line' id='line_1_11' title="bbox 255 685 1141 739; baseline -0.012 -10"><span class='ocrx_word' id='word_1_72' title='bbox 255 694 438 739; x_wconf 77' lang='lat' dir='ltr'><em>reservetur-</em></span> <span class='ocrx_word' id='word_1_73' title='bbox 464 694 510 722; x_wconf 83' lang='lat' dir='ltr'><em>Et</em></span> <span class='ocrx_word' id='word_1_74' title='bbox 531 689 582 722; x_wconf 84' lang='lat' dir='ltr'><em>hoc</em></span> <span class='ocrx_word' id='word_1_75' title='bbox 596 687 750 732; x_wconf 60' lang='lat' dir='ltr'><em>sciendum</em></span> <span class='ocrx_word' id='word_1_76' title='bbox 772 688 811 729; x_wconf 68' lang='lat' dir='ltr'><em>el}</em></span> <span class='ocrx_word' id='word_1_77' title='bbox 835 711 846 727; x_wconf 90' lang='lat'>‚</span> <span class='ocrx_word' id='word_1_78' title='bbox 871 688 953 729; x_wconf 75' lang='lat' dir='ltr'><em>quod</em></span> <span class='ocrx_word' id='word_1_79' title='bbox 968 685 997 728; x_wconf 87' lang='lat' dir='ltr'><em>fi</em></span> <span class='ocrx_word' id='word_1_80' title='bbox 1023 688 1141 729; x_wconf 81' lang='lat' dir='ltr'><em>quando</em></span> 
     </span>
     <span class='ocr_line' id='line_1_12' title="bbox 257 735 1142 790; baseline -0.012 -11"><span class='ocrx_word' id='word_1_81' title='bbox 257 743 394 790; x_wconf 71' lang='lat' dir='ltr'><em>jejunium</em></span> <span class='ocrx_word' id='word_1_82' title='bbox 412 738 515 780; x_wconf 73' lang='lat' dir='ltr'><em>mensis,</em></span> <span class='ocrx_word' id='word_1_83' title='bbox 536 740 632 784; x_wconf 76' lang='lat' dir='ltr'><em>Junii</em></span> <span class='ocrx_word' id='word_1_84' title='bbox 653 745 687 771; x_wconf 86' lang='lat' dir='ltr'><em>in</em></span> <span class='ocrx_word' id='word_1_85' title='bbox 710 739 818 782; x_wconf 84' lang='lat' dir='ltr'><em>vigilia</em></span> <span class='ocrx_word' id='word_1_86' title='bbox 845 737 1018 776; x_wconf 74' lang='lat' dir='ltr'><em>pentecostes</em></span> <span class='ocrx_word' id='word_1_87' title='bbox 1035 735 1142 779; x_wconf 88' lang='lat' dir='ltr'><em>secun-</em></span> 
     </span>
     <span class='ocr_line' id='line_1_13' title="bbox 256 786 1143 835; baseline -0.009 -9"><span class='ocrx_word' id='word_1_88' title='bbox 256 790 515 835; x_wconf 63' lang='lat' dir='ltr'><em>aumpraedmam</em></span> <span class='ocrx_word' id='word_1_89' title='bbox 525 791 655 833; x_wconf 86' lang='lat' dir='ltr'><em>regulam</em></span> <span class='ocrx_word' id='word_1_90' title='bbox 664 793 798 822; x_wconf 79' lang='lat' dir='ltr'><em>evenerit</em></span> <span class='ocrx_word' id='word_1_91' title='bbox 814 813 825 828; x_wconf 94' lang='lat'><em>,</em></span> <span class='ocrx_word' id='word_1_92' title='bbox 850 799 908 821; x_wconf 85' lang='lat' dir='ltr'><em>non</em></span> <span class='ocrx_word' id='word_1_93' title='bbox 926 786 969 820; x_wconf 81' lang='lat' dir='ltr'><em>ibi</em></span> <span class='ocrx_word' id='word_1_94' title='bbox 989 787 1143 820; x_wconf 79' lang='lat' dir='ltr'><em>celebran—</em></span> 
     </span>
     <span class='ocr_line' id='line_1_14' title="bbox 258 836 1142 884; baseline -0.01 -6"><span class='ocrx_word' id='word_1_95' title='bbox 258 847 329 878; x_wconf 87' lang='lat' dir='ltr'><em>dum</em></span> <span class='ocrx_word' id='word_1_96' title='bbox 351 846 429 882; x_wconf 85' lang='lat' dir='ltr'><em>erit,</em></span> <span class='ocrx_word' id='word_1_97' title='bbox 451 839 509 884; x_wconf 88' lang='lat' dir='ltr'><em>sed</em></span> <span class='ocrx_word' id='word_1_98' title='bbox 530 845 563 873; x_wconf 87' lang='lat' dir='ltr'><em>in</em></span> <span class='ocrx_word' id='word_1_99' title='bbox 583 839 649 883; x_wconf 84' lang='lat' dir='ltr'><em>ipsa</em></span> <span class='ocrx_word' id='word_1_100' title='bbox 667 839 851 872; x_wconf 83' lang='lat' dir='ltr'><em>hebdomada</em></span> <span class='ocrx_word' id='word_1_101' title='bbox 863 836 984 882; x_wconf 75' lang='lat' dir='ltr'><em>solemni</em></span> <span class='ocrx_word' id='word_1_102' title='bbox 1007 840 1142 871; x_wconf 84' lang='lat' dir='ltr'><em>Penteco-</em></span> 
     </span>
     <span class='ocr_line' id='line_1_15' title="bbox 253 886 1143 936; baseline -0.008 -9"><span class='ocrx_word' id='word_1_103' title='bbox 253 895 331 936; x_wconf 82' lang='lat' dir='ltr'><em>stes.</em></span> <span class='ocrx_word' id='word_1_104' title='bbox 359 896 404 926; x_wconf 85' lang='lat' dir='ltr'><em>Et</em></span> <span class='ocrx_word' id='word_1_105' title='bbox 422 901 492 924; x_wconf 86' lang='lat' dir='ltr'><em>tunc</em></span> <span class='ocrx_word' id='word_1_106' title='bbox 510 898 631 932; x_wconf 82' lang='lat' dir='ltr'><em>propter</em></span> <span class='ocrx_word' id='word_1_107' title='bbox 650 888 865 931; x_wconf 73' lang='lat' dir='ltr'><em>solemnitatem</em></span> <span class='ocrx_word' id='word_1_108' title='bbox 887 891 1017 930; x_wconf 77' lang='lat' dir='ltr'><em>spiritus</em></span> <span class='ocrx_word' id='word_1_109' title='bbox 1041 886 1143 921; x_wconf 62' lang='lat' dir='ltr'><em>sandi</em></span> 
     </span>
     <span class='ocr_line' id='line_1_16' title="bbox 260 939 1142 979; baseline -0.008 -1"><span class='ocrx_word' id='word_1_110' title='bbox 260 949 403 978; x_wconf 87' lang='lat' dir='ltr'><em>Diacones</em></span> <span class='ocrx_word' id='word_1_111' title='bbox 424 943 603 973; x_wconf 82' lang='lat' dir='ltr'><em>Dalmaticis</em></span> <span class='ocrx_word' id='word_1_112' title='bbox 628 941 814 979; x_wconf 85' lang='lat' dir='ltr'><em>induantur,</em></span> <span class='ocrx_word' id='word_1_113' title='bbox 841 941 875 973; x_wconf 69' lang='grc'><em>(9·</em></span> <span class='ocrx_word' id='word_1_114' title='bbox 900 939 1026 972; x_wconf 82' lang='lat' dir='ltr'><em>Alleluia</em></span> <span class='ocrx_word' id='word_1_115' title='bbox 1045 947 1142 972; x_wconf 86' lang='lat' dir='ltr'><em>cante-</em></span> 
     </span>
     <span class='ocr_line' id='line_1_17' title="bbox 259 989 1143 1036; baseline -0.008 -7"><span class='ocrx_word' id='word_1_116' title='bbox 259 1004 308 1028; x_wconf 87' lang='lat' dir='ltr'><em>tur</em></span> <span class='ocrx_word' id='word_1_117' title='bbox 320 1020 330 1036; x_wconf 87' lang='lat'><em>,</em></span> <span class='ocrx_word' id='word_1_118' title='bbox 356 996 389 1027; x_wconf 70' lang='lat'><em>(9⁹</em></span> <span class='ocrx_word' id='word_1_119' title='bbox 401 990 570 1026; x_wconf 64' lang='lat' dir='ltr'><em>Fleeiamus</em></span> <span class='ocrx_word' id='word_1_120' title='bbox 578 1000 676 1033; x_wconf 86' lang='lat' dir='ltr'><em>genua</em></span> <span class='ocrx_word' id='word_1_121' title='bbox 687 1001 744 1022; x_wconf 85' lang='lat' dir='ltr'><em>non</em></span> <span class='ocrx_word' id='word_1_122' title='bbox 757 990 876 1023; x_wconf 86' lang='lat' dir='ltr'><em>dicatur</em></span> <span class='ocrx_word' id='word_1_123' title='bbox 887 1013 895 1022; x_wconf 87' lang='lat'>.</span> <span class='ocrx_word' id='word_1_124' title='bbox 924 989 1037 1021; x_wconf 86' lang='lat' dir='ltr'><em>Eodem</em></span> <span class='ocrx_word' id='word_1_125' title='bbox 1058 990 1143 1022; x_wconf 80' lang='lat' dir='ltr'><em>modo</em></span> 
     </span>
     <span class='ocr_line' id='line_1_18' title="bbox 259 1038 1141 1085; baseline -0.006 -7"><span class='ocrx_word' id='word_1_126' title='bbox 259 1047 297 1078; x_wconf 84' lang='lat' dir='ltr'><em>de</em></span> <span class='ocrx_word' id='word_1_127' title='bbox 310 1041 489 1085; x_wconf 77' lang='lat' dir='ltr'><em>septembris</em></span> <span class='ocrx_word' id='word_1_128' title='bbox 501 1040 609 1084; x_wconf 76' lang='lat' dir='ltr'><em>jejunio</em></span> <span class='ocrx_word' id='word_1_129' title='bbox 623 1039 808 1079; x_wconf 72' lang='lat' dir='ltr'><em>constitutum</em></span> <span class='ocrx_word' id='word_1_130' title='bbox 817 1038 854 1078; x_wconf 77' lang='lat' dir='ltr'><em>est</em></span> <span class='ocrx_word' id='word_1_131' title='bbox 865 1064 876 1079; x_wconf 88' lang='lat'>‚</span> <span class='ocrx_word' id='word_1_132' title='bbox 901 1038 971 1080; x_wconf 78' lang='lat' dir='ltr'><em>utfi</em></span> <span class='ocrx_word' id='word_1_133' title='bbox 990 1040 1141 1074; x_wconf 79' lang='lat' dir='ltr'><em>Kalendae</em></span> 
     </span>
     <span class='ocr_line' id='line_1_19' title="bbox 259 1090 1143 1137; baseline -0.006 -9"><span class='ocrx_word' id='word_1_134' title='bbox 259 1093 440 1137; x_wconf 73' lang='lat' dir='ltr'><em>Septembris</em></span> <span class='ocrx_word' id='word_1_135' title='bbox 452 1097 483 1124; x_wconf 81' lang='lat' dir='ltr'><em>in</em></span> <span class='ocrx_word' id='word_1_136' title='bbox 501 1100 611 1132; x_wconf 83' lang='lat' dir='ltr'><em>quarta</em></span> <span class='ocrx_word' id='word_1_137' title='bbox 615 1090 699 1133; x_wconf 84' lang='lat' dir='ltr'><em>feria</em></span> <span class='ocrx_word' id='word_1_138' title='bbox 710 1096 867 1123; x_wconf 81' lang='lat' dir='ltr'><em>evenerint</em></span> <span class='ocrx_word' id='word_1_139' title='bbox 895 1097 948 1124; x_wconf 84' lang='lat' dir='ltr'><em>aut</em></span> <span class='ocrx_word' id='word_1_140' title='bbox 969 1099 1080 1128; x_wconf 83' lang='lat' dir='ltr'><em>antea,</em></span> <span class='ocrx_word' id='word_1_141' title='bbox 1105 1090 1143 1132; x_wconf 86' lang='lat' dir='ltr'><em>je-</em></span> 
     </span>
     <span class='ocr_line' id='line_1_20' title="bbox 258 1137 1143 1189; baseline -0.006 -12"><span class='ocrx_word' id='word_1_142' title='bbox 258 1145 374 1189; x_wconf 85' lang='lat' dir='ltr'><em>junium</em></span> <span class='ocrx_word' id='word_1_143' title='bbox 395 1148 428 1175; x_wconf 85' lang='lat' dir='ltr'><em>in</em></span> <span class='ocrx_word' id='word_1_144' title='bbox 449 1147 538 1174; x_wconf 78' lang='lat' dir='ltr'><em>tertia</em></span> <span class='ocrx_word' id='word_1_145' title='bbox 559 1140 746 1175; x_wconf 83' lang='lat' dir='ltr'><em>bebdomada</em></span> <span class='ocrx_word' id='word_1_146' title='bbox 771 1140 929 1173; x_wconf 83' lang='lat' dir='ltr'><em>celebretur</em></span> <span class='ocrx_word' id='word_1_147' title='bbox 946 1164 953 1171; x_wconf 94' lang='lat'>.</span> <span class='ocrx_word' id='word_1_148' title='bbox 1000 1143 1046 1173; x_wconf 82' lang='lat' dir='ltr'><em>Et</em></span> <span class='ocrx_word' id='word_1_149' title='bbox 1062 1137 1090 1181; x_wconf 81' lang='lat' dir='ltr'><em>fi</em></span> <span class='ocrx_word' id='word_1_150' title='bbox 1111 1145 1143 1173; x_wconf 84' lang='lat' dir='ltr'><em>in</em></span> 
     </span>
     <span class='ocr_line' id='line_1_21' title="bbox 261 1189 1143 1238; baseline -0.007 -10"><span class='ocrx_word' id='word_1_151' title='bbox 261 1202 369 1238; x_wconf 85' lang='lat' dir='ltr'><em>quinta</em></span> <span class='ocrx_word' id='word_1_152' title='bbox 381 1202 435 1226; x_wconf 88' lang='lat' dir='ltr'><em>aut</em></span> <span class='ocrx_word' id='word_1_153' title='bbox 444 1190 531 1236; x_wconf 77' lang='lat' dir='ltr'><em>sexta</em></span> <span class='ocrx_word' id='word_1_154' title='bbox 543 1217 553 1232; x_wconf 92' lang='lat'>‚</span> <span class='ocrx_word' id='word_1_155' title='bbox 579 1200 631 1224; x_wconf 81' lang='lat' dir='ltr'><em>aut</em></span> <span class='ocrx_word' id='word_1_156' title='bbox 644 1189 793 1231; x_wconf 62' lang='lat' dir='ltr'><em>Sabbatha</em></span> <span class='ocrx_word' id='word_1_157' title='bbox 806 1195 958 1234; x_wconf 70' lang='lat' dir='ltr'><em>contigerit</em></span> <span class='ocrx_word' id='word_1_158' title='bbox 969 1214 981 1230; x_wconf 93' lang='lat'><em>,</em></span> <span class='ocrx_word' id='word_1_159' title='bbox 1006 1195 1039 1224; x_wconf 83' lang='lat' dir='ltr'><em>in</em></span> <span class='ocrx_word' id='word_1_160' title='bbox 1056 1201 1143 1232; x_wconf 87' lang='lat' dir='ltr'><em>quar-</em></span> 
     </span>
     <span class='ocr_line' id='line_1_22' title="bbox 259 1239 1145 1286; baseline -0.006 -7"><span class='ocrx_word' id='word_1_161' title='bbox 259 1255 297 1279; x_wconf 81' lang='lat' dir='ltr'><em>ta</em></span> <span class='ocrx_word' id='word_1_162' title='bbox 319 1243 505 1279; x_wconf 85' lang='lat' dir='ltr'><em>bebdomada</em></span> <span class='ocrx_word' id='word_1_163' title='bbox 525 1247 584 1276; x_wconf 86' lang='lat' dir='ltr'><em>erit</em></span> <span class='ocrx_word' id='word_1_164' title='bbox 604 1241 798 1286; x_wconf 74' lang='lat' dir='ltr'><em>jejunandum</em></span> <span class='ocrx_word' id='word_1_165' title='bbox 811 1255 830 1273; x_wconf 92' lang='lat'><em>.·</em></span> <span class='ocrx_word' id='word_1_166' title='bbox 845 1245 882 1273; x_wconf 85' lang='lat' dir='ltr'><em>In</em></span> <span class='ocrx_word' id='word_1_167' title='bbox 903 1239 1057 1273; x_wconf 77' lang='lat' dir='ltr'><em>Decembri</em></span> <span class='ocrx_word' id='word_1_168' title='bbox 1069 1242 1145 1275; x_wconf 83' lang='lat' dir='ltr'><em>illud</em></span> 
     </span>
     <span class='ocr_line' id='line_1_23' title="bbox 262 1290 1143 1338; baseline -0.006 -9"><span class='ocrx_word' id='word_1_169' title='bbox 262 1294 480 1338; x_wconf 83' lang='lat' dir='ltr'><em>observandum</em></span> <span class='ocrx_word' id='word_1_170' title='bbox 492 1298 564 1334; x_wconf 87' lang='lat' dir='ltr'><em>erit,</em></span> <span class='ocrx_word' id='word_1_171' title='bbox 572 1302 606 1326; x_wconf 85' lang='lat' dir='ltr'><em>ut</em></span> <span class='ocrx_word' id='word_1_172' title='bbox 614 1296 753 1334; x_wconf 80' lang='lat' dir='ltr'><em>proximo</em></span> <span class='ocrx_word' id='word_1_173' title='bbox 764 1290 916 1324; x_wconf 82' lang='lat' dir='ltr'><em>sabbatho</em></span> <span class='ocrx_word' id='word_1_174' title='bbox 924 1301 995 1324; x_wconf 86' lang='lat' dir='ltr'><em>ante</em></span> <span class='ocrx_word' id='word_1_175' title='bbox 1006 1292 1143 1334; x_wconf 81' lang='lat' dir='ltr'><em>vigiliam</em></span> 
     </span>
     <span class='ocr_line' id='line_1_24' title="bbox 261 1340 1141 1385; baseline -0.008 -5"><span class='ocrx_word' id='word_1_176' title='bbox 261 1347 391 1380; x_wconf 84' lang='lat' dir='ltr'><em>Natalis</em></span> <span class='ocrx_word' id='word_1_177' title='bbox 415 1348 536 1378; x_wconf 82' lang='lat' dir='ltr'><em>Domini</em></span> <span class='ocrx_word' id='word_1_178' title='bbox 556 1342 715 1377; x_wconf 85' lang='lat' dir='ltr'><em>celebretur</em></span> <span class='ocrx_word' id='word_1_179' title='bbox 737 1340 895 1384; x_wconf 78' lang='lat' dir='ltr'><em>jejunium,</em></span> <span class='ocrx_word' id='word_1_180' title='bbox 923 1343 1007 1384; x_wconf 69' lang='lat' dir='ltr'><em>‚Quia</em></span> <span class='ocrx_word' id='word_1_181' title='bbox 1022 1340 1055 1382; x_wconf 83' lang='lat' dir='ltr'><em>fi</em></span> <span class='ocrx_word' id='word_1_182' title='bbox 1069 1347 1141 1385; x_wconf 77' lang='lat' dir='ltr'><em>vigi-</em></span> 
     </span>
     <span class='ocr_line' id='line_1_25' title="bbox 260 1390 1142 1434; baseline -0.008 -4"><span class='ocrx_word' id='word_1_183' title='bbox 260 1398 303 1431; x_wconf 84' lang='lat' dir='ltr'><em>lia</em></span> <span class='ocrx_word' id='word_1_184' title='bbox 329 1394 521 1429; x_wconf 81' lang='lat' dir='ltr'><em>inSabbatho</em></span> <span class='ocrx_word' id='word_1_185' title='bbox 539 1398 671 1428; x_wconf 77' lang='lat' dir='ltr'><em>evenerit</em></span> <span class='ocrx_word' id='word_1_186' title='bbox 684 1418 695 1432; x_wconf 94' lang='lat'><em>‚</em></span> <span class='ocrx_word' id='word_1_187' title='bbox 713 1391 802 1433; x_wconf 79' lang='lat' dir='ltr'><em>simul</em></span> <span class='ocrx_word' id='word_1_188' title='bbox 812 1390 1142 1434; x_wconf 68' lang='lat' dir='ltr'><em>vigiliamerjejunium</em></span> 
     </span>
     <span class='ocr_line' id='line_1_26' title="bbox 259 1441 1142 1481; baseline -0.008 0"><span class='ocrx_word' id='word_1_189' title='bbox 259 1446 403 1481; x_wconf 86' lang='lat' dir='ltr'><em>celebrare</em></span> <span class='ocrx_word' id='word_1_190' title='bbox 425 1456 482 1479; x_wconf 88' lang='lat' dir='ltr'><em>non</em></span> <span class='ocrx_word' id='word_1_191' title='bbox 502 1448 655 1478; x_wconf 85' lang='lat' dir='ltr'><em>convenit.</em></span> <span class='ocrx_word' id='word_1_192' title='bbox 684 1441 848 1476; x_wconf 72' lang='lat' dir='ltr'><em>Notandae</em></span> <span class='ocrx_word' id='word_1_193' title='bbox 859 1443 931 1475; x_wconf 87' lang='lat' dir='ltr'><em>sunt</em></span> <span class='ocrx_word' id='word_1_194' title='bbox 945 1452 1066 1474; x_wconf 83' lang='lat' dir='ltr'><em>voces:</em></span> <span class='ocrx_word' id='word_1_195' title='bbox 1094 1445 1142 1475; x_wconf 87' lang='lat' dir='ltr'><em>De</em></span> 
     </span>
     <span class='ocr_line' id='line_1_27' title="bbox 259 1489 1142 1538; baseline -0.008 -7"><span class='ocrx_word' id='word_1_196' title='bbox 259 1494 489 1538; x_wconf 80' lang='lat' dir='ltr'><em>incerto.jejunio</em></span> <span class='ocrx_word' id='word_1_197' title='bbox 510 1518 516 1526; x_wconf 92' lang='lat'><strong><em>.</em></strong></span> <span class='ocrx_word' id='word_1_198' title='bbox 545 1494 693 1528; x_wconf 83' lang='lat' dir='ltr'><em>Edicunt</em></span> <span class='ocrx_word' id='word_1_199' title='bbox 716 1491 854 1536; x_wconf 85' lang='lat' dir='ltr'><em>multam</em></span> <span class='ocrx_word' id='word_1_200' title='bbox 873 1492 958 1525; x_wconf 83' lang='lat' dir='ltr'><em>circa</em></span> <span class='ocrx_word' id='word_1_201' title='bbox 980 1489 1048 1525; x_wconf 84' lang='lat' dir='ltr'><em>haec</em></span> <span class='ocrx_word' id='word_1_202' title='bbox 1066 1490 1142 1534; x_wconf 84' lang='lat' dir='ltr'><em>jeju-</em></span> 
     </span>
     <span class='ocr_line' id='line_1_28' title="bbox 260 1541 1142 1584; baseline -0.008 -2"><span class='ocrx_word' id='word_1_203' title='bbox 260 1548 317 1581; x_wconf 85' lang='lat' dir='ltr'><em>nia</em></span> <span class='ocrx_word' id='word_1_204' title='bbox 338 1545 525 1580; x_wconf 79' lang='lat' dir='ltr'><em>varietatem</em></span> <span class='ocrx_word' id='word_1_205' title='bbox 549 1567 560 1584; x_wconf 90' lang='lat'><em>,</em></span> <span class='ocrx_word' id='word_1_206' title='bbox 588 1543 622 1577; x_wconf 75' lang='grc' dir='ltr'><em>δε</em></span> <span class='ocrx_word' id='word_1_207' title='bbox 644 1552 718 1577; x_wconf 73' lang='lat' dir='ltr'><em>nata</em></span> <span class='ocrx_word' id='word_1_208' title='bbox 740 1542 818 1575; x_wconf 87' lang='lat' dir='ltr'><em>inde</em></span> <span class='ocrx_word' id='word_1_209' title='bbox 839 1541 1051 1577; x_wconf 84' lang='lat' dir='ltr'><em>incommoda</em></span> <span class='ocrx_word' id='word_1_210' title='bbox 1073 1542 1142 1584; x_wconf 91' lang='lat' dir='ltr'><em>qui·</em></span> 
     </span>
     <span class='ocr_line' id='line_1_29' title="bbox 259 1591 1142 1637; baseline -0.006 -6"><span class='ocrx_word' id='word_1_211' title='bbox 259 1596 394 1631; x_wconf 81' lang='lat' dir='ltr'><em>busdam</em></span> <span class='ocrx_word' id='word_1_212' title='bbox 408 1606 489 1630; x_wconf 88' lang='lat' dir='ltr'><em>tunc</em></span> <span class='ocrx_word' id='word_1_213' title='bbox 502 1592 672 1637; x_wconf 85' lang='lat' dir='ltr'><em>Episcopis</em></span> <span class='ocrx_word' id='word_1_214' title='bbox 685 1591 875 1634; x_wconf 66' lang='lat' dir='ltr'><em>displicuisse</em></span> <span class='ocrx_word' id='word_1_215' title='bbox 895 1618 901 1626; x_wconf 84' lang='lat'>.</span> <span class='ocrx_word' id='word_1_216' title='bbox 929 1591 991 1626; x_wconf 81' lang='lat' dir='ltr'><em>Ista</em></span> <span class='ocrx_word' id='word_1_217' title='bbox 1010 1592 1142 1626; x_wconf 85' lang='lat' dir='ltr'><em>interim</em></span> 
     </span>
     <span class='ocr_line' id='line_1_30' title="bbox 257 1642 1141 1691; baseline -0.007 -10"><span class='ocrx_word' id='word_1_218' title='bbox 257 1645 413 1691; x_wconf 81' lang='lat' dir='ltr'><em>synodus</em></span> <span class='ocrx_word' id='word_1_219' title='bbox 437 1645 561 1679; x_wconf 85' lang='lat' dir='ltr'><em>censuit</em></span> <span class='ocrx_word' id='word_1_220' title='bbox 587 1643 672 1676; x_wconf 85' lang='lat' dir='ltr'><em>nihil</em></span> <span class='ocrx_word' id='word_1_221' title='bbox 698 1644 760 1677; x_wconf 77' lang='lat' dir='ltr'><em>effe</em></span> <span class='ocrx_word' id='word_1_222' title='bbox 787 1642 1031 1675; x_wconf 86' lang='lat' dir='ltr'><em>immutandum</em></span> <span class='ocrx_word' id='word_1_223' title='bbox 1053 1666 1059 1674; x_wconf 93' lang='lat'><strong>.</strong></span> <span class='ocrx_word' id='word_1_224' title='bbox 1098 1642 1141 1676; x_wconf 88' lang='lat' dir='ltr'><em>Et</em></span> 
     </span>
     <span class='ocr_line' id='line_1_31' title="bbox 259 1692 1139 1740; baseline -0.009 -8"><span class='ocrx_word' id='word_1_225' title='bbox 259 1698 340 1731; x_wconf 85' lang='lat' dir='ltr'><em>hinc</em></span> <span class='ocrx_word' id='word_1_226' title='bbox 360 1695 400 1730; x_wconf 90' lang='lat' dir='ltr'><em>de</em></span> <span class='ocrx_word' id='word_1_227' title='bbox 422 1696 489 1740; x_wconf 83' lang='lat' dir='ltr'><em>ipsa</em></span> <span class='ocrx_word' id='word_1_228' title='bbox 509 1693 618 1728; x_wconf 83' lang='lat' dir='ltr'><em>scribit</em></span> <span class='ocrx_word' id='word_1_229' title='bbox 632 1693 746 1727; x_wconf 90' lang='lat' dir='ltr'><em>Guido</em></span> <span class='ocrx_word' id='word_1_230' title='bbox 762 1692 898 1726; x_wconf 86' lang='lat' dir='ltr'>Abbas:</span> <span class='ocrx_word' id='word_1_231' title='bbox 926 1694 1054 1725; x_wconf 87' lang='lat' dir='ltr'><em>Nullum</em></span> <span class='ocrx_word' id='word_1_232' title='bbox 1064 1703 1139 1725; x_wconf 77' lang='lat' dir='ltr'><em>com-</em></span> 
     </span>
     <span class='ocr_line' id='line_1_32' title="bbox 258 1742 1141 1789; baseline -0.01 -8"><span class='ocrx_word' id='word_1_233' title='bbox 258 1757 398 1786; x_wconf 84' lang='lat' dir='ltr'><em>moveat,</em></span> <span class='ocrx_word' id='word_1_234' title='bbox 424 1746 506 1789; x_wconf 74' lang='lat' dir='ltr'><em>quod</em></span> <span class='ocrx_word' id='word_1_235' title='bbox 518 1753 648 1786; x_wconf 85' lang='lat' dir='ltr'><em>tempore</em></span> <span class='ocrx_word' id='word_1_236' title='bbox 655 1742 780 1786; x_wconf 66' lang='lat' dir='ltr'><em>secundi</em></span> <span class='ocrx_word' id='word_1_237' title='bbox 804 1746 925 1775; x_wconf 79' lang='lat' dir='ltr'><em>Henrici</em></span> <span class='ocrx_word' id='word_1_238' title='bbox 948 1746 1141 1782; x_wconf 81' lang='lat' dir='ltr'><em>Imperatoris</em></span> 
     </span>
     <span class='ocr_line' id='line_1_33' title="bbox 258 1789 1142 1837; baseline -0.009 -6"><span class='ocrx_word' id='word_1_239' title='bbox 258 1800 410 1832; x_wconf 75' lang='lat' dir='ltr'><em>duodecim</em></span> <span class='ocrx_word' id='word_1_240' title='bbox 432 1794 572 1837; x_wconf 80' lang='lat' dir='ltr'><em>Episcopi</em></span> <span class='ocrx_word' id='word_1_241' title='bbox 594 1797 757 1836; x_wconf 80' lang='lat' dir='ltr'><em>Moguntiae</em></span> <span class='ocrx_word' id='word_1_242' title='bbox 769 1795 935 1834; x_wconf 83' lang='lat' dir='ltr'><em>congregati</em></span> <span class='ocrx_word' id='word_1_243' title='bbox 945 1792 1034 1824; x_wconf 85' lang='lat' dir='ltr'><em>aliter</em></span> <span class='ocrx_word' id='word_1_244' title='bbox 1045 1791 1082 1824; x_wconf 79' lang='lat' dir='ltr'><em>de</em></span> <span class='ocrx_word' id='word_1_245' title='bbox 1093 1789 1142 1823; x_wconf 85' lang='lat' dir='ltr'><em>hoc</em></span> 
     </span>
     <span class='ocr_line' id='line_1_34' title="bbox 258 1839 1143 1892; baseline -0.011 -10"><span class='ocrx_word' id='word_1_246' title='bbox 258 1847 364 1892; x_wconf 73' lang='lat' dir='ltr'><em>jejunio</em></span> <span class='ocrx_word' id='word_1_247' title='bbox 371 1845 500 1888; x_wconf 78' lang='lat' dir='ltr'><em>statuiffe</em></span> <span class='ocrx_word' id='word_1_248' title='bbox 513 1846 646 1887; x_wconf 85' lang='lat' dir='ltr'><em>leguntur</em></span> <span class='ocrx_word' id='word_1_249' title='bbox 658 1868 665 1874; x_wconf 96' lang='lat'>.</span> <span class='ocrx_word' id='word_1_250' title='bbox 696 1847 774 1875; x_wconf 85' lang='lat' dir='ltr'><em>Cum</em></span> <span class='ocrx_word' id='word_1_251' title='bbox 790 1847 869 1874; x_wconf 90' lang='lat' dir='ltr'><em>enim</em></span> <span class='ocrx_word' id='word_1_252' title='bbox 880 1841 966 1880; x_wconf 86' lang='lat' dir='ltr'><em>apud</em></span> <span class='ocrx_word' id='word_1_253' title='bbox 984 1839 1062 1881; x_wconf 74' lang='lat' dir='ltr'><em>ipsos</em></span> <span class='ocrx_word' id='word_1_254' title='bbox 1086 1850 1143 1872; x_wconf 80' lang='lat' dir='ltr'><em>non</em></span> 
     </span>
     <span class='ocr_line' id='line_1_35' title="bbox 258 1889 1144 1933; baseline -0.012 -3"><span class='ocrx_word' id='word_1_255' title='bbox 258 1898 374 1933; x_wconf 85' lang='lat' dir='ltr'><em>modica</em></span> <span class='ocrx_word' id='word_1_256' title='bbox 396 1900 533 1929; x_wconf 84' lang='lat' dir='ltr'><em>varietas</em></span> <span class='ocrx_word' id='word_1_257' title='bbox 557 1895 595 1926; x_wconf 86' lang='lat' dir='ltr'><em>de</em></span> <span class='ocrx_word' id='word_1_258' title='bbox 606 1890 779 1933; x_wconf 80' lang='lat' dir='ltr'><em>hujusmodi</em></span> <span class='ocrx_word' id='word_1_259' title='bbox 788 1889 909 1931; x_wconf 82' lang='lat' dir='ltr'><em>jejuniis</em></span> <span class='ocrx_word' id='word_1_260' title='bbox 920 1890 1085 1929; x_wconf 83' lang='lat' dir='ltr'><em>accideret,</em></span> <span class='ocrx_word' id='word_1_261' title='bbox 1111 1891 1144 1923; x_wconf 73' lang='grc' dir='ltr'>σό</span> 
     </span>
     <span class='ocr_line' id='line_1_36' title="bbox 259 1939 1145 1991; baseline -0.011 -11"><span class='ocrx_word' id='word_1_262' title='bbox 259 1948 342 1991; x_wconf 76' lang='lat' dir='ltr'><em>quod</em></span> <span class='ocrx_word' id='word_1_263' title='bbox 359 1951 518 1987; x_wconf 84' lang='lat' dir='ltr'><em>antiquam</em></span> <span class='ocrx_word' id='word_1_264' title='bbox 538 1942 713 1975; x_wconf 72' lang='lat' dir='ltr'><em>saneiorum</em></span> <span class='ocrx_word' id='word_1_265' title='bbox 739 1943 869 1974; x_wconf 85' lang='lat' dir='ltr'><em>Patrum</em></span> <span class='ocrx_word' id='word_1_266' title='bbox 897 1940 1087 1972; x_wconf 77' lang='lat' dir='ltr'><em>traditionem</em></span> <span class='ocrx_word' id='word_1_267' title='bbox 1108 1939 1145 1971; x_wconf 86' lang='lat' dir='ltr'><em>de</em></span> 
     </span>
     <span class='ocr_line' id='line_1_37' title="bbox 260 1986 1145 2031; baseline -0.014 0"><span class='ocrx_word' id='word_1_268' title='bbox 260 1999 314 2031; x_wconf 72' lang='lat' dir='ltr'><em>bac</em></span> <span class='ocrx_word' id='word_1_269' title='bbox 335 2008 365 2030; x_wconf 90' lang='lat' dir='ltr'><em>re</em></span> <span class='ocrx_word' id='word_1_270' title='bbox 385 1996 484 2028; x_wconf 75' lang='lat' dir='ltr'><em>minus</em></span> <span class='ocrx_word' id='word_1_271' title='bbox 509 1993 700 2026; x_wconf 82' lang='lat' dir='ltr'><em>attenderent</em></span> <span class='ocrx_word' id='word_1_272' title='bbox 713 2015 723 2030; x_wconf 90' lang='lat'><em>,</em></span> <span class='ocrx_word' id='word_1_273' title='bbox 745 1999 803 2031; x_wconf 82' lang='lat' dir='ltr'><em>pro</em></span> <span class='ocrx_word' id='word_1_274' title='bbox 824 1987 989 2031; x_wconf 86' lang='lat' dir='ltr'><em>hujusmodi</em></span> <span class='ocrx_word' id='word_1_275' title='bbox 1010 1986 1145 2029; x_wconf 78' lang='lat' dir='ltr'><em>confusio-</em></span> 
     </span>
     <span class='ocr_line' id='line_1_38' title="bbox 260 2037 1144 2088; baseline -0.018 -7"><span class='ocrx_word' id='word_1_276' title='bbox 260 2061 298 2082; x_wconf 84' lang='lat' dir='ltr'><em>ne</em></span> <span class='ocrx_word' id='word_1_277' title='bbox 317 2046 489 2088; x_wconf 85' lang='lat' dir='ltr'><em>corrigenda</em></span> <span class='ocrx_word' id='word_1_278' title='bbox 508 2042 588 2074; x_wconf 83' lang='lat' dir='ltr'><em>hanc</em></span> <span class='ocrx_word' id='word_1_279' title='bbox 605 2041 661 2081; x_wconf 80' lang='lat' dir='ltr'><em>fibi</em></span> <span class='ocrx_word' id='word_1_280' title='bbox 680 2041 810 2081; x_wconf 86' lang='lat' dir='ltr'><em>regulam</em></span> <span class='ocrx_word' id='word_1_281' title='bbox 819 2037 1047 2080; x_wconf 80' lang='lat' dir='ltr'><em>proposuerunt.</em></span> <span class='ocrx_word' id='word_1_282' title='bbox 1078 2037 1144 2072; x_wconf 90' lang='lat' dir='ltr'><em>Uti</em></span> 
     </span>
     <span class='ocr_line' id='line_1_39' title="bbox 260 2088 1147 2134; baseline -0.011 -3"><span class='ocrx_word' id='word_1_283' title='bbox 260 2096 419 2131; x_wconf 87' lang='lat' dir='ltr'><em>Triburia</em></span> <span class='ocrx_word' id='word_1_284' title='bbox 433 2118 444 2134; x_wconf 93' lang='lat'><em>,</em></span> <span class='ocrx_word' id='word_1_285' title='bbox 473 2094 518 2125; x_wconf 86' lang='lat' dir='ltr'><em>ita</em></span> <span class='ocrx_word' id='word_1_286' title='bbox 540 2092 574 2124; x_wconf 91' lang='lat'>&amp;</span> <span class='ocrx_word' id='word_1_287' title='bbox 596 2088 880 2132; x_wconf 77' lang='lat' dir='ltr'><em>Salegunstadium</em></span> <span class='ocrx_word' id='word_1_288' title='bbox 899 2089 974 2121; x_wconf 84' lang='lat' dir='ltr'><em>sunt</em></span> <span class='ocrx_word' id='word_1_289' title='bbox 999 2088 1074 2122; x_wconf 78' lang='lat' dir='ltr'><em>loca</em></span> <span class='ocrx_word' id='word_1_290' title='bbox 1099 2089 1147 2121; x_wconf 81' lang='lat' dir='ltr'><em>su·</em></span> 
     </span>
     <span class='ocr_line' id='line_1_40' title="bbox 261 2136 1148 2185; baseline -0.015 -3"><span class='ocrx_word' id='word_1_291' title='bbox 261 2147 409 2182; x_wconf 87' lang='lat' dir='ltr'><em>burbana</em></span> <span class='ocrx_word' id='word_1_292' title='bbox 430 2141 635 2185; x_wconf 77' lang='lat' dir='ltr'><em>Moguntiae:</em></span> <span class='ocrx_word' id='word_1_293' title='bbox 665 2139 759 2172; x_wconf 85' lang='lat' dir='ltr'><em>Hinc</em></span> <span class='ocrx_word' id='word_1_294' title='bbox 772 2136 947 2170; x_wconf 86' lang='lat' dir='ltr'><em>celebratas</em></span> <span class='ocrx_word' id='word_1_295' title='bbox 969 2136 1014 2170; x_wconf 90' lang='lat' dir='ltr'><em>ibi</em></span> <span class='ocrx_word' id='word_1_296' title='bbox 1043 2138 1148 2179; x_wconf 89' lang='lat' dir='ltr'><em>Syno-</em></span> 
     </span>
     <span class='ocr_line' id='line_1_41' title="bbox 262 2186 1148 2234; baseline -0.011 -4"><span class='ocrx_word' id='word_1_297' title='bbox 262 2199 323 2232; x_wconf 87' lang='lat' dir='ltr'><em>dos</em></span> <span class='ocrx_word' id='word_1_298' title='bbox 346 2193 461 2227; x_wconf 86' lang='lat' dir='ltr'><em>Guido</em></span> <span class='ocrx_word' id='word_1_299' title='bbox 487 2189 628 2234; x_wconf 85' lang='lat' dir='ltr'><em>appellat</em></span> <span class='ocrx_word' id='word_1_300' title='bbox 651 2187 871 2230; x_wconf 86' lang='lat' dir='ltr'><em>Moguntinas</em></span> <span class='ocrx_word' id='word_1_301' title='bbox 894 2210 902 2217; x_wconf 88' lang='lat'>.</span> <span class='ocrx_word' id='word_1_302' title='bbox 946 2186 1148 2230; x_wconf 82' lang='lat' dir='ltr'><em>salegunsta-</em></span> 
     </span>
     <span class='ocr_line' id='line_1_42' title="bbox 263 2235 1148 2283; baseline -0.011 -1"><span class='ocrx_word' id='word_1_303' title='bbox 263 2244 382 2282; x_wconf 84' lang='lat' dir='ltr'><em>dienfis</em></span> <span class='ocrx_word' id='word_1_304' title='bbox 406 2241 530 2277; x_wconf 86' lang='lat' dir='ltr'><em>videtur</em></span> <span class='ocrx_word' id='word_1_305' title='bbox 551 2236 637 2283; x_wconf 85' lang='lat' dir='ltr'><em>apud</em></span> <span class='ocrx_word' id='word_1_306' title='bbox 651 2238 776 2272; x_wconf 86' lang='lat' dir='ltr'><em>multos</em></span> <span class='ocrx_word' id='word_1_307' title='bbox 789 2236 880 2271; x_wconf 77' lang='lat' dir='ltr'><em>suiffe</em></span> <span class='ocrx_word' id='word_1_308' title='bbox 894 2247 1021 2281; x_wconf 82' lang='lat' dir='ltr'><em>magnae</em></span> <span class='ocrx_word' id='word_1_309' title='bbox 1032 2235 1148 2273; x_wconf 78' lang='lat' dir='ltr'><em>autho·</em></span> 
     </span>
     <span class='ocr_line' id='line_1_43' title="bbox 265 2297 386 2332; baseline -0.025 0"><span class='ocrx_word' id='word_1_310' title='bbox 265 2297 386 2332; x_wconf 82' lang='lat' dir='ltr'><em>ritatis.</em></span> 
     </span>
    </p>

    <p class='ocr_par' dir='ltr' id='par_1_3' title="bbox 269 2337 1152 2684">
     <span class='ocr_line' id='line_1_44' title="bbox 318 2337 1148 2386; baseline -0.01 -6"><span class='ocrx_word' id='word_1_311' title='bbox 318 2347 369 2381; x_wconf 80' lang='lat' dir='ltr'><em>Ex</em></span> <span class='ocrx_word' id='word_1_312' title='bbox 384 2343 452 2379; x_wconf 82' lang='lat' dir='ltr'><em>istis</em></span> <span class='ocrx_word' id='word_1_313' title='bbox 472 2342 582 2386; x_wconf 79' lang='lat' dir='ltr'><em>itaque</em></span> <span class='ocrx_word' id='word_1_314' title='bbox 606 2341 687 2374; x_wconf 86' lang='lat' dir='ltr'><em>circa</em></span> <span class='ocrx_word' id='word_1_315' title='bbox 711 2338 777 2372; x_wconf 78' lang='lat' dir='ltr'><em>haec</em></span> <span class='ocrx_word' id='word_1_316' title='bbox 797 2337 919 2382; x_wconf 80' lang='lat' dir='ltr'><em>jejunia</em></span> <span class='ocrx_word' id='word_1_317' title='bbox 940 2338 1148 2373; x_wconf 83' lang='lat' dir='ltr'><em>varietatibus</em></span> 
     </span>
     <span class='ocr_line' id='line_1_45' title="bbox 269 2389 1148 2434; baseline -0.013 -1"><span class='ocrx_word' id='word_1_318' title='bbox 269 2408 344 2434; x_wconf 78' lang='lat' dir='ltr'><em>nata</em></span> <span class='ocrx_word' id='word_1_319' title='bbox 357 2391 569 2430; x_wconf 82' lang='lat' dir='ltr'><em>incommoda</em></span> <span class='ocrx_word' id='word_1_320' title='bbox 581 2390 788 2424; x_wconf 68' lang='lat' dir='ltr'><em>considerans</em></span> <span class='ocrx_word' id='word_1_321' title='bbox 802 2389 954 2432; x_wconf 88' lang='lat' dir='ltr'><em>septimus</em></span> <span class='ocrx_word' id='word_1_322' title='bbox 969 2389 1148 2434; x_wconf 79' lang='lat' dir='ltr'><em>Gregorius</em></span> 
     </span>
     <span class='ocr_line' id='line_1_46' title="bbox 269 2437 1150 2483; baseline -0.012 -1"><span class='ocrx_word' id='word_1_323' title='bbox 269 2446 397 2483; x_wconf 80' lang='lat' dir='ltr'><em>reduxit</em></span> <span class='ocrx_word' id='word_1_324' title='bbox 411 2444 534 2478; x_wconf 80' lang='lat' dir='ltr'><em>avitum</em></span> <span class='ocrx_word' id='word_1_325' title='bbox 548 2441 707 2475; x_wconf 82' lang='lat' dir='ltr'><em>Romanae</em></span> <span class='ocrx_word' id='word_1_326' title='bbox 723 2440 870 2473; x_wconf 76' lang='lat' dir='ltr'><em>Eccleiiae</em></span> <span class='ocrx_word' id='word_1_327' title='bbox 882 2451 1007 2473; x_wconf 87' lang='lat' dir='ltr'><em>morem</em></span> <span class='ocrx_word' id='word_1_328' title='bbox 1023 2463 1034 2478; x_wconf 88' lang='lat'><em>,</em></span> <span class='ocrx_word' id='word_1_329' title='bbox 1056 2437 1150 2473; x_wconf 82' lang='lat' dir='ltr'><em>indu-</em></span> 
     </span>
     <span class='ocr_line' id='line_1_47' title="bbox 270 2487 1147 2539; baseline -0.011 -6"><span class='ocrx_word' id='word_1_330' title='bbox 270 2501 353 2533; x_wconf 66' lang='lat' dir='ltr'><em>&amp;am</em></span> <span class='ocrx_word' id='word_1_331' title='bbox 365 2496 383 2530; x_wconf 74' lang='lat' dir='ltr'><em>it</em></span> <span class='ocrx_word' id='word_1_332' title='bbox 395 2492 599 2539; x_wconf 85' lang='lat' dir='ltr'><em>Moguntina</em></span> <span class='ocrx_word' id='word_1_333' title='bbox 612 2487 771 2533; x_wconf 88' lang='lat' dir='ltr'><em>Riculphi</em></span> <span class='ocrx_word' id='word_1_334' title='bbox 785 2489 1031 2532; x_wconf 88' lang='lat' dir='ltr'><em>Archiepiscopi</em></span> <span class='ocrx_word' id='word_1_335' title='bbox 1044 2488 1147 2531; x_wconf 88' lang='lat' dir='ltr'><em>Syno-</em></span> 
     </span>
     <span class='ocr_line' id='line_1_48' title="bbox 271 2538 1147 2585; baseline -0.014 -2"><span class='ocrx_word' id='word_1_336' title='bbox 271 2550 316 2583; x_wconf 85' lang='lat' dir='ltr'><em>do</em></span> <span class='ocrx_word' id='word_1_337' title='bbox 343 2545 525 2581; x_wconf 80' lang='lat' dir='ltr'><em>novitatem</em></span> <span class='ocrx_word' id='word_1_338' title='bbox 546 2541 712 2585; x_wconf 77' lang='lat' dir='ltr'><em>suppressit</em></span> <span class='ocrx_word' id='word_1_339' title='bbox 730 2564 741 2580; x_wconf 92' lang='lat'>‚</span> <span class='ocrx_word' id='word_1_340' title='bbox 764 2539 797 2573; x_wconf 76' lang='grc' dir='ltr'><em>δε</em></span> <span class='ocrx_word' id='word_1_341' title='bbox 819 2539 925 2573; x_wconf 85' lang='lat' dir='ltr'><em>sanxit</em></span> <span class='ocrx_word' id='word_1_342' title='bbox 947 2539 1006 2573; x_wconf 75' lang='lat' dir='ltr'><em>ista</em></span> <span class='ocrx_word' id='word_1_343' title='bbox 1025 2538 1147 2582; x_wconf 85' lang='lat' dir='ltr'><em>jejunia</em></span> 
     </span>
     <span class='ocr_line' id='line_1_49' title="bbox 273 2588 1148 2643; baseline -0.013 -10"><span class='ocrx_word' id='word_1_344' title='bbox 273 2599 363 2643; x_wconf 72' lang='lat' dir='ltr'><em>juxta</em></span> <span class='ocrx_word' id='word_1_345' title='bbox 374 2595 544 2639; x_wconf 81' lang='lat' dir='ltr'><em>antiquum</em></span> <span class='ocrx_word' id='word_1_346' title='bbox 558 2598 681 2626; x_wconf 82' lang='lat' dir='ltr'><em>morem</em></span> <span class='ocrx_word' id='word_1_347' title='bbox 694 2588 734 2624; x_wconf 89' lang='lat' dir='ltr'><em>ab</em></span> <span class='ocrx_word' id='word_1_348' title='bbox 744 2591 839 2624; x_wconf 89' lang='lat' dir='ltr'><em>omni</em></span> <span class='ocrx_word' id='word_1_349' title='bbox 862 2589 982 2623; x_wconf 84' lang='lat' dir='ltr'><em>Latina</em></span> <span class='ocrx_word' id='word_1_350' title='bbox 1009 2589 1148 2623; x_wconf 78' lang='lat' dir='ltr'><em>Ecclesia</em></span> 
     </span>
     <span class='ocr_line' id='line_1_50' title="bbox 274 2638 1152 2684; baseline -0.014 0"><span class='ocrx_word' id='word_1_351' title='bbox 274 2646 447 2684; x_wconf 83' lang='lat' dir='ltr'><em>celebrari.</em></span> <span class='ocrx_word' id='word_1_352' title='bbox 471 2644 513 2677; x_wconf 87' lang='lat' dir='ltr'><em>Et</em></span> <span class='ocrx_word' id='word_1_353' title='bbox 528 2643 642 2679; x_wconf 87' lang='lat' dir='ltr'><em>Guido</em></span> <span class='ocrx_word' id='word_1_354' title='bbox 655 2640 765 2674; x_wconf 81' lang='lat' dir='ltr'><em>addit:</em></span> <span class='ocrx_word' id='word_1_355' title='bbox 794 2641 888 2683; x_wconf 73' lang='lat' dir='ltr'><em>,Quod</em></span> <span class='ocrx_word' id='word_1_356' title='bbox 898 2639 1093 2679; x_wconf 84' lang='lat' dir='ltr'><em>Constitutum</em></span> <span class='ocrx_word' id='word_1_357' title='bbox 1102 2638 1152 2682; x_wconf 78' lang='lat' dir='ltr'><em>sa·</em></span> 
     </span>
    </p>

    <p class='ocr_par' dir='ltr' id='par_1_4' title="bbox 116 2688 1155 2889">
     <span class='ocr_line' id='line_1_51' title="bbox 116 2688 1151 2742; baseline -0.011 -9"><span class='ocrx_word' id='word_1_358' title='bbox 116 2691 195 2729; x_wconf 55' lang='grc' dir='ltr'><em>ΩΨ·</em></span> <span class='ocrx_word' id='word_1_359' title='bbox 209 2698 257 2724; x_wconf 83' lang='lat'><em>²5·</em></span> <span class='ocrx_word' id='word_1_360' title='bbox 272 2696 466 2742; x_wconf 82' lang='lat' dir='ltr'><em>pientioribus</em></span> <span class='ocrx_word' id='word_1_361' title='bbox 475 2698 650 2728; x_wconf 82' lang='lat' dir='ltr'><em>reverentia</em></span> <span class='ocrx_word' id='word_1_362' title='bbox 661 2692 744 2725; x_wconf 80' lang='lat' dir='ltr'><em>Sedis</em></span> <span class='ocrx_word' id='word_1_363' title='bbox 761 2690 925 2732; x_wconf 77' lang='lat' dir='ltr'><em>Apostolicae</em></span> <span class='ocrx_word' id='word_1_364' title='bbox 927 2690 1024 2732; x_wconf 73' lang='lat' dir='ltr'><em>facile</em></span> <span class='ocrx_word' id='word_1_365' title='bbox 1029 2688 1151 2732; x_wconf 82' lang='lat' dir='ltr'><em>persua-</em></span> 
     </span>
     <span class='ocr_line' id='line_1_52' title="bbox 272 2738 1153 2792; baseline -0.01 -11"><span class='ocrx_word' id='word_1_366' title='bbox 272 2749 310 2792; x_wconf 84' lang='lat' dir='ltr'><em>fit</em></span> <span class='ocrx_word' id='word_1_367' title='bbox 322 2772 332 2787; x_wconf 95' lang='lat'><em>,</em></span> <span class='ocrx_word' id='word_1_368' title='bbox 350 2744 571 2789; x_wconf 81' lang='lat' dir='ltr'><em>fimplicioribus</em></span> <span class='ocrx_word' id='word_1_369' title='bbox 583 2751 681 2776; x_wconf 83' lang='lat' dir='ltr'><em>autem</em></span> <span class='ocrx_word' id='word_1_370' title='bbox 694 2742 835 2774; x_wconf 80' lang='lat' dir='ltr'><em>nonnulla</em></span> <span class='ocrx_word' id='word_1_371' title='bbox 846 2740 994 2776; x_wconf 81' lang='lat' dir='ltr'><em>dubitatio</em></span> <span class='ocrx_word' id='word_1_372' title='bbox 1001 2738 1087 2782; x_wconf 87' lang='lat' dir='ltr'><em>super</em></span> <span class='ocrx_word' id='word_1_373' title='bbox 1097 2740 1153 2773; x_wconf 86' lang='lat' dir='ltr'><em>bu-</em></span> 
     </span>
     <span class='ocr_line' id='line_1_53' title="bbox 278 2790 1153 2842; baseline -0.013 -11"><span class='ocrx_word' id='word_1_374' title='bbox 278 2798 325 2842; x_wconf 78' lang='lat' dir='ltr'><em>jus</em></span> <span class='ocrx_word' id='word_1_375' title='bbox 338 2800 447 2830; x_wconf 78' lang='lat' dir='ltr'><em>statuti</em></span> <span class='ocrx_word' id='word_1_376' title='bbox 455 2795 683 2838; x_wconf 81' lang='lat' dir='ltr'><em>promulgatione</em></span> <span class='ocrx_word' id='word_1_377' title='bbox 693 2790 831 2832; x_wconf 78' lang='lat' dir='ltr'><em>remansit</em></span> <span class='ocrx_word' id='word_1_378' title='bbox 844 2815 851 2821; x_wconf 93' lang='lat'><strong><em>.</em></strong></span> <span class='ocrx_word' id='word_1_379' title='bbox 878 2795 965 2825; x_wconf 83' lang='lat' dir='ltr'><em>Nam</em></span> <span class='ocrx_word' id='word_1_380' title='bbox 977 2801 1035 2824; x_wconf 91' lang='lat' dir='ltr'><em>non</em></span> <span class='ocrx_word' id='word_1_381' title='bbox 1043 2798 1153 2832; x_wconf 83' lang='lat' dir='ltr'><em>parum</em></span> 
     </span>
     <span class='ocr_line' id='line_1_54' title="bbox 281 2839 1155 2889; baseline -0.009 -8"><span class='ocrx_word' id='word_1_382' title='bbox 281 2845 512 2889; x_wconf 59' lang='lat' dir='ltr'><em>&amp;consuetudine</em></span> <span class='ocrx_word' id='word_1_383' title='bbox 525 2856 621 2878; x_wconf 83' lang='lat' dir='ltr'><em>eorum</em></span> <span class='ocrx_word' id='word_1_384' title='bbox 632 2840 799 2884; x_wconf 79' lang='lat' dir='ltr'><em>discrepat,</em></span> <span class='ocrx_word' id='word_1_385' title='bbox 825 2852 915 2883; x_wconf 86' lang='lat' dir='ltr'><em>quam</em></span> <span class='ocrx_word' id='word_1_386' title='bbox 936 2842 956 2872; x_wconf 77' lang='grc' dir='ltr'><em>ἃ</em></span> <span class='ocrx_word' id='word_1_387' title='bbox 978 2839 1155 2883; x_wconf 81' lang='lat' dir='ltr'><em>quibusdam</em></span> 
     </span>
    </p>
   </div>
   <div class='ocr_carea' id='block_1_3' title="bbox 281 2891 1162 3339">
    <p class='ocr_par' dir='ltr' id='par_1_5' title="bbox 281 2891 1162 3339">
     <span class='ocr_line' id='line_1_55' title="bbox 281 2891 1156 2939; baseline -0.009 -7"><span class='ocrx_word' id='word_1_388' title='bbox 281 2901 404 2939; x_wconf 79' lang='lat' dir='ltr'><em>Scriptis</em></span> <span class='ocrx_word' id='word_1_389' title='bbox 417 2907 472 2927; x_wconf 86' lang='lat' dir='ltr'><em>non</em></span> <span class='ocrx_word' id='word_1_390' title='bbox 486 2896 557 2927; x_wconf 85' lang='lat' dir='ltr'><em>adeo</em></span> <span class='ocrx_word' id='word_1_391' title='bbox 572 2893 755 2927; x_wconf 76' lang='lat' dir='ltr'><em>Authenticis</em></span> <span class='ocrx_word' id='word_1_392' title='bbox 775 2898 989 2924; x_wconf 85' lang='lat' dir='ltr'><em>mutuaverunt</em></span> <span class='ocrx_word' id='word_1_393' title='bbox 1001 2915 1012 2931; x_wconf 88' lang='lat'>‚</span> <span class='ocrx_word' id='word_1_394' title='bbox 1036 2892 1071 2922; x_wconf 89' lang='lat' dir='ltr'><em>id</em></span> <span class='ocrx_word' id='word_1_395' title='bbox 1091 2891 1129 2930; x_wconf 83' lang='lat' dir='ltr'><em>est-</em></span> <span class='ocrx_word' id='word_1_396' title='bbox 1145 2914 1156 2930; x_wconf 90' lang='lat'><em>,</em></span> 
     </span>
     <span class='ocr_line' id='line_1_56' title="bbox 285 2938 1158 2990; baseline -0.01 -11"><span class='ocrx_word' id='word_1_397' title='bbox 285 2951 305 2981; x_wconf 68' lang='grc' dir='ltr'><em>ἃ</em></span> <span class='ocrx_word' id='word_1_398' title='bbox 327 2943 555 2990; x_wconf 83' lang='lat' dir='ltr'><em>Moguntiacenfi</em></span> <span class='ocrx_word' id='word_1_399' title='bbox 573 2944 721 2982; x_wconf 73' lang='lat' dir='ltr'><em>Concilio,</em></span> <span class='ocrx_word' id='word_1_400' title='bbox 748 2949 877 2982; x_wconf 82' lang='lat' dir='ltr'><em>tempore</em></span> <span class='ocrx_word' id='word_1_401' title='bbox 899 2945 1019 2977; x_wconf 85' lang='lat' dir='ltr'><em>Henrici</em></span> <span class='ocrx_word' id='word_1_402' title='bbox 1034 2938 1158 2983; x_wconf 80' lang='lat' dir='ltr'><em>secundi</em></span> 
     </span>
     <span class='ocr_line' id='line_1_57' title="bbox 286 2991 1156 3040; baseline -0.006 -11"><span class='ocrx_word' id='word_1_403' title='bbox 286 2999 476 3040; x_wconf 77' lang='lat' dir='ltr'><em>Imperatoris</em></span> <span class='ocrx_word' id='word_1_404' title='bbox 485 2993 587 3035; x_wconf 57' lang='lat' dir='ltr'><em>fado.</em></span> <span class='ocrx_word' id='word_1_405' title='bbox 613 2991 776 3034; x_wconf 71' lang='lat' dir='ltr'><em>Praecipua</em></span> <span class='ocrx_word' id='word_1_406' title='bbox 788 2992 888 3035; x_wconf 83' lang='lat' dir='ltr'><em>igitur</em></span> <span class='ocrx_word' id='word_1_407' title='bbox 899 2991 1064 3033; x_wconf 83' lang='lat' dir='ltr'><em>oppositio</em></span> <span class='ocrx_word' id='word_1_408' title='bbox 1088 3003 1156 3034; x_wconf 86' lang='lat' dir='ltr'><em>pro·</em></span> 
     </span>
     <span class='ocr_line' id='line_1_58' title="bbox 286 3040 1160 3084; baseline -0.011 0"><span class='ocrx_word' id='word_1_409' title='bbox 286 3049 376 3083; x_wconf 88' lang='lat' dir='ltr'><em>venit</em></span> <span class='ocrx_word' id='word_1_410' title='bbox 385 3041 601 3082; x_wconf 70' lang='lat' dir='ltr'><em>a-Germaniae</em></span> <span class='ocrx_word' id='word_1_411' title='bbox 614 3041 820 3084; x_wconf 84' lang='lat' dir='ltr'><em>Episcopis&amp;</em></span> <span class='ocrx_word' id='word_1_412' title='bbox 833 3040 971 3075; x_wconf 84' lang='lat' dir='ltr'><em>Clericis</em></span> <span class='ocrx_word' id='word_1_413' title='bbox 982 3065 989 3072; x_wconf 94' lang='lat'><strong>.</strong></span> <span class='ocrx_word' id='word_1_414' title='bbox 1015 3040 1065 3074; x_wconf 87' lang='lat' dir='ltr'><em>Hi</em></span> <span class='ocrx_word' id='word_1_415' title='bbox 1078 3041 1160 3075; x_wconf 84' lang='lat' dir='ltr'><em>Sale·</em></span> 
     </span>
     <span class='ocr_line' id='line_1_59' title="bbox 287 3089 1159 3144; baseline -0.007 -12"><span class='ocrx_word' id='word_1_416' title='bbox 287 3093 519 3144; x_wconf 81' lang='lat' dir='ltr'><em>gunstadienfis</em></span> <span class='ocrx_word' id='word_1_417' title='bbox 555 3090 703 3127; x_wconf 84' lang='lat' dir='ltr'><em>Concilii</em></span> <span class='ocrx_word' id='word_1_418' title='bbox 726 3089 960 3124; x_wconf 81' lang='lat' dir='ltr'><em>authoritatem</em></span> <span class='ocrx_word' id='word_1_419' title='bbox 982 3090 1159 3126; x_wconf 87' lang='lat' dir='ltr'><em>noluerunt</em></span> 
     </span>
     <span class='ocr_line' id='line_1_60' title="bbox 288 3139 1160 3184; baseline -0.008 -2"><span class='ocrx_word' id='word_1_420' title='bbox 288 3143 504 3183; x_wconf 80' lang='lat' dir='ltr'><em>circumscribi</em></span> <span class='ocrx_word' id='word_1_421' title='bbox 517 3152 572 3177; x_wconf 85' lang='lat' dir='ltr'><em>aut</em></span> <span class='ocrx_word' id='word_1_422' title='bbox 585 3140 722 3176; x_wconf 88' lang='lat' dir='ltr'><em>aboleri.</em></span> <span class='ocrx_word' id='word_1_423' title='bbox 752 3141 796 3174; x_wconf 86' lang='lat' dir='ltr'><em>Et</em></span> <span class='ocrx_word' id='word_1_424' title='bbox 808 3139 886 3174; x_wconf 87' lang='lat' dir='ltr'><em>hinc</em></span> <span class='ocrx_word' id='word_1_425' title='bbox 900 3141 933 3173; x_wconf 90' lang='lat' dir='ltr'><em>in</em></span> <span class='ocrx_word' id='word_1_426' title='bbox 947 3142 1090 3184; x_wconf 86' lang='lat' dir='ltr'><em>praesenti</em></span> <span class='ocrx_word' id='word_1_427' title='bbox 1102 3142 1160 3184; x_wconf 84' lang='lat' dir='ltr'><em>Sy-</em></span> 
     </span>
     <span class='ocr_line' id='line_1_61' title="bbox 287 3187 1158 3234; baseline -0.009 -2"><span class='ocrx_word' id='word_1_428' title='bbox 287 3210 333 3232; x_wconf 84' lang='lat' dir='ltr'><em>no</em></span> <span class='ocrx_word' id='word_1_429' title='bbox 346 3194 441 3233; x_wconf 82' lang='lat' dir='ltr'><em>Otho</em></span> <span class='ocrx_word' id='word_1_430' title='bbox 452 3193 635 3229; x_wconf 77' lang='lat' dir='ltr'><em>Hostienfis</em></span> <span class='ocrx_word' id='word_1_431' title='bbox 648 3190 847 3234; x_wconf 78' lang='lat' dir='ltr'><em>Episcopus,</em></span> <span class='ocrx_word' id='word_1_432' title='bbox 877 3191 910 3227; x_wconf 87' lang='lat'>&amp;</span> <span class='ocrx_word' id='word_1_433' title='bbox 924 3191 958 3224; x_wconf 88' lang='lat' dir='ltr'><em>in</em></span> <span class='ocrx_word' id='word_1_434' title='bbox 981 3187 1036 3226; x_wconf 64' lang='lat' dir='ltr'><em>su&#39;a</em></span> <span class='ocrx_word' id='word_1_435' title='bbox 1054 3192 1158 3233; x_wconf 87' lang='lat' dir='ltr'><em>Syno-</em></span> 
     </span>
     <span class='ocr_line' id='line_1_62' title="bbox 287 3240 1162 3285; baseline -0.008 -5"><span class='ocrx_word' id='word_1_436' title='bbox 287 3246 332 3280; x_wconf 87' lang='lat' dir='ltr'><em>do</em></span> <span class='ocrx_word' id='word_1_437' title='bbox 359 3243 562 3279; x_wconf 88' lang='lat' dir='ltr'><em>Geberardus</em></span> <span class='ocrx_word' id='word_1_438' title='bbox 585 3240 846 3276; x_wconf 84' lang='lat' dir='ltr'><em>Constantienfis</em></span> <span class='ocrx_word' id='word_1_439' title='bbox 867 3241 1015 3276; x_wconf 82' lang='lat' dir='ltr'><em>Antistes</em></span> <span class='ocrx_word' id='word_1_440' title='bbox 1034 3267 1044 3282; x_wconf 93' lang='lat'>‚</span> <span class='ocrx_word' id='word_1_441' title='bbox 1071 3241 1162 3285; x_wconf 86' lang='lat' dir='ltr'><em>Apo·</em></span> 
     </span>
     <span class='ocr_line' id='line_1_63' title="bbox 289 3290 1161 3339; baseline -0.01 -7"><span class='ocrx_word' id='word_1_442' title='bbox 289 3296 407 3332; x_wconf 75' lang='lat' dir='ltr'><em>stolicae</em></span> <span class='ocrx_word' id='word_1_443' title='bbox 424 3292 513 3332; x_wconf 77' lang='lat' dir='ltr'><em>&#39;sedis</em></span> <span class='ocrx_word' id='word_1_444' title='bbox 524 3304 582 3339; x_wconf 83' lang='lat' dir='ltr'><em>pet</em></span> <span class='ocrx_word' id='word_1_445' title='bbox 604 3290 816 3331; x_wconf 76' lang='lat' dir='ltr'><em>Germaniam</em></span> <span class='ocrx_word' id='word_1_446' title='bbox 841 3290 982 3338; x_wconf 82' lang='lat' dir='ltr'><em>Legati,</em></span> <span class='ocrx_word' id='word_1_447' title='bbox 1009 3291 1161 3337; x_wconf 85' lang='lat' dir='ltr'><em>Gregorii</em></span> 
     </span>
    </p>
   </div>
   <div class='ocr_carea' id='block_1_4' title="bbox 1141 314 1177 2065">
    <p class='ocr_par' dir='ltr' id='par_1_6' title="bbox 1141 314 1177 2065">
     <span class='ocr_line' id='line_1_64' title="bbox 1141 314 1177 2065; baseline 0 0"><span class='ocrx_word' id='word_1_448' title='bbox 1141 314 1177 2065; x_wconf 95' lang='lat' dir='ltr'><em> </em></span> 
     </span>
    </p>
   </div>
   <div class='ocr_carea' id='block_1_5' title="bbox 639 157 1716 220">
    <p class='ocr_par' dir='ltr' id='par_1_7' title="bbox 639 157 1716 220">
     <span class='ocr_line' id='line_1_65' title="bbox 639 157 1716 220; baseline 0.004 -21"><span class='ocrx_word' id='word_1_449' title='bbox 639 157 1716 220; x_wconf 61' lang='lat' dir='ltr'>QUINTlr-INOBURGENSE</span> 
     </span>
    </p>
   </div>
   <div class='ocr_carea' id='block_1_6' title="bbox 1195 232 2246 3340">
    <p class='ocr_par' dir='ltr' id='par_1_8' title="bbox 1195 232 2246 3340">
     <span class='ocr_line' id='line_1_66' title="bbox 1195 232 2079 292; baseline 0.018 -28"><span class='ocrx_word' id='word_1_450' title='bbox 1195 232 1373 269; x_wconf 82' lang='lat' dir='ltr'><em>Decretum</em></span> <span class='ocrx_word' id='word_1_451' title='bbox 1387 237 1587 275; x_wconf 79' lang='lat' dir='ltr'><em>innovarunt</em></span> <span class='ocrx_word' id='word_1_452' title='bbox 1596 264 1604 272; x_wconf 95' lang='lat'><strong>.</strong></span> <span class='ocrx_word' id='word_1_453' title='bbox 1635 241 1679 275; x_wconf 88' lang='lat' dir='ltr'><em>Et</em></span> <span class='ocrx_word' id='word_1_454' title='bbox 1689 241 1731 275; x_wconf 91' lang='lat' dir='ltr'><em>de</em></span> <span class='ocrx_word' id='word_1_455' title='bbox 1742 242 1942 280; x_wconf 79' lang='lat' dir='ltr'><em>Northuensi</em></span> <span class='ocrx_word' id='word_1_456' title='bbox 1956 271 1967 287; x_wconf 93' lang='lat'><em>,</em></span> <span class='ocrx_word' id='word_1_457' title='bbox 1979 259 2079 292; x_wconf 83' lang='lat' dir='ltr'><em>quam</em></span> 
     </span>
     <span class='ocr_line' id='line_1_67' title="bbox 1195 282 2080 334; baseline 0.019 -19"><span class='ocrx_word' id='word_1_458' title='bbox 1195 282 1253 316; x_wconf 87' lang='lat' dir='ltr'><em>sub</em></span> <span class='ocrx_word' id='word_1_459' title='bbox 1279 285 1422 321; x_wconf 84' lang='lat' dir='ltr'><em>Henrici</em></span> <span class='ocrx_word' id='word_1_460' title='bbox 1459 289 1568 332; x_wconf 82' lang='lat' dir='ltr'><em>quinti</em></span> <span class='ocrx_word' id='word_1_461' title='bbox 1589 290 1735 334; x_wconf 87' lang='lat' dir='ltr'><em>Imperio</em></span> <span class='ocrx_word' id='word_1_462' title='bbox 1766 292 1856 327; x_wconf 83' lang='lat' dir='ltr'><em>idem</em></span> <span class='ocrx_word' id='word_1_463' title='bbox 1878 295 2080 333; x_wconf 87' lang='lat' dir='ltr'><em>Geberardus</em></span> 
     </span>
     <span class='ocr_line' id='line_1_68' title="bbox 1195 333 2083 389; baseline 0.015 -23"><span class='ocrx_word' id='word_1_464' title='bbox 1195 342 1271 369; x_wconf 85' lang='lat' dir='ltr'><em>cum</em></span> <span class='ocrx_word' id='word_1_465' title='bbox 1294 333 1471 372; x_wconf 86' lang='lat' dir='ltr'><em>Rutbardo</em></span> <span class='ocrx_word' id='word_1_466' title='bbox 1495 340 1706 385; x_wconf 88' lang='lat' dir='ltr'><em>Moguntino</em></span> <span class='ocrx_word' id='word_1_467' title='bbox 1725 341 1986 389; x_wconf 84' lang='lat' dir='ltr'><em>Archiepiscopo</em></span> <span class='ocrx_word' id='word_1_468' title='bbox 2009 373 2021 389; x_wconf 93' lang='lat'><em>,</em></span> <span class='ocrx_word' id='word_1_469' title='bbox 2045 349 2083 383; x_wconf 74' lang='grc' dir='ltr'><em>ὅτ,</em></span> 
     </span>
     <span class='ocr_line' id='line_1_69' title="bbox 1198 383 2083 439; baseline 0.016 -23"><span class='ocrx_word' id='word_1_470' title='bbox 1198 383 1255 417; x_wconf 84' lang='lat' dir='ltr'><em>suo</em></span> <span class='ocrx_word' id='word_1_471' title='bbox 1273 384 1310 418; x_wconf 86' lang='lat' dir='ltr'><em>in</em></span> <span class='ocrx_word' id='word_1_472' title='bbox 1334 386 1497 423; x_wconf 84' lang='lat' dir='ltr'><em>Paschalis</em></span> <span class='ocrx_word' id='word_1_473' title='bbox 1518 391 1651 425; x_wconf 86' lang='lat' dir='ltr'><em>secundi</em></span> <span class='ocrx_word' id='word_1_474' title='bbox 1673 392 1842 437; x_wconf 80' lang='lat' dir='ltr'><em>legatione</em></span> <span class='ocrx_word' id='word_1_475' title='bbox 1863 394 2006 439; x_wconf 81' lang='lat' dir='ltr'><em>Collega</em></span> <span class='ocrx_word' id='word_1_476' title='bbox 2031 409 2083 432; x_wconf 86' lang='lat' dir='ltr'><em>ce-</em></span> 
     </span>
     <span class='ocr_line' id='line_1_70' title="bbox 1197 433 2243 501; baseline 0.015 -35"><span class='ocrx_word' id='word_1_477' title='bbox 1197 433 1358 477; x_wconf 86' lang='lat' dir='ltr'><em>lebravit,</em></span> <span class='ocrx_word' id='word_1_478' title='bbox 1385 438 1524 481; x_wconf 89' lang='lat' dir='ltr'><em>Synodo</em></span> <span class='ocrx_word' id='word_1_479' title='bbox 1544 439 1646 475; x_wconf 83' lang='lat' dir='ltr'><em>habet</em></span> <span class='ocrx_word' id='word_1_480' title='bbox 1668 441 1859 478; x_wconf 77' lang='lat' dir='ltr'><em>Conrardus</em></span> <span class='ocrx_word' id='word_1_481' title='bbox 1880 443 1994 479; x_wconf 81' lang='lat' dir='ltr'>Abbas</span> <span class='ocrx_word' id='word_1_482' title='bbox 2013 445 2137 494; x_wconf 57' lang='grc' dir='ltr'><strong>[ΠΣ-Λ,</strong></span> <span class='ocrx_word' id='word_1_483' title='bbox 2163 473 2243 501; x_wconf 50' lang='lat'><em>,05¹4</em></span> 
     </span>
     <span class='ocr_line' id='line_1_71' title="bbox 1198 486 2085 533; baseline 0.016 -17"><span class='ocrx_word' id='word_1_484' title='bbox 1198 486 1355 528; x_wconf 76' lang='lat' dir='ltr'><em>pergensis</em></span> <span class='ocrx_word' id='word_1_485' title='bbox 1369 501 1380 521; x_wconf 92' lang='lat'><em>.·</em></span> <span class='ocrx_word' id='word_1_486' title='bbox 1399 489 1562 533; x_wconf 86' lang='lat' dir='ltr'><em>Jejunium</em></span> <span class='ocrx_word' id='word_1_487' title='bbox 1584 490 1689 533; x_wconf 82' lang='lat' dir='ltr'><em>menfis</em></span> <span class='ocrx_word' id='word_1_488' title='bbox 1710 496 1818 526; x_wconf 75' lang='lat' dir='ltr'><em>Martii</em></span> <span class='ocrx_word' id='word_1_489' title='bbox 1840 500 1872 527; x_wconf 84' lang='lat' dir='ltr'><em>in</em></span> <span class='ocrx_word' id='word_1_490' title='bbox 1896 493 2085 530; x_wconf 72' lang='lat' dir='ltr'><em>bebdomada</em></span> 
     </span>
     <span class='ocr_line' id='line_1_72' title="bbox 1198 536 2089 590; baseline 0.013 -23"><span class='ocrx_word' id='word_1_491' title='bbox 1198 536 1463 580; x_wconf 62' lang='lat' dir='ltr'><em>,Quadragest‘mae‚</em></span> <span class='ocrx_word' id='word_1_492' title='bbox 1487 540 1632 584; x_wconf 80' lang='lat' dir='ltr'><em>jejunium</em></span> <span class='ocrx_word' id='word_1_493' title='bbox 1642 544 1715 575; x_wconf 75' lang='lat' dir='ltr'><em>vero</em></span> <span class='ocrx_word' id='word_1_494' title='bbox 1726 541 1828 584; x_wconf 81' lang='lat' dir='ltr'><em>mensis</em></span> <span class='ocrx_word' id='word_1_495' title='bbox 1843 548 1942 590; x_wconf 83' lang='lat' dir='ltr'><em>Jum&#39;i</em></span> <span class='ocrx_word' id='word_1_496' title='bbox 1963 551 1995 578; x_wconf 86' lang='lat' dir='ltr'><em>in</em></span> <span class='ocrx_word' id='word_1_497' title='bbox 2015 545 2089 590; x_wconf 70' lang='lat' dir='ltr'><em>ipsav</em></span> 
     </span>
     <span class='ocr_line' id='line_1_73' title="bbox 1199 587 2085 637; baseline 0.012 -19"><span class='ocrx_word' id='word_1_498' title='bbox 1199 587 1377 627; x_wconf 78' lang='lat' dir='ltr'><em>Pentecostes</em></span> <span class='ocrx_word' id='word_1_499' title='bbox 1395 590 1583 624; x_wconf 85' lang='lat' dir='ltr'><em>bebdomada</em></span> <span class='ocrx_word' id='word_1_500' title='bbox 1595 592 1804 626; x_wconf 85' lang='lat' dir='ltr'><em>celebrandum</em></span> <span class='ocrx_word' id='word_1_501' title='bbox 1823 606 1902 629; x_wconf 85' lang='lat' dir='ltr'><em>more</em></span> <span class='ocrx_word' id='word_1_502' title='bbox 1926 595 2085 637; x_wconf 84' lang='lat' dir='ltr'><em>Romano,</em></span> 
     </span>
     <span class='ocr_line' id='line_1_74' title="bbox 1201 636 2082 690; baseline 0.015 -22"><span class='ocrx_word' id='word_1_503' title='bbox 1201 636 1357 678; x_wconf 68' lang='lat' dir='ltr'><em>apostolica</em></span> <span class='ocrx_word' id='word_1_504' title='bbox 1368 639 1545 674; x_wconf 82' lang='lat' dir='ltr'><em>authoritate</em></span> <span class='ocrx_word' id='word_1_505' title='bbox 1555 644 1697 675; x_wconf 85' lang='lat' dir='ltr'><em>indicitur</em></span> <span class='ocrx_word' id='word_1_506' title='bbox 1708 668 1715 675; x_wconf 93' lang='lat'>.</span> <span class='ocrx_word' id='word_1_507' title='bbox 1744 643 1873 679; x_wconf 88' lang='lat' dir='ltr'><em>Eodem</em></span> <span class='ocrx_word' id='word_1_508' title='bbox 1885 655 1949 680; x_wconf 87' lang='lat' dir='ltr'><em>tem</em></span> <span class='ocrx_word' id='word_1_509' title='bbox 1955 658 2031 690; x_wconf 91' lang='lat' dir='ltr'><em>pore</em></span> <span class='ocrx_word' id='word_1_510' title='bbox 2043 648 2082 680; x_wconf 89' lang='lat' dir='ltr'><em>in</em></span> 
     </span>
     <span class='ocr_line' id='line_1_75' title="bbox 1201 689 2083 737; baseline 0.009 -14"><span class='ocrx_word' id='word_1_511' title='bbox 1201 689 1379 724; x_wconf 82' lang='lat' dir='ltr'><em>Germania</em></span> <span class='ocrx_word' id='word_1_512' title='bbox 1394 691 1478 725; x_wconf 84' lang='lat' dir='ltr'><em>vixit</em></span> <span class='ocrx_word' id='word_1_513' title='bbox 1493 692 1526 725; x_wconf 76' lang='grc' dir='ltr'>ἀ</span> <span class='ocrx_word' id='word_1_514' title='bbox 1548 692 1668 736; x_wconf 75' lang='lat' dir='ltr'><em>scripsit</em></span> <span class='ocrx_word' id='word_1_515' title='bbox 1690 693 1857 737; x_wconf 87' lang='lat' dir='ltr'><em>Rupertus</em></span> <span class='ocrx_word' id='word_1_516' title='bbox 1877 695 2009 731; x_wconf 85' lang='lat' dir='ltr'>Abbas:</span> <span class='ocrx_word' id='word_1_517' title='bbox 2035 697 2083 731; x_wconf 89' lang='lat' dir='ltr'><em>Et</em></span> 
     </span>
     <span class='ocr_line' id='line_1_76' title="bbox 1202 739 2085 786; baseline 0.008 -13"><span class='ocrx_word' id='word_1_518' title='bbox 1202 739 1340 774; x_wconf 79' lang='lat' dir='ltr'><em>insinuat</em></span> <span class='ocrx_word' id='word_1_519' title='bbox 1355 742 1533 786; x_wconf 83' lang='lat' dir='ltr'><em>Gregorii,</em></span> <span class='ocrx_word' id='word_1_520' title='bbox 1561 743 1651 786; x_wconf 90' lang='lat' dir='ltr'><em>quod</em></span> <span class='ocrx_word' id='word_1_521' title='bbox 1663 743 1784 778; x_wconf 74' lang='lat' dir='ltr'><em>eximie</em></span> <span class='ocrx_word' id='word_1_522' title='bbox 1807 745 1937 786; x_wconf 87' lang='lat' dir='ltr'><em>laudat,</em></span> <span class='ocrx_word' id='word_1_523' title='bbox 1963 747 2085 781; x_wconf 88' lang='lat' dir='ltr'><em>Decre-</em></span> 
     </span>
     <span class='ocr_line' id='line_1_77' title="bbox 1203 792 2082 832; baseline 0.006 -9"><span class='ocrx_word' id='word_1_524' title='bbox 1203 800 1273 825; x_wconf 83' lang='lat' dir='ltr'><em>tum</em></span> <span class='ocrx_word' id='word_1_525' title='bbox 1287 800 1367 825; x_wconf 90' lang='lat' dir='ltr'><em>tunc</em></span> <span class='ocrx_word' id='word_1_526' title='bbox 1381 792 1520 826; x_wconf 85' lang='lat' dir='ltr'><em>necdum</em></span> <span class='ocrx_word' id='word_1_527' title='bbox 1531 793 1549 825; x_wconf 73' lang='grc' dir='ltr'>ὲ</span> <span class='ocrx_word' id='word_1_528' title='bbox 1566 793 1691 828; x_wconf 75' lang='lat' dir='ltr'><em>cunetis</em></span> <span class='ocrx_word' id='word_1_529' title='bbox 1702 794 1796 829; x_wconf 79' lang='lat' dir='ltr'><em>fuiffe</em></span> <span class='ocrx_word' id='word_1_530' title='bbox 1814 795 1988 830; x_wconf 74' lang='lat' dir='ltr'><em>admissum</em></span> <span class='ocrx_word' id='word_1_531' title='bbox 2003 823 2011 832; x_wconf 89' lang='lat'><strong>.</strong></span> <span class='ocrx_word' id='word_1_532' title='bbox 2036 796 2082 830; x_wconf 86' lang='lat' dir='ltr'><em>Et</em></span> 
     </span>
     <span class='ocr_line' id='line_1_78' title="bbox 1205 839 2084 887; baseline 0.009 -14"><span class='ocrx_word' id='word_1_533' title='bbox 1205 841 1348 875; x_wconf 85' lang='lat' dir='ltr'><em>notanda</em></span> <span class='ocrx_word' id='word_1_534' title='bbox 1363 842 1436 875; x_wconf 89' lang='lat' dir='ltr'><em>sunt</em></span> <span class='ocrx_word' id='word_1_535' title='bbox 1447 839 1515 876; x_wconf 79' lang='lat' dir='ltr'><em>haec</em></span> <span class='ocrx_word' id='word_1_536' title='bbox 1527 842 1596 886; x_wconf 84' lang='lat' dir='ltr'><em>ejus</em></span> <span class='ocrx_word' id='word_1_537' title='bbox 1608 843 1702 878; x_wconf 83' lang='lat' dir='ltr'><em>verba</em></span> <span class='ocrx_word' id='word_1_538' title='bbox 1713 843 1753 878; x_wconf 90' lang='lat' dir='ltr'><em>de</em></span> <span class='ocrx_word' id='word_1_539' title='bbox 1763 844 1853 887; x_wconf 87' lang='lat' dir='ltr'><em>Junii</em></span> <span class='ocrx_word' id='word_1_540' title='bbox 1867 846 1952 880; x_wconf 88' lang='lat' dir='ltr'><em>intra</em></span> <span class='ocrx_word' id='word_1_541' title='bbox 1964 845 2084 881; x_wconf 89' lang='lat' dir='ltr'><em>Pente-</em></span> 
     </span>
     <span class='ocr_line' id='line_1_79' title="bbox 1203 888 2081 936; baseline 0.006 -12"><span class='ocrx_word' id='word_1_542' title='bbox 1203 888 1306 925; x_wconf 81' lang='lat' dir='ltr'><em>costes</em></span> <span class='ocrx_word' id='word_1_543' title='bbox 1316 892 1475 926; x_wconf 71' lang='lat' dir='ltr'><em>Ostavam</em></span> <span class='ocrx_word' id='word_1_544' title='bbox 1497 893 1696 929; x_wconf 81' lang='lat' dir='ltr'><em>celebrando</em></span> <span class='ocrx_word' id='word_1_545' title='bbox 1715 893 1858 936; x_wconf 87' lang='lat' dir='ltr'><em>jejunio:</em></span> <span class='ocrx_word' id='word_1_546' title='bbox 1886 901 1953 929; x_wconf 83' lang='lat' dir='ltr'><em>Nec</em></span> <span class='ocrx_word' id='word_1_547' title='bbox 1972 901 2081 930; x_wconf 82' lang='lat' dir='ltr'><em>contri-</em></span> 
     </span>
     <span class='ocr_line' id='line_1_80' title="bbox 1203 940 2080 989; baseline 0.006 -16"><span class='ocrx_word' id='word_1_548' title='bbox 1203 940 1260 982; x_wconf 80' lang='lat' dir='ltr'><em>(iat</em></span> <span class='ocrx_word' id='word_1_549' title='bbox 1287 950 1341 974; x_wconf 85' lang='lat' dir='ltr'><em>aut</em></span> <span class='ocrx_word' id='word_1_550' title='bbox 1362 940 1495 984; x_wconf 66' lang='lat' dir='ltr'><em>obsi-urat</em></span> <span class='ocrx_word' id='word_1_551' title='bbox 1519 967 1531 983; x_wconf 95' lang='lat'><em>,</em></span> <span class='ocrx_word' id='word_1_552' title='bbox 1561 942 1619 987; x_wconf 84' lang='lat' dir='ltr'><em>sed</em></span> <span class='ocrx_word' id='word_1_553' title='bbox 1638 950 1734 988; x_wconf 82' lang='lat' dir='ltr'><em>magis</em></span> <span class='ocrx_word' id='word_1_554' title='bbox 1759 944 1886 983; x_wconf 86' lang='lat' dir='ltr'><em>illustrat</em></span> <span class='ocrx_word' id='word_1_555' title='bbox 1905 945 2080 989; x_wconf 77' lang='lat' dir='ltr'><em>jejumorum</em></span> 
     </span>
     <span class='ocr_line' id='line_1_81' title="bbox 1204 989 2104 1039; baseline 0.006 -16"><span class='ocrx_word' id='word_1_556' title='bbox 1204 989 1396 1037; x_wconf 82' lang='lat' dir='ltr'><em>observantia</em></span> <span class='ocrx_word' id='word_1_557' title='bbox 1419 993 1503 1024; x_wconf 79' lang='lat' dir='ltr'><em>illam</em></span> <span class='ocrx_word' id='word_1_558' title='bbox 1523 994 1562 1025; x_wconf 86' lang='lat' dir='ltr'><em>de</em></span> <span class='ocrx_word' id='word_1_559' title='bbox 1583 995 1721 1030; x_wconf 83' lang='lat' dir='ltr'><em>adventu</em></span> <span class='ocrx_word' id='word_1_560' title='bbox 1731 997 1859 1037; x_wconf 82' lang='lat' dir='ltr'><em>spiritus</em></span> <span class='ocrx_word' id='word_1_561' title='bbox 1869 994 2081 1039; x_wconf 71' lang='lat' dir='ltr'><em>Saufflfhlem-</em></span> <span class='ocrx_word' id='word_1_562' title='bbox 2100 1009 2104 1015; x_wconf 69' lang='grc'>’</span> 
     </span>
     <span class='ocr_line' id='line_1_82' title="bbox 1204 1040 2085 1082; baseline 0.009 -9"><span class='ocrx_word' id='word_1_563' title='bbox 1204 1047 1331 1075; x_wconf 84' lang='lat' dir='ltr'><em>nitatem</em></span> <span class='ocrx_word' id='word_1_564' title='bbox 1344 1066 1351 1073; x_wconf 92' lang='lat'>.</span> <span class='ocrx_word' id='word_1_565' title='bbox 1380 1040 1525 1075; x_wconf 87' lang='lat' dir='ltr'><em>Edicunt</em></span> <span class='ocrx_word' id='word_1_566' title='bbox 1536 1043 1695 1082; x_wconf 86' lang='lat' dir='ltr'><em>quosdam</em></span> <span class='ocrx_word' id='word_1_567' title='bbox 1705 1046 1860 1080; x_wconf 77' lang='lat' dir='ltr'><em>censuiffe</em></span> <span class='ocrx_word' id='word_1_568' title='bbox 1872 1045 2085 1081; x_wconf 79' lang='lat' dir='ltr'><em>pentecosta-</em></span> 
     </span>
     <span class='ocr_line' id='line_1_83' title="bbox 1207 1091 2080 1139; baseline 0.008 -15"><span class='ocrx_word' id='word_1_569' title='bbox 1207 1093 1235 1126; x_wconf 90' lang='lat' dir='ltr'><em>le</em></span> <span class='ocrx_word' id='word_1_570' title='bbox 1246 1091 1364 1125; x_wconf 80' lang='lat' dir='ltr'><em>festum</em></span> <span class='ocrx_word' id='word_1_571' title='bbox 1386 1093 1450 1126; x_wconf 75' lang='lat' dir='ltr'><em>effe</em></span> <span class='ocrx_word' id='word_1_572' title='bbox 1468 1091 1756 1138; x_wconf 81' lang='lat' dir='ltr'><em>Qinquagessmae</em></span> <span class='ocrx_word' id='word_1_573' title='bbox 1774 1096 2054 1139; x_wconf 78' lang='lat' dir='ltr'><em>complementum</em></span> <span class='ocrx_word' id='word_1_574' title='bbox 2066 1119 2080 1135; x_wconf 88' lang='lat'><em>,</em></span> 
     </span>
     <span class='ocr_line' id='line_1_84' title="bbox 1205 1140 2075 1188; baseline 0.001 -12"><span class='ocrx_word' id='word_1_575' title='bbox 1205 1140 1344 1184; x_wconf 85' lang='lat' dir='ltr'><em>ideoque</em></span> <span class='ocrx_word' id='word_1_576' title='bbox 1357 1141 1445 1175; x_wconf 87' lang='lat' dir='ltr'><em>illius</em></span> <span class='ocrx_word' id='word_1_577' title='bbox 1455 1142 1555 1175; x_wconf 85' lang='lat' dir='ltr'><em>etiam</em></span> <span class='ocrx_word' id='word_1_578' title='bbox 1567 1143 1698 1175; x_wconf 59' lang='lat' dir='ltr'><em>Ottavae</em></span> <span class='ocrx_word' id='word_1_579' title='bbox 1717 1141 1873 1177; x_wconf 78' lang='lat' dir='ltr'><em>adversari</em></span> <span class='ocrx_word' id='word_1_580' title='bbox 1894 1146 2075 1188; x_wconf 75' lang='lat' dir='ltr'><em>jejunium.</em></span> 
     </span>
     <span class='ocr_line' id='line_1_85' title="bbox 1206 1190 2081 1237; baseline 0.002 -10"><span class='ocrx_word' id='word_1_581' title='bbox 1206 1193 1251 1228; x_wconf 87' lang='lat' dir='ltr'><em>At</em></span> <span class='ocrx_word' id='word_1_582' title='bbox 1263 1192 1330 1226; x_wconf 82' lang='lat' dir='ltr'><em>sine</em></span> <span class='ocrx_word' id='word_1_583' title='bbox 1341 1190 1556 1226; x_wconf 89' lang='lat' dir='ltr'><em>fundamento</em></span> <span class='ocrx_word' id='word_1_584' title='bbox 1569 1217 1576 1224; x_wconf 93' lang='lat'>.</span> <span class='ocrx_word' id='word_1_585' title='bbox 1599 1192 1734 1226; x_wconf 86' lang='lat' dir='ltr'><em>Etenim</em></span> <span class='ocrx_word' id='word_1_586' title='bbox 1746 1193 1781 1226; x_wconf 90' lang='lat' dir='ltr'><em>in</em></span> <span class='ocrx_word' id='word_1_587' title='bbox 1791 1194 1863 1237; x_wconf 85' lang='lat' dir='ltr'><em>ipso</em></span> <span class='ocrx_word' id='word_1_588' title='bbox 1873 1192 2081 1230; x_wconf 74' lang='lat' dir='ltr'><em>pentecostes</em></span> 
     </span>
     <span class='ocr_line' id='line_1_86' title="bbox 1203 1242 2096 1288; baseline 0.002 -12"><span class='ocrx_word' id='word_1_589' title='bbox 1203 1243 1284 1277; x_wconf 85' lang='lat' dir='ltr'><em>festo</em></span> <span class='ocrx_word' id='word_1_590' title='bbox 1295 1243 1479 1286; x_wconf 84' lang='lat' dir='ltr'><em>completur</em></span> <span class='ocrx_word' id='word_1_591' title='bbox 1504 1242 1802 1288; x_wconf 81' lang='lat' dir='ltr'><em>Qinquagefima.</em></span> <span class='ocrx_word' id='word_1_592' title='bbox 1830 1244 1875 1277; x_wconf 87' lang='lat' dir='ltr'><em>Et</em></span> <span class='ocrx_word' id='word_1_593' title='bbox 1896 1242 1976 1278; x_wconf 89' lang='lat' dir='ltr'><em>hinc</em></span> <span class='ocrx_word' id='word_1_594' title='bbox 1995 1244 2096 1287; x_wconf 46' lang='lat' dir='ltr'><em>apud,</em></span> 
     </span>
     <span class='ocr_line' id='line_1_87' title="bbox 1205 1291 2083 1338; baseline 0.001 -12"><span class='ocrx_word' id='word_1_595' title='bbox 1205 1293 1335 1327; x_wconf 82' lang='lat' dir='ltr'><em>Graecos</em></span> <span class='ocrx_word' id='word_1_596' title='bbox 1347 1291 1554 1329; x_wconf 72' lang='lat' dir='ltr'><em>pentecostes</em></span> <span class='ocrx_word' id='word_1_597' title='bbox 1566 1292 1611 1326; x_wconf 88' lang='lat' dir='ltr'><em>est</em></span> <span class='ocrx_word' id='word_1_598' title='bbox 1624 1293 1742 1327; x_wconf 87' lang='lat' dir='ltr'><em>festum</em></span> <span class='ocrx_word' id='word_1_599' title='bbox 1763 1294 1905 1328; x_wconf 69' lang='lat' dir='ltr'><em>maeroris</em></span> <span class='ocrx_word' id='word_1_600' title='bbox 1923 1305 1961 1328; x_wconf 85' lang='lat' dir='ltr'><em>ac</em></span> <span class='ocrx_word' id='word_1_601' title='bbox 1979 1294 2083 1338; x_wconf 88' lang='lat' dir='ltr'><em>poeni-</em></span> 
     </span>
     <span class='ocr_line' id='line_1_88' title="bbox 1204 1342 2083 1388; baseline 0.001 -11"><span class='ocrx_word' id='word_1_602' title='bbox 1204 1344 1332 1377; x_wconf 80' lang='lat' dir='ltr'><em>tentiae.</em></span> <span class='ocrx_word' id='word_1_603' title='bbox 1359 1342 1636 1385; x_wconf 82' lang='lat' dir='ltr'><em>Sapientisfimum</em></span> <span class='ocrx_word' id='word_1_604' title='bbox 1647 1343 1992 1388; x_wconf 87' lang='lat' dir='ltr'><em>GregoriiDecretum</em></span> <span class='ocrx_word' id='word_1_605' title='bbox 2011 1354 2083 1378; x_wconf 86' lang='lat' dir='ltr'><em>tan-</em></span> 
     </span>
     <span class='ocr_line' id='line_1_89' title="bbox 1205 1392 2090 1438; baseline -0.002 -10"><span class='ocrx_word' id='word_1_606' title='bbox 1205 1393 1280 1428; x_wconf 88' lang='lat' dir='ltr'><em>dem</em></span> <span class='ocrx_word' id='word_1_607' title='bbox 1295 1392 1424 1427; x_wconf 83' lang='lat' dir='ltr'><em>admisit</em></span> <span class='ocrx_word' id='word_1_608' title='bbox 1435 1392 1546 1426; x_wconf 85' lang='lat' dir='ltr'><em>omnis</em></span> <span class='ocrx_word' id='word_1_609' title='bbox 1558 1392 1701 1427; x_wconf 82' lang='lat' dir='ltr'><em>Ecclefia</em></span> <span class='ocrx_word' id='word_1_610' title='bbox 1711 1418 1718 1424; x_wconf 96' lang='lat'>.</span> <span class='ocrx_word' id='word_1_611' title='bbox 1744 1393 1836 1430; x_wconf 85' lang='lat' dir='ltr'><em>Nam</em></span> <span class='ocrx_word' id='word_1_612' title='bbox 1845 1395 1929 1431; x_wconf 82' lang='lat' dir='ltr'><em>cirea</em></span> <span class='ocrx_word' id='word_1_613' title='bbox 1937 1394 2090 1438; x_wconf 46' lang='lat' dir='ltr'><em>Ruperti⁵</em></span> 
     </span>
     <span class='ocr_line' id='line_1_90' title="bbox 1205 1442 2084 1490; baseline 0 -13"><span class='ocrx_word' id='word_1_614' title='bbox 1205 1443 1381 1486; x_wconf 82' lang='lat' dir='ltr'><em>tempusin</em></span> <span class='ocrx_word' id='word_1_615' title='bbox 1403 1442 1514 1476; x_wconf 82' lang='lat' dir='ltr'><em>Gallia</em></span> <span class='ocrx_word' id='word_1_616' title='bbox 1536 1442 1648 1477; x_wconf 90' lang='lat' dir='ltr'><em>floruit</em></span> <span class='ocrx_word' id='word_1_617' title='bbox 1671 1443 1845 1478; x_wconf 87' lang='lat' dir='ltr'><em>Honorius</em></span> <span class='ocrx_word' id='word_1_618' title='bbox 1866 1443 2084 1490; x_wconf 83' lang='lat' dir='ltr'><em>Augustodu-</em></span> 
     </span>
     <span class='ocr_line' id='line_1_91' title="bbox 1205 1491 2088 1539; baseline 0.001 -13"><span class='ocrx_word' id='word_1_619' title='bbox 1205 1494 1307 1527; x_wconf 80' lang='lat' dir='ltr'><em>nenfis</em></span> <span class='ocrx_word' id='word_1_620' title='bbox 1319 1507 1328 1526; x_wconf 88' lang='lat'>:</span> <span class='ocrx_word' id='word_1_621' title='bbox 1357 1493 1401 1527; x_wconf 89' lang='lat' dir='ltr'><em>Et</em></span> <span class='ocrx_word' id='word_1_622' title='bbox 1412 1491 1466 1526; x_wconf 89' lang='lat' dir='ltr'><em>hic</em></span> <span class='ocrx_word' id='word_1_623' title='bbox 1477 1491 1512 1526; x_wconf 91' lang='lat' dir='ltr'><em>in</em></span> <span class='ocrx_word' id='word_1_624' title='bbox 1524 1492 1641 1527; x_wconf 81' lang='lat' dir='ltr'><em>animae</em></span> <span class='ocrx_word' id='word_1_625' title='bbox 1651 1492 1793 1530; x_wconf 86' lang='lat' dir='ltr'><em>Gemma</em></span> <span class='ocrx_word' id='word_1_626' title='bbox 1804 1493 1913 1529; x_wconf 68' lang='lat' dir='ltr'><em>lucide</em></span> <span class='ocrx_word' id='word_1_627' title='bbox 1926 1493 2088 1539; x_wconf 70' lang='lat' dir='ltr'><em>supponi:</em></span> 
     </span>
     <span class='ocr_line' id='line_1_92' title="bbox 1205 1543 2085 1590; baseline -0.001 -13"><span class='ocrx_word' id='word_1_628' title='bbox 1205 1544 1308 1587; x_wconf 88' lang='lat' dir='ltr'><em>ipsum</em></span> <span class='ocrx_word' id='word_1_629' title='bbox 1320 1543 1379 1578; x_wconf 88' lang='lat' dir='ltr'><em>suo</em></span> <span class='ocrx_word' id='word_1_630' title='bbox 1391 1552 1537 1586; x_wconf 86' lang='lat' dir='ltr'><em>tempore</em></span> <span class='ocrx_word' id='word_1_631' title='bbox 1548 1554 1602 1586; x_wconf 87' lang='lat' dir='ltr'><em>per</em></span> <span class='ocrx_word' id='word_1_632' title='bbox 1613 1554 1750 1577; x_wconf 87' lang='lat' dir='ltr'><em>omnem</em></span> <span class='ocrx_word' id='word_1_633' title='bbox 1763 1544 1908 1580; x_wconf 78' lang='lat' dir='ltr'><em>Galliam</em></span> <span class='ocrx_word' id='word_1_634' title='bbox 1921 1544 2085 1590; x_wconf 72' lang='lat' dir='ltr'><em>viguisse,</em></span> 
     </span>
     <span class='ocr_line' id='line_1_93' title="bbox 1205 1593 2154 1639; baseline 0 -11"><span class='ocrx_word' id='word_1_635' title='bbox 1205 1595 1335 1637; x_wconf 86' lang='lat' dir='ltr'><em>Nempe</em></span> <span class='ocrx_word' id='word_1_636' title='bbox 1347 1593 1453 1636; x_wconf 84' lang='lat' dir='ltr'><em>ipsum</em></span> <span class='ocrx_word' id='word_1_637' title='bbox 1467 1593 1501 1627; x_wconf 90' lang='lat' dir='ltr'><em>in</em></span> <span class='ocrx_word' id='word_1_638' title='bbox 1513 1594 1608 1627; x_wconf 89' lang='lat' dir='ltr'><em>omni</em></span> <span class='ocrx_word' id='word_1_639' title='bbox 1622 1593 1731 1629; x_wconf 83' lang='lat' dir='ltr'><em>Gallia</em></span> <span class='ocrx_word' id='word_1_640' title='bbox 1743 1594 1904 1638; x_wconf 77' lang='lat' dir='ltr'><em>plantarat</em></span> <span class='ocrx_word' id='word_1_641' title='bbox 1922 1594 2091 1639; x_wconf 19' lang='lat' dir='ltr'><em>Synodus*</em></span> <span class='ocrx_word' id='word_1_642' title='bbox 2125 1628 2130 1634; x_wconf 74' lang='grc'><strong>,</strong></span> <span class='ocrx_word' id='word_1_643' title='bbox 2150 1627 2154 1634; x_wconf 90' lang='grc'><strong>,</strong></span> 
     </span>
     <span class='ocr_line' id='line_1_94' title="bbox 1203 1627 2220 1679; baseline -0.022 0"><span class='ocrx_word' id='word_1_644' title='bbox 1203 1645 1482 1679; x_wconf 81' lang='lat' dir='ltr'><em>Claromontana.</em></span> <span class='ocrx_word' id='word_1_645' title='bbox 2099 1627 2162 1659; x_wconf 74' lang='lat' dir='ltr'><em>Lib.</em></span> <span class='ocrx_word' id='word_1_646' title='bbox 2186 1637 2220 1665; x_wconf 83' lang='lat'><em>3·</em></span> 
     </span>
     <span class='ocr_line' id='line_1_95' title="bbox 1254 1675 2246 1740; baseline 0.002 -13"><span class='ocrx_word' id='word_1_647' title='bbox 1254 1695 1384 1733; x_wconf 74' lang='lat' dir='ltr'><em>Quarta</em></span> <span class='ocrx_word' id='word_1_648' title='bbox 1394 1693 1528 1737; x_wconf 79' lang='lat' dir='ltr'><em>quaestio</em></span> <span class='ocrx_word' id='word_1_649' title='bbox 1540 1693 1584 1728; x_wconf 83' lang='lat' dir='ltr'><em>est</em></span> <span class='ocrx_word' id='word_1_650' title='bbox 1601 1718 1612 1734; x_wconf 94' lang='lat'><em>,</em></span> <span class='ocrx_word' id='word_1_651' title='bbox 1636 1693 1714 1740; x_wconf 80' lang='lat' dir='ltr'><em>Qia</em></span> <span class='ocrx_word' id='word_1_652' title='bbox 1734 1694 1767 1728; x_wconf 91' lang='lat' dir='ltr'><em>in</em></span> <span class='ocrx_word' id='word_1_653' title='bbox 1793 1696 1932 1738; x_wconf 80' lang='lat' dir='ltr'><em>synodo</em></span> <span class='ocrx_word' id='word_1_654' title='bbox 1954 1677 2166 1740; x_wconf 51' lang='grc' dir='ltr'>(ἕπεο-αρ’</span> <span class='ocrx_word' id='word_1_655' title='bbox 2177 1675 2246 1705; x_wconf 64' lang='lat'><em>¹55⁸</em></span> 
     </span>
     <span class='ocr_line' id='line_1_96' title="bbox 1204 1743 2084 1788; baseline 0.001 -12"><span class='ocrx_word' id='word_1_656' title='bbox 1204 1743 1270 1777; x_wconf 88' lang='lat' dir='ltr'><em>rius</em></span> <span class='ocrx_word' id='word_1_657' title='bbox 1281 1743 1346 1778; x_wconf 87' lang='lat' dir='ltr'><em>hoc</em></span> <span class='ocrx_word' id='word_1_658' title='bbox 1363 1745 1543 1777; x_wconf 86' lang='lat' dir='ltr'><em>Decretum</em></span> <span class='ocrx_word' id='word_1_659' title='bbox 1557 1743 1699 1777; x_wconf 87' lang='lat' dir='ltr'><em>emiserit</em></span> <span class='ocrx_word' id='word_1_660' title='bbox 1711 1744 1728 1774; x_wconf 70' lang='grc' dir='ltr'><em>ἕ</em></span> <span class='ocrx_word' id='word_1_661' title='bbox 1753 1744 1954 1788; x_wconf 67' lang='lat' dir='ltr'><em>Respondet»</em></span> <span class='ocrx_word' id='word_1_662' title='bbox 1965 1745 2084 1779; x_wconf 82' lang='lat' dir='ltr'><em>emifis-</em></span> 
     </span>
     <span class='ocr_line' id='line_1_97' title="bbox 1205 1792 2084 1835; baseline 0 -9"><span class='ocrx_word' id='word_1_663' title='bbox 1205 1794 1235 1826; x_wconf 87' lang='lat' dir='ltr'><em>se</em></span> <span class='ocrx_word' id='word_1_664' title='bbox 1249 1794 1284 1826; x_wconf 88' lang='lat' dir='ltr'><em>in</em></span> <span class='ocrx_word' id='word_1_665' title='bbox 1298 1794 1353 1826; x_wconf 85' lang='lat' dir='ltr'><em>sua</em></span> <span class='ocrx_word' id='word_1_666' title='bbox 1364 1793 1451 1826; x_wconf 86' lang='lat' dir='ltr'><em>sexta</em></span> <span class='ocrx_word' id='word_1_667' title='bbox 1462 1793 1602 1835; x_wconf 84' lang='lat' dir='ltr'><em>Synodo</em></span> <span class='ocrx_word' id='word_1_668' title='bbox 1613 1816 1621 1824; x_wconf 87' lang='lat'>.</span> <span class='ocrx_word' id='word_1_669' title='bbox 1651 1793 1786 1827; x_wconf 86' lang='lat' dir='ltr'><em>Etenim</em></span> <span class='ocrx_word' id='word_1_670' title='bbox 1796 1795 1837 1828; x_wconf 87' lang='lat' dir='ltr'><em>ad</em></span> <span class='ocrx_word' id='word_1_671' title='bbox 1847 1804 1973 1828; x_wconf 85' lang='lat' dir='ltr'><em>annum</em></span> <span class='ocrx_word' id='word_1_672' title='bbox 1988 1792 2084 1827; x_wconf 72' lang='lat' dir='ltr'><em>istius</em></span> 
     </span>
     <span class='ocr_line' id='line_1_98' title="bbox 1206 1841 2086 1885; baseline 0.002 -11"><span class='ocrx_word' id='word_1_673' title='bbox 1206 1842 1309 1875; x_wconf 82' lang='lat' dir='ltr'><em>saeculi</em></span> <span class='ocrx_word' id='word_1_674' title='bbox 1325 1841 1590 1885; x_wconf 78' lang='lat' dir='ltr'><em>septuagesimum</em></span> <span class='ocrx_word' id='word_1_675' title='bbox 1602 1852 1728 1875; x_wconf 85' lang='lat' dir='ltr'><em>nonum</em></span> <span class='ocrx_word' id='word_1_676' title='bbox 1740 1867 1751 1882; x_wconf 89' lang='lat'><em>,</em></span> <span class='ocrx_word' id='word_1_677' title='bbox 1771 1843 1807 1876; x_wconf 87' lang='lat' dir='ltr'><em>in</em></span> <span class='ocrx_word' id='word_1_678' title='bbox 1818 1854 1885 1885; x_wconf 86' lang='lat' dir='ltr'><em>quo</em></span> <span class='ocrx_word' id='word_1_679' title='bbox 1896 1841 2007 1878; x_wconf 81' lang='lat' dir='ltr'><em>habita</em></span> <span class='ocrx_word' id='word_1_680' title='bbox 2018 1843 2086 1877; x_wconf 79' lang='lat' dir='ltr'><em>fuit</em></span> 
     </span>
     <span class='ocr_line' id='line_1_99' title="bbox 1207 1888 2085 1935; baseline 0.002 -10"><span class='ocrx_word' id='word_1_681' title='bbox 1207 1891 1264 1925; x_wconf 88' lang='lat' dir='ltr'><em>ista</em></span> <span class='ocrx_word' id='word_1_682' title='bbox 1277 1890 1430 1934; x_wconf 87' lang='lat' dir='ltr'><em>Synodus</em></span> <span class='ocrx_word' id='word_1_683' title='bbox 1441 1914 1452 1931; x_wconf 89' lang='lat'><em>,</em></span> <span class='ocrx_word' id='word_1_684' title='bbox 1478 1888 1586 1925; x_wconf 82' lang='lat' dir='ltr'><em>sc‘ribit</em></span> <span class='ocrx_word' id='word_1_685' title='bbox 1598 1889 1809 1935; x_wconf 84' lang='lat' dir='ltr'><em>Augustensis</em></span> <span class='ocrx_word' id='word_1_686' title='bbox 1821 1893 1968 1928; x_wconf 81' lang='lat' dir='ltr'><em>Eeclefiae</em></span> <span class='ocrx_word' id='word_1_687' title='bbox 1978 1891 2085 1927; x_wconf 86' lang='lat' dir='ltr'><em>Chro-</em></span> 
     </span>
     <span class='ocr_line' id='line_1_100' title="bbox 1209 1937 2084 1985; baseline 0.003 -12"><span class='ocrx_word' id='word_1_688' title='bbox 1209 1941 1305 1974; x_wconf 89' lang='lat' dir='ltr'><em>nicon</em></span> <span class='ocrx_word' id='word_1_689' title='bbox 1319 1953 1326 1972; x_wconf 87' lang='lat'>:</span> <span class='ocrx_word' id='word_1_690' title='bbox 1355 1944 1400 1973; x_wconf 90' lang='lat' dir='ltr'><em>De</em></span> <span class='ocrx_word' id='word_1_691' title='bbox 1411 1950 1535 1982; x_wconf 79' lang='lat' dir='ltr'><em>quatuor</em></span> <span class='ocrx_word' id='word_1_692' title='bbox 1546 1949 1710 1981; x_wconf 80' lang='lat' dir='ltr'><em>temporum</em></span> <span class='ocrx_word' id='word_1_693' title='bbox 1718 1937 1824 1984; x_wconf 76' lang='lat' dir='ltr'><em>jejunio</em></span> <span class='ocrx_word' id='word_1_694' title='bbox 1831 1941 1959 1985; x_wconf 82' lang='lat' dir='ltr'><em>schisma</em></span> <span class='ocrx_word' id='word_1_695' title='bbox 1970 1953 2084 1977; x_wconf 71' lang='lat' dir='ltr'><em>novum</em></span> 
     </span>
     <span class='ocr_line' id='line_1_101' title="bbox 1205 1988 2087 2034; baseline 0.001 -11"><span class='ocrx_word' id='word_1_696' title='bbox 1205 2000 1305 2024; x_wconf 81' lang='lat' dir='ltr'><em>contra</em></span> <span class='ocrx_word' id='word_1_697' title='bbox 1317 1993 1443 2023; x_wconf 84' lang='lat' dir='ltr'><em>Decreta</em></span> <span class='ocrx_word' id='word_1_698' title='bbox 1456 1988 1650 2031; x_wconf 86' lang='lat' dir='ltr'><em>Pontificum,</em></span> <span class='ocrx_word' id='word_1_699' title='bbox 1676 1992 1713 2024; x_wconf 53' lang='grc' dir='ltr'><em>(Ὺ</em></span> <span class='ocrx_word' id='word_1_700' title='bbox 1732 2000 1836 2024; x_wconf 76' lang='lat' dir='ltr'><em>contra</em></span> <span class='ocrx_word' id='word_1_701' title='bbox 1856 1992 2087 2034; x_wconf 79' lang='lat' dir='ltr'><em>Ecclefiasticam</em></span> 
     </span>
     <span class='ocr_line' id='line_1_102' title="bbox 1207 2038 2089 2083; baseline 0.003 -10"><span class='ocrx_word' id='word_1_702' title='bbox 1207 2038 1440 2083; x_wconf 85' lang='lat' dir='ltr'><em>consuetudinem</em></span> <span class='ocrx_word' id='word_1_703' title='bbox 1460 2045 1592 2072; x_wconf 87' lang='lat' dir='ltr'><em>exoritur</em></span> <span class='ocrx_word' id='word_1_704' title='bbox 1607 2062 1617 2078; x_wconf 95' lang='lat'><em>,</em></span> <span class='ocrx_word' id='word_1_705' title='bbox 1639 2038 1696 2081; x_wconf 82' lang='lat' dir='ltr'><em>sed</em></span> <span class='ocrx_word' id='word_1_706' title='bbox 1712 2042 1733 2071; x_wconf 66' lang='lat' dir='ltr'><em>a*</em></span> <span class='ocrx_word' id='word_1_707' title='bbox 1752 2042 1951 2082; x_wconf 80' lang='lat' dir='ltr'><em>prudentibus</em></span> <span class='ocrx_word' id='word_1_708' title='bbox 1971 2041 2089 2083; x_wconf 64' lang='lat' dir='ltr'><em>refellb.</em></span> 
     </span>
     <span class='ocr_line' id='line_1_103' title="bbox 1208 2088 2090 2132; baseline 0.005 -10"><span class='ocrx_word' id='word_1_709' title='bbox 1208 2099 1274 2122; x_wconf 86' lang='lat' dir='ltr'><em>tur.</em></span> <span class='ocrx_word' id='word_1_710' title='bbox 1305 2088 1419 2123; x_wconf 84' lang='lat' dir='ltr'><em>Voces</em></span> <span class='ocrx_word' id='word_1_711' title='bbox 1439 2112 1450 2129; x_wconf 93' lang='lat'><em>,</em></span> <span class='ocrx_word' id='word_1_712' title='bbox 1477 2091 1593 2121; x_wconf 75' lang='lat' dir='ltr'><em>Contra</em></span> <span class='ocrx_word' id='word_1_713' title='bbox 1612 2091 1738 2121; x_wconf 80' lang='lat' dir='ltr'><em>Decreta</em></span> <span class='ocrx_word' id='word_1_714' title='bbox 1759 2090 1954 2132; x_wconf 79' lang='lat' dir='ltr'><em>Pontificum,</em></span> <span class='ocrx_word' id='word_1_715' title='bbox 1978 2091 2090 2126; x_wconf 65' lang='lat' dir='ltr'><em>osten-</em></span> 
     </span>
     <span class='ocr_line' id='line_1_104' title="bbox 1209 2138 2090 2177; baseline 0.005 -4"><span class='ocrx_word' id='word_1_716' title='bbox 1209 2141 1291 2174; x_wconf 90' lang='lat' dir='ltr'><em>dunt</em></span> <span class='ocrx_word' id='word_1_717' title='bbox 1302 2139 1497 2173; x_wconf 84' lang='lat' dir='ltr'><em>Francicum</em></span> <span class='ocrx_word' id='word_1_718' title='bbox 1509 2148 1634 2172; x_wconf 80' lang='lat' dir='ltr'><em>morem</em></span> <span class='ocrx_word' id='word_1_719' title='bbox 1644 2138 1742 2173; x_wconf 81' lang='lat' dir='ltr'><em>etiam</em></span> <span class='ocrx_word' id='word_1_720' title='bbox 1762 2139 1780 2173; x_wconf 68' lang='grc' dir='ltr'>ὲ</span> <span class='ocrx_word' id='word_1_721' title='bbox 1801 2140 1953 2175; x_wconf 81' lang='lat' dir='ltr'><em>Romana</em></span> <span class='ocrx_word' id='word_1_722' title='bbox 1972 2141 2090 2177; x_wconf 72' lang='lat' dir='ltr'><em>Eccle-</em></span> 
     </span>
     <span class='ocr_line' id='line_1_105' title="bbox 1209 2186 2101 2232; baseline 0.004 -9"><span class='ocrx_word' id='word_1_723' title='bbox 1209 2191 1251 2223; x_wconf 81' lang='lat' dir='ltr'><em>sia</em></span> <span class='ocrx_word' id='word_1_724' title='bbox 1263 2190 1356 2223; x_wconf 77' lang='lat' dir='ltr'><em>fuisse</em></span> <span class='ocrx_word' id='word_1_725' title='bbox 1368 2189 1539 2223; x_wconf 81' lang='lat' dir='ltr'><em>admissum</em></span> <span class='ocrx_word' id='word_1_726' title='bbox 1551 2214 1558 2221; x_wconf 95' lang='lat'><strong>.</strong></span> <span class='ocrx_word' id='word_1_727' title='bbox 1585 2186 1693 2222; x_wconf 71' lang='lat' dir='ltr'><em>Burro</em></span> <span class='ocrx_word' id='word_1_728' title='bbox 1703 2189 1876 2232; x_wconf 83' lang='lat' dir='ltr'><em>prudentes</em></span> <span class='ocrx_word' id='word_1_729' title='bbox 1892 2191 1976 2226; x_wconf 77' lang='lat' dir='ltr'><em>illud</em></span> <span class='ocrx_word' id='word_1_730' title='bbox 1999 2191 2101 2227; x_wconf 60' lang='lat' dir='ltr'><em>adea-</em></span> 
     </span>
     <span class='ocr_line' id='line_1_106' title="bbox 1210 2238 2087 2287; baseline 0.002 -13"><span class='ocrx_word' id='word_1_731' title='bbox 1210 2251 1279 2275; x_wconf 86' lang='lat' dir='ltr'><em>non</em></span> <span class='ocrx_word' id='word_1_732' title='bbox 1291 2248 1499 2283; x_wconf 81' lang='lat' dir='ltr'><em>perrexerunt</em></span> <span class='ocrx_word' id='word_1_733' title='bbox 1511 2238 1673 2279; x_wconf 85' lang='lat' dir='ltr'><em>refellere,</em></span> <span class='ocrx_word' id='word_1_734' title='bbox 1698 2250 1735 2273; x_wconf 92' lang='lat' dir='ltr'><em>ut</em></span> <span class='ocrx_word' id='word_1_735' title='bbox 1746 2241 1853 2283; x_wconf 85' lang='lat' dir='ltr'><em>ipsum</em></span> <span class='ocrx_word' id='word_1_736' title='bbox 1865 2250 1985 2287; x_wconf 83' lang='lat' dir='ltr'><em>magna</em></span> <span class='ocrx_word' id='word_1_737' title='bbox 2006 2241 2087 2276; x_wconf 81' lang='lat' dir='ltr'><em>Cla-</em></span> 
     </span>
     <span class='ocr_line' id='line_1_107' title="bbox 1210 2288 2084 2332; baseline -0.002 -8"><span class='ocrx_word' id='word_1_738' title='bbox 1210 2300 1404 2324; x_wconf 88' lang='lat' dir='ltr'><em>romontana</em></span> <span class='ocrx_word' id='word_1_739' title='bbox 1415 2288 1568 2332; x_wconf 84' lang='lat' dir='ltr'><em>Synodus</em></span> <span class='ocrx_word' id='word_1_740' title='bbox 1578 2288 1784 2324; x_wconf 81' lang='lat' dir='ltr'><em>admiserit&amp;</em></span> <span class='ocrx_word' id='word_1_741' title='bbox 1807 2292 1960 2326; x_wconf 85' lang='lat' dir='ltr'><em>firmarit.</em></span> <span class='ocrx_word' id='word_1_742' title='bbox 1982 2291 2084 2325; x_wconf 85' lang='lat' dir='ltr'><em>Nem.-</em></span> 
     </span>
     <span class='ocr_line' id='line_1_108' title="bbox 1212 2337 2083 2384; baseline 0 -9"><span class='ocrx_word' id='word_1_743' title='bbox 1212 2353 1249 2384; x_wconf 91' lang='lat' dir='ltr'><em>pe</em></span> <span class='ocrx_word' id='word_1_744' title='bbox 1258 2341 1450 2379; x_wconf 87' lang='lat' dir='ltr'><em>Canonem,</em></span> <span class='ocrx_word' id='word_1_745' title='bbox 1477 2350 1575 2380; x_wconf 90' lang='lat' dir='ltr'><em>quem</em></span> <span class='ocrx_word' id='word_1_746' title='bbox 1587 2337 1683 2373; x_wconf 88' lang='lat' dir='ltr'><em>Otho</em></span> <span class='ocrx_word' id='word_1_747' title='bbox 1703 2338 1812 2375; x_wconf 84' lang='lat' dir='ltr'><em>adhuc</em></span> <span class='ocrx_word' id='word_1_748' title='bbox 1833 2340 2017 2375; x_wconf 83' lang='lat' dir='ltr'><em>Cardinalis</em></span> <span class='ocrx_word' id='word_1_749' title='bbox 2037 2342 2083 2375; x_wconf 78' lang='lat' dir='ltr'><em>fe-</em></span> 
     </span>
     <span class='ocr_line' id='line_1_109' title="bbox 1210 2385 2090 2434; baseline -0.003 -9"><span class='ocrx_word' id='word_1_750' title='bbox 1210 2401 1296 2426; x_wconf 81' lang='lat' dir='ltr'><em>cerat</em></span> <span class='ocrx_word' id='word_1_751' title='bbox 1308 2390 1341 2424; x_wconf 92' lang='lat' dir='ltr'><em>in</em></span> <span class='ocrx_word' id='word_1_752' title='bbox 1355 2390 1500 2434; x_wconf 83' lang='lat' dir='ltr'><em>praesenti</em></span> <span class='ocrx_word' id='word_1_753' title='bbox 1513 2388 1650 2432; x_wconf 86' lang='lat' dir='ltr'><em>Synodo</em></span> <span class='ocrx_word' id='word_1_754' title='bbox 1660 2412 1672 2429; x_wconf 90' lang='lat'><em>,</em></span> <span class='ocrx_word' id='word_1_755' title='bbox 1695 2385 1810 2431; x_wconf 80' lang='lat' dir='ltr'><em>jamin</em></span> <span class='ocrx_word' id='word_1_756' title='bbox 1822 2390 2002 2425; x_wconf 88' lang='lat' dir='ltr'><em>secundum</em></span> <span class='ocrx_word' id='word_1_757' title='bbox 2012 2391 2090 2426; x_wconf 81' lang='lat' dir='ltr'><em>Ur-.</em></span> 
     </span>
     <span class='ocr_line' id='line_1_110' title="bbox 1210 2439 2085 2483; baseline 0 -8"><span class='ocrx_word' id='word_1_758' title='bbox 1210 2442 1331 2475; x_wconf 89' lang='lat' dir='ltr'><em>banutn</em></span> <span class='ocrx_word' id='word_1_759' title='bbox 1344 2441 1504 2474; x_wconf 81' lang='lat' dir='ltr'><em>exaltatus</em></span> <span class='ocrx_word' id='word_1_760' title='bbox 1514 2439 1547 2472; x_wconf 90' lang='lat' dir='ltr'><em>in</em></span> <span class='ocrx_word' id='word_1_761' title='bbox 1559 2439 1615 2473; x_wconf 89' lang='lat' dir='ltr'><em>ista</em></span> <span class='ocrx_word' id='word_1_762' title='bbox 1628 2439 1771 2482; x_wconf 84' lang='lat' dir='ltr'><em>generali</em></span> <span class='ocrx_word' id='word_1_763' title='bbox 1784 2440 1923 2483; x_wconf 88' lang='lat' dir='ltr'><em>Synodo</em></span> <span class='ocrx_word' id='word_1_764' title='bbox 1946 2441 2085 2476; x_wconf 79' lang='lat' dir='ltr'><em>innova-</em></span> 
     </span>
     <span class='ocr_line' id='line_1_111' title="bbox 1211 2488 2088 2533; baseline 0.002 -10"><span class='ocrx_word' id='word_1_765' title='bbox 1211 2492 1256 2525; x_wconf 86' lang='lat' dir='ltr'><em>vit</em></span> <span class='ocrx_word' id='word_1_766' title='bbox 1269 2492 1303 2525; x_wconf 89' lang='lat'>&amp;</span> <span class='ocrx_word' id='word_1_767' title='bbox 1314 2489 1469 2524; x_wconf 81' lang='lat' dir='ltr'><em>stabilivit</em></span> <span class='ocrx_word' id='word_1_768' title='bbox 1482 2513 1489 2521; x_wconf 92' lang='lat'>.</span> <span class='ocrx_word' id='word_1_769' title='bbox 1516 2488 1595 2522; x_wconf 88' lang='lat' dir='ltr'><em>Post</em></span> <span class='ocrx_word' id='word_1_770' title='bbox 1617 2488 1887 2525; x_wconf 85' lang='lat' dir='ltr'><em>Northussensem</em></span> <span class='ocrx_word' id='word_1_771' title='bbox 1908 2491 2088 2533; x_wconf 75' lang='lat' dir='ltr'><em>Synodum</em></span> 
     </span>
     <span class='ocr_line' id='line_1_112' title="bbox 1208 2538 2090 2581; baseline 0.001 -6"><span class='ocrx_word' id='word_1_772' title='bbox 1208 2541 1227 2575; x_wconf 71' lang='lat' dir='ltr'><em>a</em></span> <span class='ocrx_word' id='word_1_773' title='bbox 1241 2541 1394 2580; x_wconf 87' lang='lat' dir='ltr'><em>nemine,</em></span> <span class='ocrx_word' id='word_1_774' title='bbox 1419 2539 1518 2573; x_wconf 85' lang='lat' dir='ltr'><em>etiarn</em></span> <span class='ocrx_word' id='word_1_775' title='bbox 1529 2539 1563 2572; x_wconf 89' lang='lat' dir='ltr'><em>in</em></span> <span class='ocrx_word' id='word_1_776' title='bbox 1586 2538 1651 2581; x_wconf 83' lang='lat' dir='ltr'><em>ipsa</em></span> <span class='ocrx_word' id='word_1_777' title='bbox 1673 2540 1871 2580; x_wconf 81' lang='lat' dir='ltr'><em>Germania,</em></span> <span class='ocrx_word' id='word_1_778' title='bbox 1899 2541 1968 2575; x_wconf 89' lang='lat' dir='ltr'><em>scio</em></span> <span class='ocrx_word' id='word_1_779' title='bbox 1987 2541 2090 2576; x_wconf 79' lang='lat' dir='ltr'><em>illum.</em></span> 
     </span>
     <span class='ocr_line' id='line_1_113' title="bbox 1210 2590 2087 2635; baseline 0.001 -9"><span class='ocrx_word' id='word_1_780' title='bbox 1210 2590 1303 2626; x_wconf 75' lang='lat' dir='ltr'><em>fuisse</em></span> <span class='ocrx_word' id='word_1_781' title='bbox 1327 2591 1555 2635; x_wconf 82' lang='lat' dir='ltr'><em>impugnatum</em></span> <span class='ocrx_word' id='word_1_782' title='bbox 1576 2597 1632 2622; x_wconf 85' lang='lat' dir='ltr'><em>aut</em></span> <span class='ocrx_word' id='word_1_783' title='bbox 1652 2590 1846 2624; x_wconf 79' lang='lat' dir='ltr'><em>refutatum.</em></span> <span class='ocrx_word' id='word_1_784' title='bbox 1874 2592 1929 2625; x_wconf 93' lang='lat' dir='ltr'><em>De</em></span> <span class='ocrx_word' id='word_1_785' title='bbox 1950 2592 2004 2626; x_wconf 81' lang='lat' dir='ltr'><em>sex</em></span> <span class='ocrx_word' id='word_1_786' title='bbox 2024 2593 2087 2628; x_wconf 76' lang='lat' dir='ltr'><em>Le·-</em></span> 
     </span>
     <span class='ocr_line' id='line_1_114' title="bbox 1210 2639 2088 2685; baseline 0 -9"><span class='ocrx_word' id='word_1_787' title='bbox 1210 2641 1372 2676; x_wconf 69' lang='lat' dir='ltr'><em>&amp;tionibus</em></span> <span class='ocrx_word' id='word_1_788' title='bbox 1385 2664 1396 2680; x_wconf 91' lang='lat'><em>,</em></span> <span class='ocrx_word' id='word_1_789' title='bbox 1421 2651 1491 2683; x_wconf 76' lang='lat' dir='ltr'><em>qua:</em></span> <span class='ocrx_word' id='word_1_790' title='bbox 1511 2639 1545 2672; x_wconf 85' lang='lat' dir='ltr'><em>in</em></span> <span class='ocrx_word' id='word_1_791' title='bbox 1556 2648 1697 2682; x_wconf 86' lang='lat' dir='ltr'><em>quatuor</em></span> <span class='ocrx_word' id='word_1_792' title='bbox 1708 2650 1896 2685; x_wconf 83' lang='lat' dir='ltr'><em>temporum.</em></span> <span class='ocrx_word' id='word_1_793' title='bbox 1913 2641 2088 2677; x_wconf 70' lang='lat' dir='ltr'><em>sabbathis</em></span> 
     </span>
     <span class='ocr_line' id='line_1_115' title="bbox 1212 2689 2088 2738; baseline -0.001 -12"><span class='ocrx_word' id='word_1_794' title='bbox 1212 2694 1364 2738; x_wconf 85' lang='lat' dir='ltr'><em>leguntur</em></span> <span class='ocrx_word' id='word_1_795' title='bbox 1375 2689 1414 2724; x_wconf 79' lang='lat' dir='ltr'><em>ad</em></span> <span class='ocrx_word' id='word_1_796' title='bbox 1426 2689 1560 2723; x_wconf 73' lang='lat' dir='ltr'><em>Missam</em></span> <span class='ocrx_word' id='word_1_797' title='bbox 1572 2712 1584 2728; x_wconf 95' lang='lat'><strong><em>‚</em></strong></span> <span class='ocrx_word' id='word_1_798' title='bbox 1610 2689 1717 2724; x_wconf 90' lang='lat' dir='ltr'><em>nolim</em></span> <span class='ocrx_word' id='word_1_799' title='bbox 1728 2691 1881 2725; x_wconf 87' lang='lat' dir='ltr'><em>omittere</em></span> <span class='ocrx_word' id='word_1_800' title='bbox 1895 2690 1989 2726; x_wconf 82' lang='lat' dir='ltr'><em>verba</em></span> <span class='ocrx_word' id='word_1_801' title='bbox 2010 2692 2088 2725; x_wconf 79' lang='lat' dir='ltr'><em>Ber-</em></span> 
     </span>
     <span class='ocr_line' id='line_1_116' title="bbox 1213 2739 2087 2783; baseline -0.002 -6"><span class='ocrx_word' id='word_1_802' title='bbox 1213 2744 1310 2777; x_wconf 89' lang='lat' dir='ltr'><em>nonis</em></span> <span class='ocrx_word' id='word_1_803' title='bbox 1322 2741 1482 2775; x_wconf 81' lang='lat' dir='ltr'><em>Abbatis:</em></span> <span class='ocrx_word' id='word_1_804' title='bbox 1509 2742 1568 2773; x_wconf 81' lang='lat' dir='ltr'><em>Sex</em></span> <span class='ocrx_word' id='word_1_805' title='bbox 1579 2739 1716 2774; x_wconf 53' lang='lat' dir='ltr'><em>lectiones</em></span> <span class='ocrx_word' id='word_1_806' title='bbox 1726 2740 1764 2774; x_wconf 85' lang='lat' dir='ltr'><em>ab</em></span> <span class='ocrx_word' id='word_1_807' title='bbox 1786 2746 1918 2783; x_wconf 80' lang='lat' dir='ltr'><em>antiquis</em></span> <span class='ocrx_word' id='word_1_808' title='bbox 1939 2744 2087 2775; x_wconf 69' lang='lat' dir='ltr'><em>Romanii·</em></span> 
     </span>
     <span class='ocr_line' id='line_1_117' title="bbox 1216 2785 2230 2835; baseline -0.002 -9"><span class='ocrx_word' id='word_1_809' title='bbox 1216 2794 1318 2827; x_wconf 56' lang='lat' dir='ltr'><em>Graece*</em></span> <span class='ocrx_word' id='word_1_810' title='bbox 1339 2793 1373 2825; x_wconf 67' lang='lat'><em>&lt;9</em></span> <span class='ocrx_word' id='word_1_811' title='bbox 1394 2790 1503 2828; x_wconf 66' lang='lat' dir='ltr'><em>Latine*</em></span> <span class='ocrx_word' id='word_1_812' title='bbox 1526 2789 1716 2832; x_wconf 86' lang='lat' dir='ltr'><em>legebantur.</em></span> <span class='ocrx_word' id='word_1_813' title='bbox 1745 2793 1810 2835; x_wconf 78' lang='lat' dir='ltr'><em>,Qui</em></span> <span class='ocrx_word' id='word_1_814' title='bbox 1828 2802 1889 2824; x_wconf 88' lang='lat' dir='ltr'><em>mos</em></span> <span class='ocrx_word' id='word_1_815' title='bbox 1911 2792 1996 2833; x_wconf 83' lang='lat' dir='ltr'><em>apud</em></span> <span class='ocrx_word' id='word_1_816' title='bbox 2008 2795 2091 2825; x_wconf 83' lang='lat' dir='ltr'><em>Con·-</em></span> <span class='ocrx_word' id='word_1_817' title='bbox 2104 2785 2179 2824; x_wconf 62' lang='grc' dir='ltr'><em>εὅΡ·</em></span> <span class='ocrx_word' id='word_1_818' title='bbox 2200 2792 2230 2820; x_wconf 80' lang='grc'><em>7·</em></span> 
     </span>
     <span class='ocr_line' id='line_1_118' title="bbox 1209 2839 2090 2885; baseline 0 -9"><span class='ocrx_word' id='word_1_819' title='bbox 1209 2843 1430 2885; x_wconf 77' lang='lat' dir='ltr'><em>stantinopolim</em></span> <span class='ocrx_word' id='word_1_820' title='bbox 1450 2840 1533 2876; x_wconf 83' lang='lat' dir='ltr'><em>bodie</em></span> <span class='ocrx_word' id='word_1_821' title='bbox 1566 2851 1676 2882; x_wconf 88' lang='lat' dir='ltr'><em>quoque</em></span> <span class='ocrx_word' id='word_1_822' title='bbox 1691 2839 1832 2883; x_wconf 78' lang='lat' dir='ltr'><em>servatur</em></span> <span class='ocrx_word' id='word_1_823' title='bbox 1861 2849 1983 2883; x_wconf 82' lang='lat' dir='ltr'><em>propter</em></span> <span class='ocrx_word' id='word_1_824' title='bbox 2006 2842 2090 2876; x_wconf 75' lang='lat' dir='ltr'><em>duas</em></span> 
     </span>
     <span class='ocr_line' id='line_1_119' title="bbox 1214 2891 2089 2938; baseline -0.002 -11"><span class='ocrx_word' id='word_1_825' title='bbox 1214 2893 1318 2938; x_wconf 75' lang='lat' dir='ltr'><em>causas</em></span> <span class='ocrx_word' id='word_1_826' title='bbox 1331 2918 1338 2924; x_wconf 88' lang='lat'>.</span> <span class='ocrx_word' id='word_1_827' title='bbox 1366 2895 1461 2936; x_wconf 82' lang='lat' dir='ltr'><em>Unam</em></span> <span class='ocrx_word' id='word_1_828' title='bbox 1474 2914 1484 2930; x_wconf 91' lang='lat'><em>,</em></span> <span class='ocrx_word' id='word_1_829' title='bbox 1510 2894 1580 2932; x_wconf 83' lang='lat' dir='ltr'><em>quia</em></span> <span class='ocrx_word' id='word_1_830' title='bbox 1590 2892 1716 2924; x_wconf 86' lang='lat' dir='ltr'><em>aderant</em></span> <span class='ocrx_word' id='word_1_831' title='bbox 1727 2894 1842 2928; x_wconf 78' lang='lat' dir='ltr'><em>Graecl‚</em></span> <span class='ocrx_word' id='word_1_832' title='bbox 1870 2891 1977 2933; x_wconf 81' lang='lat' dir='ltr'><em>quibus</em></span> <span class='ocrx_word' id='word_1_833' title='bbox 1985 2896 2089 2935; x_wconf 79' lang='lat' dir='ltr'><em>ignota</em></span> 
     </span>
     <span class='ocr_line' id='line_1_120' title="bbox 1216 2940 2090 2984; baseline -0.003 -6"><span class='ocrx_word' id='word_1_834' title='bbox 1216 2954 1279 2978; x_wconf 83' lang='lat' dir='ltr'><em>erat</em></span> <span class='ocrx_word' id='word_1_835' title='bbox 1293 2947 1406 2977; x_wconf 81' lang='lat' dir='ltr'><em>Latina</em></span> <span class='ocrx_word' id='word_1_836' title='bbox 1417 2943 1534 2984; x_wconf 84' lang='lat' dir='ltr'><em>lingua,</em></span> <span class='ocrx_word' id='word_1_837' title='bbox 1544 2940 1729 2982; x_wconf 84' lang='lat' dir='ltr'><em>aderantque</em></span> <span class='ocrx_word' id='word_1_838' title='bbox 1742 2945 1847 2974; x_wconf 74' lang='lat' dir='ltr'><em>Latina·</em></span> <span class='ocrx_word' id='word_1_839' title='bbox 1856 2965 1867 2981; x_wconf 96' lang='lat'><em>,</em></span> <span class='ocrx_word' id='word_1_840' title='bbox 1886 2941 1992 2982; x_wconf 85' lang='lat' dir='ltr'><em>quibus</em></span> <span class='ocrx_word' id='word_1_841' title='bbox 2003 2945 2090 2975; x_wconf 78' lang='lat' dir='ltr'><em>Grae·</em></span> 
     </span>
     <span class='ocr_line' id='line_1_121' title="bbox 1216 2991 2091 3035; baseline -0.002 -7"><span class='ocrx_word' id='word_1_842' title='bbox 1216 3007 1249 3028; x_wconf 88' lang='lat' dir='ltr'><em>ca</em></span> <span class='ocrx_word' id='word_1_843' title='bbox 1262 3002 1328 3028; x_wconf 85' lang='lat' dir='ltr'><em>erat</em></span> <span class='ocrx_word' id='word_1_844' title='bbox 1339 2998 1455 3035; x_wconf 81' lang='lat' dir='ltr'><em>ignota.</em></span> <span class='ocrx_word' id='word_1_845' title='bbox 1484 2991 1618 3022; x_wconf 81' lang='lat' dir='ltr'><em>Alteram</em></span> <span class='ocrx_word' id='word_1_846' title='bbox 1639 3002 1748 3032; x_wconf 87' lang='lat' dir='ltr'><em>quoque</em></span> <span class='ocrx_word' id='word_1_847' title='bbox 1764 2998 1889 3033; x_wconf 75' lang='lat' dir='ltr'><em>propter</em></span> <span class='ocrx_word' id='word_1_848' title='bbox 1906 2996 2091 3026; x_wconf 77' lang='lat' dir='ltr'><em>unanimita-</em></span> 
     </span>
     <span class='ocr_line' id='line_1_122' title="bbox 1217 3039 2091 3085; baseline 0.001 -9"><span class='ocrx_word' id='word_1_849' title='bbox 1217 3053 1274 3078; x_wconf 86' lang='lat' dir='ltr'><em>tem</em></span> <span class='ocrx_word' id='word_1_850' title='bbox 1286 3041 1434 3085; x_wconf 82' lang='lat' dir='ltr'><em>utriusque</em></span> <span class='ocrx_word' id='word_1_851' title='bbox 1441 3042 1542 3083; x_wconf 75' lang='lat' dir='ltr'><em>populi</em></span> <span class='ocrx_word' id='word_1_852' title='bbox 1552 3063 1560 3071; x_wconf 93' lang='lat'><strong>.</strong></span> <span class='ocrx_word' id='word_1_853' title='bbox 1587 3040 1694 3073; x_wconf 87' lang='lat' dir='ltr'><em>Berno</em></span> <span class='ocrx_word' id='word_1_854' title='bbox 1705 3039 1818 3074; x_wconf 87' lang='lat' dir='ltr'><em>floruit</em></span> <span class='ocrx_word' id='word_1_855' title='bbox 1829 3050 1867 3073; x_wconf 88' lang='lat' dir='ltr'><em>ac</em></span> <span class='ocrx_word' id='word_1_856' title='bbox 1886 3040 2006 3084; x_wconf 76' lang='lat' dir='ltr'><em>scripsit</em></span> <span class='ocrx_word' id='word_1_857' title='bbox 2029 3042 2091 3077; x_wconf 81' lang='lat' dir='ltr'><em>sub</em></span> 
     </span>
     <span class='ocr_line' id='line_1_123' title="bbox 1220 3089 2092 3133; baseline 0 -6"><span class='ocrx_word' id='word_1_858' title='bbox 1220 3093 1387 3128; x_wconf 85' lang='lat' dir='ltr'><em>undecimi</em></span> <span class='ocrx_word' id='word_1_859' title='bbox 1409 3090 1511 3125; x_wconf 78' lang='lat' dir='ltr'><em>saeculi</em></span> <span class='ocrx_word' id='word_1_860' title='bbox 1532 3089 1705 3124; x_wconf 84' lang='lat' dir='ltr'><em>exordium</em></span> <span class='ocrx_word' id='word_1_861' title='bbox 1728 3115 1740 3130; x_wconf 93' lang='lat'>‚</span> <span class='ocrx_word' id='word_1_862' title='bbox 1766 3090 1875 3133; x_wconf 85' lang='lat' dir='ltr'><em>paucis</em></span> <span class='ocrx_word' id='word_1_863' title='bbox 1895 3091 1991 3125; x_wconf 85' lang='lat' dir='ltr'><em>annis</em></span> <span class='ocrx_word' id='word_1_864' title='bbox 2013 3102 2092 3127; x_wconf 81' lang='lat' dir='ltr'><em>ante</em></span> 
     </span>
     <span class='ocr_line' id='line_1_124' title="bbox 1221 3137 2092 3185; baseline -0.002 -7"><span class='ocrx_word' id='word_1_865' title='bbox 1221 3142 1421 3179; x_wconf 86' lang='lat' dir='ltr'><em>Michaelem</em></span> <span class='ocrx_word' id='word_1_866' title='bbox 1442 3139 1667 3175; x_wconf 79' lang='lat' dir='ltr'><em>cerularium.</em></span> <span class='ocrx_word' id='word_1_867' title='bbox 1699 3141 1744 3174; x_wconf 86' lang='lat' dir='ltr'><em>Et</em></span> <span class='ocrx_word' id='word_1_868' title='bbox 1767 3140 1850 3173; x_wconf 88' lang='lat' dir='ltr'><em>hinc</em></span> <span class='ocrx_word' id='word_1_869' title='bbox 1872 3152 1913 3175; x_wconf 83' lang='lat' dir='ltr'><em>ex</em></span> <span class='ocrx_word' id='word_1_870' title='bbox 1934 3140 2002 3175; x_wconf 82' lang='lat' dir='ltr'><em>istis</em></span> <span class='ocrx_word' id='word_1_871' title='bbox 2022 3137 2092 3185; x_wconf 59' lang='lat' dir='ltr'><em>ejus*</em></span> 
     </span>
     <span class='ocr_line' id='line_1_125' title="bbox 1221 3190 2093 3234; baseline -0.001 -6"><span class='ocrx_word' id='word_1_872' title='bbox 1221 3195 1326 3228; x_wconf 89' lang='lat' dir='ltr'><em>verbis</em></span> <span class='ocrx_word' id='word_1_873' title='bbox 1338 3194 1446 3231; x_wconf 89' lang='lat' dir='ltr'><em>lucet,</em></span> <span class='ocrx_word' id='word_1_874' title='bbox 1471 3190 1561 3234; x_wconf 87' lang='lat' dir='ltr'><em>quod</em></span> <span class='ocrx_word' id='word_1_875' title='bbox 1587 3191 1686 3233; x_wconf 88' lang='lat' dir='ltr'><em>usque</em></span> <span class='ocrx_word' id='word_1_876' title='bbox 1708 3190 1748 3224; x_wconf 88' lang='lat' dir='ltr'><em>ad</em></span> <span class='ocrx_word' id='word_1_877' title='bbox 1771 3190 1868 3224; x_wconf 86' lang='lat' dir='ltr'><em>istum</em></span> <span class='ocrx_word' id='word_1_878' title='bbox 1892 3190 2093 3228; x_wconf 84' lang='lat' dir='ltr'><em>Michaelem</em></span> 
     </span>
     <span class='ocr_line' id='line_1_126' title="bbox 1225 3240 2094 3288; baseline -0.001 -12"><span class='ocrx_word' id='word_1_879' title='bbox 1225 3245 1316 3288; x_wconf 84' lang='lat' dir='ltr'><em>plena</em></span> <span class='ocrx_word' id='word_1_880' title='bbox 1327 3254 1389 3288; x_wconf 77' lang='lat' dir='ltr'><em>pax</em></span> <span class='ocrx_word' id='word_1_881' title='bbox 1401 3243 1486 3277; x_wconf 87' lang='lat' dir='ltr'><em>inter</em></span> <span class='ocrx_word' id='word_1_882' title='bbox 1499 3240 1651 3277; x_wconf 81' lang='lat' dir='ltr'><em>Latinam</em></span> <span class='ocrx_word' id='word_1_883' title='bbox 1661 3241 1694 3275; x_wconf 90' lang='lat'>&amp;</span> <span class='ocrx_word' id='word_1_884' title='bbox 1706 3242 1854 3277; x_wconf 84' lang='lat' dir='ltr'><em>Graecam</em></span> <span class='ocrx_word' id='word_1_885' title='bbox 1869 3240 2026 3277; x_wconf 78' lang='lat' dir='ltr'><em>Ecclefias</em></span> <span class='ocrx_word' id='word_1_886' title='bbox 2046 3242 2094 3275; x_wconf 86' lang='lat' dir='ltr'><em>vi-</em></span> 
     </span>
     <span class='ocr_line' id='line_1_127' title="bbox 1197 3303 1352 3340; baseline -0.013 -11"><span class='ocrx_word' id='word_1_887' title='bbox 1197 3316 1199 3318; x_wconf 83' lang='grc'><strong>-</strong></span> <span class='ocrx_word' id='word_1_888' title='bbox 1226 3303 1352 3340; x_wconf 78' lang='lat' dir='ltr'><em>guerit.</em></span> 
     </span>
    </p>
   </div>
   <div class='ocr_carea' id='block_1_7' title="bbox 1966 3488 2052 3530">
    <p class='ocr_par' dir='ltr' id='par_1_9' title="bbox 1966 3488 2052 3530">
     <span class='ocr_line' id='line_1_128' title="bbox 1966 3488 2052 3530; baseline -0.058 -8"><span class='ocrx_word' id='word_1_889' title='bbox 1966 3488 2052 3530; x_wconf 69' lang='lat' dir='ltr'><em>CA-</em></span> 
     </span>
    </p>
   </div>
  </div>
 </body>
</html>
