2352 3756
971 142 1479 187 INDEX.

355 231 463 265 scura.
1076 222 1151 270 369.
1184 234 1199 258 1

305 282 335 316 S.
366 278 492 315 Hilarii
519 276 716 312 Arelatensis
740 285 815 309 cum
834 273 949 308 Leone
969 272 1021 305 M.
1059 273 1100 306 de
1126 272 1200 315 Epi-

358 333 527 373 scoporum
540 327 790 361 consecratione
802 326 895 357 causa
910 348 917 355 .
1073 322 1149 369 363.
1182 334 1198 357 1

304 383 335 417 S.
364 379 488 415 Hilarii
510 377 717 412 Pic‘taviensis
739 376 779 410 de
797 372 997 407 Eucharistia
1019 372 1116 405 Fides
1138 373 1199 405 Or-

356 430 507 465 thodoxa
522 453 528 460 .
1072 419 1148 458 181.
1179 433 1196 457 1

304 482 337 515 S.
365 479 524 515 Hilarion
545 477 666 512 iratum
689 487 778 510 mare
801 472 972 518 quomode>
999 471 1200 516 placaverit?

409 541 436 566 1.
466 540 497 564 1.

303 541 508 614 Hir-igmarus
531 577 727 611 Rhemensis
738 573 1012 618 Archiepiscopus
1027 572 1112 607 solos
1125 571 1197 605 urbi

356 630 517 664 Romana:
540 628 668 662 vicinos
687 626 866 670 Episcopos
877 623 992 657 docuit
1004 624 1140 667 spestare
1156 621 1197 655 ad

354 679 532 714 Pontificis
542 677 715 721 Synodum
727 701 738 718 ,
764 676 922 709 &manus
934 672 1195 716 impositionem.

358 728 436 778 382.
470 740 498 765 1.

305 780 448 824 Hispani
468 779 577 824 Reges
602 776 805 821 Apostolicae
815 771 983 809 Cathedrae
997 772 1194 817 singularem

356 831 478 873 semper
499 829 688 863 detulerunt
709 824 938 860 reverentiam.
1089 834 1145 868 27.
1172 833 1195 858 2

303 879 534 923 Hispanorum
545 878 580 910 in
592 875 795 910 Monasteria
807 873 908 916 pietas
919 872 1053 916 antiqua
1065 896 1077 913 ,
1095 883 1193 916 quarn

303 955 305 957 ·
355 929 440 972 apud
453 927 531 962 alias
542 936 656 971 gentes
669 924 725 958 vix
735 923 874 966 reperias
889 947 897 955 .
1088 932 1142 970 97.
1171 933 1193 958 2

305 978 408 1012 Horae
425 978 572 1011 Minores
584 974 624 1008 de
636 974 728 1008 beata
742 973 884 1017 Virgine
895 971 1029 1017 quando
1037 972 1194 1016 coeperint

355 1029 392 1062 in
416 1026 557 1061 Ecclesia
583 1024 649 1069 legi
671 1024 784 1068 quavis
807 1022 907 1063 stria,
932 1035 970 1058 ac
984 1022 1066 1057 festo
1076 1022 1192 1066 simpli-

352 1078 382 1111 ci
398 1103 405 1110 .
804 1091 807 1095 s
1089 1070 1143 1109 81-
1174 1083 1190 1108 1

304 1127 489 1161 Hostiensis
499 1125 644 1161 civitatis
654 1125 835 1168 antiquitus
846 1122 1030 1167 amplitudo
1041 1149 1048 1155 .
1079 1133 1098 1170 3
1107 1133 1158 1169 13.
1171 1134 1192 1158 2

303 1176 487 1211 Hostienfis
510 1177 688 1220 Episcopus
711 1175 904 1209 Romanum
930 1173 1130 1207 Pontificem
1151 1184 1190 1206 ex

352 1228 507 1261 instituto
521 1225 718 1270 Apostolico
730 1225 917 1259 consecrat.
930 1222 1010 1257 ibid.
1023 1223 1106 1257 Item
1114 1234 1191 1256 con-

352 1278 510 1312 secratum
523 1275 744 1310 inthronizat.
1064 1283 1141 1321 314-
1170 1285 1192 1309 2

302 1327 471 1362 Hubertus
493 1327 634 1371 Lofinga
658 1324 771 1359 Abbas
789 1324 1006 1359 Ramefienfis
1030 1323 1190 1357 Simonia-

351 1389 430 1418 αις.
457 1376 567 1422 postea
590 1375 760 1420 insigniter
781 1376 964 1414 con-estus,
989 1373 1191 1407 duriffimum

350 1429 452 1462 faetus
465 1427 510 1461 est
523 1426 632 1461 omnis
645 1426 801 1460 Simoniae
811 1423 979 1469 flagellum
991 1449 998 1456 .
1059 1422 1140 1471 236.
1173 1434 1188 1459 1

301 1479 474 1512 Hubertus
498 1476 751 1519 Sylvanestenfis
775 1475 956 1518 Episcopus
978 1473 1094 1508 Romae
1111 1484 1191 1507 con-

353 1530 510 1567 secratus,
538 1526 572 1560 &2
595 1526 680 1560 cur?
709 1524 786 1572 364.
816 1536 849 1560 2.
877 1524 1011 1566 Joannis
1039 1522 1192 1567 Raptistae

349 1576 510 1613 Soucheti
549 1577 591 1611 de
623 1575 778 1610 Huberto
813 1573 1054 1617 Sylvaneaenfi
1085 1583 1189 1607 error.

350 1627 428 1661 ibid.

298 1676 505 1713 Humbertus
515 1675 702 1718 composuit
713 1676 854 1708 formam
867 1673 1070 1718 professionis
1083 1671 1158 1706 fidei
1173 1671 1191 1705 ὲ

351 1726 549 1769 Berengario
560 1725 667 1757 fastan.
1071 1730 1152 1767 209.
1180 1732 1190 1753 1

298 1776 337 1811 H
338 1786 515 1820 ymnorum
526 1774 590 1807 una
601 1782 676 1807 cum
687 1771 825 1805 Psalmis
839 1770 1076 1805 cantandorum
1093 1770 1188 1803 ritum

347 1826 390 1860 ab
405 1825 547 1860 Ecclesia
557 1822 682 1868 accepit
693 1822 824 1857 Sanetus
835 1819 1024 1856 Ambrofius
1036 1843 1048 1860 ‚
1073 1818 1107 1853 ὅτ.
1125 1819 1191 1862 ipsa

349 1877 461 1910 Roma
474 1900 482 1908 .
1086 1878 1142 1915 24-
1170 1880 1191 1905 2

734 1973 752 2006 1

335 2074 512 2109 Anitzerus
543 2095 556 2114 ,
581 2070 670 2106 idem
701 2068 790 2115 quod
814 2069 910 2104 miles
935 2063 1106 2103 Palatinus
1136 2070 1189 2102 seu

346 2122 561 2160 Praetorianus
570 2145 577 2153 .

293 2176 401 2219 Janua
413 2173 536 2209 Tul-cis
548 2172 636 2207 idem
648 2168 739 2213 quod
748 2167 838 2204 Aula
850 2193 858 2202 .

292 2225 508 2262 Iconoclastae
529 2220 741 2257 Eucharistiae
751 2220 922 2255 veritatem
936 2227 1116 2262 numquam
1130 2228 1187 2251 ne-

343 2283 522 2320 gaverunt.
547 2283 623 2321 152.
653 2282 682 2307 1-
708 2270 845 2304 Doceat
857 2279 973 2314 corpus
987 2267 1111 2303 Christi
1121 2268 1185 2302 effe

345 2325 524 2369 imaginem
545 2323 595 2356 sui
618 2322 739 2365 ipfius,
764 2331 806 2354 ne
818 2319 920 2355 ullam
935 2319 1062 2362 prorsus
1073 2318 1183 2362 imagi-

346 2385 421 2410 nem
433 2374 604 2408 videantur
615 2370 795 2406 admittere.
895 2368 977 2403 ibid.
1004 2378 1083 2406 200.
1111 2381 1133 2401 1.
1161 2379 1182 2404 2

293 2424 459 2469 Jejunium
481 2432 601 2466 quartae
622 2421 656 2455 &
678 2421 772 2455 sextae
793 2420 880 2455 feriae
892 2429 950 2454 cur
961 2418 1182 2453 oliminstitu-

343 2476 435 2510 tum?

291 2525 412 2570 Jejunii
433 2523 501 2558 dies
521 2534 590 2558 non
615 2519 842 2557 determinavit
879 2518 1048 2553 Christus.
1077 2527 1130 2565 34.
1161 2528 1176 2553 1

341 2574 480 2609 Nullum
506 2571 651 2618 generali
671 2571 798 2615 jejunio
827 2568 914 2603 diem
948 2568 1055 2602 affixit
1077 2569 1178 2611 prima

340 2626 475 2660 Parrum
502 2621 700 2666 disciplina,
726 2620 785 2655 nisi
814 2629 968 2663 magnam
991 2619 1114 2652 sextam
1136 2619 1178 2651 fe·

339 2678 442 2715 riam,
467 2671 690 2707 &Sabbatum
702 2672 844 2704 sanctum
858 2668 936 2702 ibid.
963 2667 1176 2714 Quadragesi-

339 2723 595 2768 malejejunium
612 2719 746 2766 quando
767 2719 951 2755 institutum
964 2742 975 2758 ,
1003 2718 1065 2751 διο.
1092 2718 1174 2752 lbid.

341 2777 420 2810 Erat
438 2775 520 2809 olim
543 2771 647 2806 libera
666 2769 903 2805 observationis
918 2793 928 2810 ‚
959 2768 994 2801 ὅ(
1014 2767 1078 2802 sine
1100 2768 1173 2812 lege

338 2825 502 2861 currebat.
1089 2818 1171 2852 Ibid.

287 2876 546 2923 Jejuniilibertas
557 2870 689 2917 quando
698 2870 847 2906 sublata?
1071 2879 1122 2916 34.
1150 2880 1170 2904 2

288 2927 453 2972 jejunium
474 2923 687 2958 Sabbatinum
705 2923 724 2956 a
737 2922 891 2955 Romana
913 2918 1054 2952 Ecclesia
1065 2918 1169 2953 obser·

338 2985 451 3010 vatum
471 2975 506 3008 δε
526 2974 568 3008 ab
592 2972 751 3016 Hispanis
762 2982 831 3005 non
843 2967 1032 3004 admiffum.
1064 2965 1118 3004 80.
1149 2980 1164 3004 1

337 3024 459 3070 Jejunii
480 3023 649 3057 Sabbatini
671 3022 821 3062 occasio,
846 3031 888 3053 an
902 3018 1080 3052 reverentia
1092 3030 1166 3064 erga

338 3076 516 3119 Deiparam
534 3072 729 3117 Virginem,
756 3082 798 3105 an
810 3068 969 3104 memoria
980 3068 1167 3102 Dominicae

337 3125 533 3170 sepulturae?
558 3121 640 3156 ibid.
666 3123 771 3164 &seq-
802 3119 964 3163 Jejunium
985 3117 1069 3152 olim
1089 3118 1166 3153 feria

337 3176 474 3221 quinta,
501 3171 601 3207 etiarn
621 3170 706 3206 intra
731 3169 1022 3218 Qadragesrmam
1043 3192 1056 3209 ‚
1081 3167 1166 3203 Lati-

336 3236 379 3262 na
406 3223 549 3258 Ecclesia
571 3233 642 3256 non
663 3220 843 3255 observavit
865 3244 871 3251 .
901 3215 954 3264 85.
985 3230 1013 3255 1.
1042 3217 1165 3262 Jejunia

334 3273 511 3312 Sabbatina
533 3271 733 3316 Judaeorum.
763 3268 817 3315 85.
844 3281 876 3306 2·
901 3268 1066 3312 jejunium
1090 3269 1167 3305 Sab-

335 3326 488 3361 batinum
499 3333 557 3357 cur
566 3321 670 3356 Graeci
681 3331 748 3354 non
760 3318 1007 3353 introduxerint
1018 3319 1035 3351 ἓ
1063 3315 1115 3366 87.
1143 3329 1160 3355 1

335 3364 995 3418 Ajejuniilegeeximunturinfitmi281.
1023 3381 1054 3406 2.
1082 3370 1160 3407 Non

332 3425 467 3460 excusat
494 3422 552 3456 nisi
587 3421 695 3466 gravis
713 3445 724 3460 ‚
750 3420 784 3453 &
817 3418 950 3455 evidens
970 3416 1159 3459 infirmitas.

383 3472 492 3514 Christ.
510 3471 590 3514 Lupi
602 3476 699 3514 Opera
713 3473 805 3503 TVI.

1971 168 2001 212 4
2015 170 2030 198 1
2050 171 2065 198 1

1736 242 1773 265 ac
1796 230 1946 267 lactantes
1972 243 2141 277 exemptas.

1315 273 1373 322 83.
1405 286 1432 310 1-
1461 274 1579 318 Jejunii
1611 279 1822 315 Ecclesiastici
1858 282 1994 315 violatio
2023 284 2145 317 lethale

1315 335 1484 367 peceatum
1505 325 1549 357 est
1572 350 1578 356 -
1608 323 1663 372 83·
1690 341 1721 364 2.
1751 330 1782 363 A
1809 332 1933 374 jejunio
1958 332 2143 366 solemnitas

1314 386 1441 418 magnae
1465 375 1649 408 festivitatis
1667 381 1811 413 excusat.
1843 379 1895 428 84.
1925 393 1952 416 1-
1980 382 2143 428 Qaenam

1315 435 1388 458 aetas
1410 425 1564 458 excuset?
1591 424 1668 458 ibid.
1693 426 1896 463 Hodiernam
1929 431 2144 474 quorumdam

1317 222 1371 261 82.
1400 237 1430 260 2.
1458 225 1663 269 Praegnantes
1690 255 1701 270 ,

1314 474 1588 508 Scholasticorurn
1617 474 1802 520 Regulam,
1828 489 1900 520 quae
1910 489 1985 513 ante
2003 482 2143 524 primum

1314 536 1351 558 ac
1374 525 1589 569 vigefimum,
1616 536 1653 558 ac
1673 525 1744 568 post
1764 527 1994 571 sexagesimum
2018 542 2142 564 annum

1311 576 1479 617 expletum
1500 586 1617 608 omnes
1640 576 1778 615 eximit,
1804 586 1927 611 certum
1938 579 1982 612 est
1993 579 2119 614 deviare
2134 604 2142 612 .

1311 623 1390 658 ibid.
1419 624 1780 660 Committendumhoc
1800 625 1923 669 judicio
1945 630 2141 664 Sacerdotis.

1309 674 1388 708 ibid.
1416 674 1563 717 Jejunare
1581 684 1693 717 quarta
1715 675 1845 710 &sexta
1857 677 1934 711 feria
1948 678 2082 714 traditio
2095 679 2141 715 est

1310 723 1526 767 Apostolica.
1557 722 1608 771 87.
1638 737 1669 761 2·
1697 725 1860 768 Jejunium
1881 736 2021 770 quatuor
2040 729 2145 763 Tem-

1310 785 1425 816 porum
1447 774 1580 818 quando
1602 774 1763 818 coeperit?
1790 787 1866 823 354.
1898 788 1926 812 1.
1953 778 1988 811 δε
2009 778 2069 823 seq.
2096 781 2141 822 Je-

1309 824 1448 866 junandi
1469 835 1614 868 tempora
1636 823 1808 869 quomodo
1836 826 1921 868 apud
1944 829 2085 863 Francos
2097 829 2143 862 di-

1308 877 1413 909 versa.
1866 875 1943 923 356·
1974 888 2000 912 1.
2027 879 2061 912 &
2079 881 2143 924 seq.

1259 922 1329 964 Jesu
1339 936 1461 959 nomen
1476 925 1510 958 in
1522 935 1604 969 pane
1617 924 1842 960 Eucharistico
1855 925 1936 960 olim
1947 926 2138 971 impressum.

1311 984 1387 1021 107-
1410 988 1440 1012 2·
1983 997 1986 1000 >

1257 1023 1286 1057 S.
1312 1025 1482 1069 Ignatium
1493 1026 1675 1070 Martytem
1690 1026 1793 1060 Graeci
1810 1027 1995 1061 constanter
2005 1027 2141 1062 credunt

1307 1075 1401 1109 fuisse
1422 1086 1524 1109 unum
1542 1089 1585 1110 ex
1596 1077 1736 1120 parvulis
1753 1102 1763 1118 ,
1787 1076 1904 1119 quibus
1918 1089 2033 1111 manus
2044 1077 2141 1112 Chri·

1307 1124 1372 1159 stus
1382 1126 1547 1169 imposuit.
1562 1137 1638 1173 239.
1650 1139 1680 1163 2·
1692 1127 1857 1170 lgnarium
1871 1128 2038 1161 Deiferum
2053 1140 2134 1161 nun-

1310 1187 1445 1218 cupant,
1474 1177 1508 1210 δε
1529 1177 1595 1210 fine
1607 1177 1935 1220 manusimpositione
1946 1187 2135 1220 promotum
2160 1197 2163 1199 Δ

1306 1226 1347 1259 ad
1359 1225 1566 1260 Praesulatum
1582 1252 1589 1259 .
2006 1238 2084 1275 240.
2115 1240 2133 1264 1

1255 1275 1419 1320 Imagines
1440 1276 1533 1310 sacrae
1560 1276 1742 1311 Dominico
1763 1277 1905 1322 Corpori
1930 1277 2136 1322 &Sanguini

1307 1337 1375 1360 non
1387 1325 1640 1369 aequiparantur.
2008 1327 2087 1364 206.
2114 1339 2135 1361 2

1255 1375 1469 1420 Imperatores
1507 1376 1670 1421 possintne
1707 1387 1793 1411 nova
1831 1378 1947 1422 Regna
1984 1379 2105 1421 erigere
2120 1377 2136 1409 ἓ

1308 1436 1382 1472 141-
1411 1438 1442 1462 2.

1254 1476 1470 1521 Indulgentiae
1489 1476 1574 1511 male
1596 1476 1750 1512 dicuntur
1768 1486 1846 1511 ante
1856 1478 2023 1513 sexcentos
2034 1488 2140 1512 annos

1305 1527 1347 1561 ab
1375 1526 1517 1560 Ecclesia
1531 1528 1688 1572 ignoratae
1701 1526 1779 1563 262.
1808 1540 1828 1560 1.
1857 1527 2142 1573 Indulgentiarum

1306 1577 1519 1621 impugnator
1545 1577 1665 1621 primus
1691 1577 1923 1612 Tertullianus
1942 1604 1949 1610 .
1980 1578 2063 1612 Ibid.
2091 1580 2144 1613 ln·

1303 1627 1481 1671 dulgentiae
1505 1627 1693 1661 obtinendae
1721 1628 1815 1661 causa
1847 1627 1930 1662 olim
1948 1627 2144 1663 accedebant

1304 1687 1446 1711 carceres
1468 1677 1654 1720 Martyrum
1669 1701 1680 1717 ‚
1706 1677 1788 1711 sicut
1809 1688 1899 1711 nunc
1919 1676 2047 1713 adimus
2058 1679 2143 1713 Basi-

1305 1725 1383 1758 licas
1404 1726 1665 1761 Defunctorum.
1693 1726 1772 1774 264·
1803 1739 1832 1763 1-
1860 1727 2144 1772 Indulgentiarum

1306 1772 1558 1808 fundamentum
1582 1776 1627 1808 est
1642 1777 1789 1808 Eccleliae
1800 1788 1841 1808 ex
1857 1776 2002 1817 Christi,
2029 1778 2145 1812 &om-

1307 1820 1399 1854 nium
1434 1821 1625 1856 Sanctorum
1659 1823 1929 1859 satisfactionibus
1961 1826 1996 1860 ὃς
2020 1829 2144 1862 meritis

1248 1917 1250 1919 ‚
1305 1870 1458 1905 constans
1468 1871 1655 1906 thesaurus.
2015 1877 2092 1924 269.
2123 1890 2141 1915 1

1254 1920 1481 1966 Indulgentias
1492 1921 1574 1956 olim
1595 1921 1723 1966 proprie
1734 1933 1801 1956 non
1819 1922 1941 1958 dabant
1954 1926 2120 1970 Martyres
2132 1954 2143 1969 ,

1304 1971 1358 2006 sed
1371 1971 1557 2014 Martyrum
1569 1971 1692 2006 intuitu
1707 1971 1872 2007 thesaurus
1886 1975 2031 2012 Ecclefiae
2044 1979 2143 2021 appli-

1304 2019 1434 2056 cabatur
1445 2020 1484 2055 iis
1498 2045 1510 2062 ,
1535 2032 1594 2064 pro
1606 2020 1722 2065 quibus
1734 2022 1976 2060 intercedebant
1988 2051 1996 2058 .
2024 2027 2104 2074 269.
2127 2037 2139 2061 r

1302 2082 1382 2117 270-
1413 2083 1441 2107 1.

1251 2120 1471 2166 Indulgentiae
1481 2121 1754 2167 nimisgenerales
1771 2147 1783 2163 ,
1805 2135 1846 2158 an
1860 2124 2038 2169 culpanda?
2060 2140 2138 2175 279.

1304 2182 1332 2207 1·
1358 2171 1393 2205 ὃ(
1419 2171 1480 2214 seq.
1507 2171 1790 2217 Indulgentiarum
1817 2174 1955 2209 donatio
1981 2179 2132 2218 quotidie

1297 2222 1337 2255 fit
1362 2220 1488 2255 facilior
1508 2223 1670 2256 crescente
1687 2222 1810 2257 coelessi
1823 2224 2012 2260 Sanctorum
2024 2239 2138 2262 nume·

1298 2283 1356 2304 ro.
1384 2282 1464 2318 279.
1492 2284 1523 2309 2·
1552 2271 1616 2306 Pro
1637 2272 1889 2317 consanguineis
1910 2275 2005 2318 primi
2016 2278 2134 2322 gradus

1298 2321 1380 2355 olim
1400 2321 1501 2365 petita
1522 2347 1528 2353 .
1563 2321 1640 2356 ibid.
1671 2323 1897 2366 Indulgentias
1920 2324 2041 2360 Laicus
2061 2339 2130 2362 non

1298 2371 1400 2415 potest
1411 2373 1572 2406 conferre.
1603 2369 1682 2408 280-
1697 2384 1729 2409 2.
1742 2372 1883 2408 Nonnifi
1894 2376 2067 2418 poenitenti
2081 2377 2132 2412 de-

1297 2421 1376 2455 bent
1394 2423 1553 2457 conferri.
2002 2427 2080 2466 281·
2107 2442 2130 2467 2.

1076 2479 1130 2516 33.
1160 2479 1177 2503 1
1246 2470 1489 2516 Indulgentiam
1510 2473 1689 2516 plenariam
1709 2472 1837 2509 videtur
1858 2475 1992 2520 largitus
2004 2479 2130 2524 Grego-

1294 2522 1359 2556 rius
1385 2522 1461 2556 VII.
1489 2521 1568 2560 282.
1598 2535 1626 2559 1.
1658 2521 1872 2568 Indulgentiae
1894 2527 2044 2570 plenariae
2066 2542 2126 2574 pro

1292 2571 1381 2606 bello
1397 2574 1485 2607 sacro
1499 2599 1506 2606 .
2006 2590 2074 2627 29¹·
2102 2593 2125 2617 2

1240 2621 1486 2666 Indulgentiam
1508 2623 1684 2667 plenariam
1708 2626 1823 2672 largita
1846 2627 1889 2662 est
1903 2628 2054 2664 Romana
2066 2630 2121 2673 Sy·

1289 2671 1393 2706 nodus
1405 2684 1540 2707 vacante
1551 2674 1651 2709 Sede.
1680 2687 1757 2723 292.
1776 2689 1803 2714 1·
1818 2678 1925 2712 Etiam
1937 2688 2023 2714 extra
2035 2691 2122 2714 mor-

1288 2723 1331 2756 tis
1355 2723 1527 2757 articulum
1548 2723 1566 2757 ὲ
1586 2725 1758 2770 Ther-apio
1780 2727 1920 2762 Bullensi
1949 2732 2120 2771 concessa,

1287 2771 1339 2806 sed
1351 2771 1368 2805 ὲ
1381 2773 1548 2816 Cypriano
1560 2774 1743 2818 improbata
1758 2802 1765 2808 .
1789 2786 1865 2823 292.
1878 2790 1910 2814 2.
1923 2779 2023 2814 Extra
2035 2792 2119 2814 rnor-

1286 2823 1328 2855 tis
1350 2822 1524 2858 articulum
1544 2823 1673 2859 duobus
1692 2826 1972 2863 cafibusaSansto
1984 2831 2118 2873 Cypria-

1286 2883 1332 2905 no
1344 2874 1491 2907 concessa
1506 2883 1584 2922 293.
1611 2887 1637 2911 1.
1665 2876 1824 2910 Conceffiz
1844 2877 1936 2921 lapsis
1958 2880 2116 2922 sponden-

1283 2922 1373 2956 tibus
1396 2923 1513 2957 iterum
1537 2925 1638 2959 redire
1658 2926 1692 2959 in
1704 2937 1885 2960 certamen.
1913 2939 1990 2975 293.
2018 2941 2051 2965 2.
2081 2930 2114 2963 A

1283 2971 1436 3007 Romana
1460 2973 1599 3009 Ecclesia
1624 2975 1782 3019 Cypriani
1806 2987 1951 3019 tempore
1971 2979 2115 3013 admitti-

1282 3031 1351 3056 tur.
1377 3031 1456 3068 294.
1483 3033 1515 3057 2.
1543 3023 1726 3068 ASynodo
1738 3025 1795 3058 sub
1809 3026 2116 3064 Corneliocelebra-

1282 3082 1315 3106 ta
1337 3074 1526 3107 confertur.
1555 3085 1634 3121 295.
1667 3086 1693 3110 1.
1724 3075 1940 3119 indulgentiae
1964 3079 2112 3121 plenariae

1278 3123 1363 3165 apud
1387 3123 1506 3158 divina:
1531 3124 1711 3166 Maiestatis
1738 3126 1940 3160 tremendum
1968 3128 2111 3163 tribunal

1278 3183 1347 3206 non
1367 3174 1488 3216 semper
1511 3172 1694 3208 habuerunt
1715 3174 1847 3217 plenum
1861 3198 1871 3214 ‚
1895 3188 1933 3210 ac
1955 3177 2110 3214 infallibi-

1276 3222 1341 3256 lem
1356 3222 1505 3258 effestum
1520 3249 1527 3256 .
1555 3224 1633 3258 ibid.
1661 3223 1809 3258 Pendent
1829 3225 1846 3258 ὲ
1869 3227 2012 3270 gratioso
2037 3254 2047 3270 ‚
2073 3230 2107 3263 δε

1275 3272 1401 3307 incerto
1424 3275 1554 3307 Divina:
1575 3273 1791 3308 miserationis
1804 3275 1959 3321 arbitrio;
1983 3288 2059 3323 295.
2081 3288 2104 3312 2

1273 3322 1499 3367 Indulgentias
1519 3323 1685 3358 Plenarias
1706 3324 1846 3359 Ecclesia
1859 3326 2012 3371 impartiri
2024 3329 2103 3362 sem·

1273 3383 1328 3415 per
1339 3373 1479 3417 perrexit
1493 3399 1500 3406 .
2020 3376 2100 3411 ibid.

1225 3424 1442 3469 Indulgentiae
1459 3424 1609 3468 plenariae
1621 3423 1742 3468 primus
1754 3423 1885 3460 Author
1896 3435 1963 3459 non
1977 3424 2021 3458 est
2035 3426 2100 3461 Ur-

1575 3475 1615 3507 M
1640 3486 1674 3508 m
1722 3482 1747 3510 2
1950 3474 2052 3512 banus
