2352 3756
136 2379 197 2409 Lib.
220 2389 235 2406 2

134 2430 198 2457 cap·
223 2429 246 2448 ι.

895 142 1456 188 CONCILIUM.

264 233 436 274 Aliarum,
463 231 583 275 quibus
607 231 760 265 Romana
784 228 971 263 adversatur
997 252 1008 267 ,
1037 225 1147 259 Eccle-

264 285 379 318 siarum
405 282 607 317 consuetudo
620 281 666 315 est
689 279 780 324 parvi
802 279 975 322 ponderis.
1001 274 1148 310 Proinde

266 335 377 368 Berno
405 335 593 368 Romanam
631 330 686 364 hic
714 329 853 364 omnino
879 327 1147 371 comprehendit.

267 384 311 417 Et
332 385 438 418 asserit
468 385 670 417 Francorum
691 379 961 415 consuetudinem
985 377 1084 412 etiam
1107 376 1150 410 ab

266 436 333 479 ipsa
359 434 451 468 fuisse
472 432 660 467 admissam.

315 483 428 529 Pergit
449 483 564 517 Guido
578 507 589 522 ,
614 483 649 515 &
672 480 772 515 edicit
794 490 832 512 ac
856 476 952 513 solvit
973 479 1148 514 secundam

265 536 468 569 Francorum
491 534 653 568 tationem
679 543 686 563 :
714 535 782 563 Nec
801 528 852 562 boe
877 535 978 571 utique
1000 528 1150 572 probabili

264 585 397 626 exemplo
417 583 529 616 carebit
550 607 561 623 ,
580 582 611 624 fi
623 580 774 624 sacrorum
797 580 947 612 ordinum
968 578 1151 623 dispensatio

266 645 486 675 nonnumquam
511 632 569 675 fiat
592 638 624 664 in
652 631 844 669 Februario,
869 631 939 661 dum
961 629 1012 663 hoc
1021 634 1149 672 exegerit

267 682 540 727 ,Quadragest‘malis
559 685 673 724 jejunii
691 685 873 723 permutatio
899 705 905 712 .
945 683 1032 712 Nam
1054 684 1149 712 Reve-

266 735 423 774 rendiffimi
448 737 556 767 Patres
578 731 665 773 nostri
676 755 686 770 ‚
707 729 872 773 sandiitate
885 731 918 763 (90
932 729 1089 770 Apostolica
1101 739 1150 761 au-

267 783 409 816 tborttare
423 788 591 825 praeciput,
619 782 756 816 videlicet
771 781 961 821 suffactus,
991 779 1146 821 Gelafius,

265 833 451 869 symmachus
465 857 474 871 ,
504 835 592 865 Felix
620 856 631 871 ,
657 837 688 862 in
706 829 865 863 Februario
884 831 1086 862 ordinationes
1102 828 1150 870 fe-

264 882 328 924 ciffe
347 883 486 926 leguntur
508 906 515 912 .
544 883 621 912 Ciam
637 883 710 920 jam
731 878 843 911 santia
862 880 998 911 Romana
1021 879 1150 921 Ecclefia

264 931 378 975 jejunia
401 940 529 974 quatuor
550 937 712 971 temporum
732 933 766 960 in
789 928 972 961 ordinatione
994 928 1149 972 observare

266 983 431 1015 decreverit
452 1003 463 1020 ,
494 982 530 1015 Θ
543 979 594 1013 boc
609 980 678 1012 aliis
700 989 812 1021 quoque
837 975 971 1018 Ecclest‘is
993 985 1040 1011 ita
1060 978 1148 1022 obser-

266 1033 406 1070 vandum
424 1030 683 1074 promulgaverit,
710 1030 778 1071 ergo
789 1025 900 1070 absque
908 1035 987 1061 omni
999 1030 1087 1062 dubio
1097 1030 1148 1062 ob-

260 1080 386 1124 servare
397 1081 535 1114 debemus
547 1105 558 1120 ,
584 1080 663 1112 unde*
675 1087 738 1110 tam
747 1086 827 1111 certa
842 1080 996 1120 Praecepta
1008 1081 1042 1113 cb·
1054 1091 1147 1113 exem-

261 1131 318 1172 pla
339 1131 511 1164 sunitarum
535 1132 682 1167 Patrum,
712 1128 870 1169 apostolica
879 1128 1057 1162 authoritate
1066 1138 1146 1171 prae-

266 1182 395 1214 dirorum
409 1204 419 1220 ,
441 1179 617 1223 fitffieienter
639 1178 775 1211 babemus
798 1201 808 1216 ,
832 1176 1005 1220 prasertim
1025 1180 1089 1211 cum
1113 1181 1147 1212 Θ

258 1229 384 1271 facilius
401 1229 594 1273 observetur,
618 1230 698 1270 quod
715 1229 846 1269 provida
869 1234 1036 1270 antiquitas
1049 1231 1145 1263 &au-

265 1278 396 1314 thoritas
423 1279 549 1320 instituit
574 1303 585 1319 ‚
611 1280 703 1320 quam
726 1278 807 1319 quod
829 1277 1044 1319 inconfiderata
1066 1284 1147 1312 novi-

265 1337 315 1362 tas
338 1332 372 1364 (5
394 1331 558 1373 infirmitas
580 1330 742 1361 adinvenit
763 1352 770 1359 .
809 1329 897 1361 Nulli
925 1334 1004 1360 enim
1026 1329 1146 1361 dubium

265 1379 303 1418 est
319 1405 329 1420 ,
354 1387 426 1422 quin
445 1380 575 1422 facilius
596 1377 634 1419 fit
653 1383 733 1410 omni
756 1389 839 1411 anno
862 1378 942 1411 idem
968 1381 1079 1411 Martii
1105 1379 1144 1420 je-

263 1429 375 1471 junium
397 1437 430 1463 in
452 1431 556 1464 eadem
578 1428 762 1461 bebdomada
784 1438 850 1460 cum
871 1426 978 1470 eisdem
991 1429 1087 1469 officiis
1099 1434 1147 1461 in-

263 1480 384 1521 confuse
402 1480 548 1514 celebrare
564 1503 575 1519 ‚
599 1480 690 1521 quam
710 1479 748 1510 de
773 1477 960 1511 bebdomada
981 1483 1014 1510 in
1042 1478 1145 1511 bebdo-

264 1531 386 1563 madam
406 1541 463 1562 non
476 1528 540 1570 fine
560 1526 717 1570 confusione
738 1528 892 1568 officiorum
906 1552 917 1566 ,
943 1535 974 1560 ut
992 1530 1082 1560 multi
1099 1527 1147 1571 Jo-

264 1581 324 1613 lent
346 1605 356 1621 ,
393 1580 470 1613 illud
490 1584 646 1612 annuatim
668 1587 785 1610 mutare
806 1601 813 1608 .
853 1577 896 1611 Et
919 1577 987 1610 haec
1009 1579 1053 1611 est
1082 1589 1145 1613 una

263 1629 452 1669 rationum,
481 1641 553 1672 quae
575 1629 748 1670 septimum
766 1628 965 1671 Gregorium
981 1639 1146 1670 permove-

263 1689 340 1712 runt
364 1679 404 1714 ad
427 1678 594 1711 inductam
613 1676 631 1709 ὲ
656 1676 1068 1712 Francisconsuetudinem
1082 1679 1141 1711 cir-

265 1727 524 1762 cumducendam
536 1752 544 1759 .
574 1727 617 1759 Et
638 1735 675 1758 ut
700 1724 778 1758 sacri
791 1725 933 1758 Ordines
946 1737 1014 1759 non
1027 1727 1146 1760 dentur

264 1779 301 1811 in
324 1777 498 1811 Februario
515 1800 525 1815 ,
551 1775 660 1808 nullus
675 1775 829 1817 antiquus
841 1775 961 1809 Canon
975 1776 1144 1810 interdixit

266 1828 395 1862 Latinis
417 1824 587 1870 Episcopis
600 1849 608 1856 .

313 1877 464 1912 Tertiam
487 1877 648 1909 tationem
674 1872 809 1907 adducit
836 1870 1018 1907 Amalatius
1029 1874 1144 1908 Fortu-

264 1937 360 1960 natus
370 1951 381 1966 ,
408 1927 441 1959 δε
453 1924 590 1958 eandem
602 1923 744 1956 stabilire
755 1923 860 1955 studet
874 1921 987 1955 Abbas
1011 1922 1139 1956 Berno.

263 1975 387 2010 Christi
410 1974 554 2008 Domini
580 1985 619 2007 ex
641 1970 831 2009 patriarcha
856 1969 1021 2005 Abraham
1045 1973 1143 2017 origo

262 2027 350 2070 apud
365 2026 516 2060 Sanctum
530 2021 726 2056 Matthaeum
740 2020 867 2054 constat
882 2021 983 2054 tribus
994 2021 1143 2055 claffibus

263 2074 511 2122 quatuordecim
529 2072 780 2116 generationum
797 2083 807 2103 .·
836 2070 879 2102 Et
901 2070 937 2103 in
959 2071 1054 2104 tertia
1066 2071 1140 2105 clas-

263 2127 296 2159 se
316 2136 383 2159 non
407 2123 634 2167 exprimuntur
654 2121 710 2153 nifi
722 2119 950 2164 generationes
965 2120 1137 2154 tredecim.

264 2176 323 2209 Est
346 2177 593 2215 Sacramentum
617 2195 625 2203 .
661 2171 706 2204 Et
738 2170 839 2213 ipsum
869 2170 903 2202 in
931 2169 1138 2204 Clericorum

264 2223 566 2260 consecrationibus
592 2222 793 2254 Francorum
828 2219 981 2263 Episcopi
1009 2222 1139 2255 censue-

263 2285 338 2311 runt
360 2271 652 2318 repraesentandum
671 2294 681 2303 .,
706 2268 892 2303 Audiamus
911 2269 1136 2304 Amalarium:

264 2329 325 2360 Per
346 2334 407 2358 tres
427 2321 663 2366 Tefferadecades
684 2321 829 2353 annuales
850 2318 924 2360 fiunt
947 2319 1136 2354 hebdomadae

263 2376 467 2418 quadraginta
489 2365 564 2405 duan
588 2374 643 2403 Tot
658 2375 864 2414 generationes
874 2368 1035 2412 secundum
1057 2375 1135 2403 Mat-

263 2426 377 2459 tbaeum
388 2421 496 2462 christi
505 2419 578 2463 sunt
588 2431 652 2453 cum
669 2418 738 2462 ipso.
762 2422 816 2451 Tot
833 2425 926 2453 etiam
942 2419 1135 2454 bebdomadae

264 2479 460 2508 inveniuntur
473 2474 492 2504 ἃ
500 2478 598 2513 primo
607 2468 758 2503 sabbatho
763 2474 857 2511 primi
868 2468 970 2511 mensis
980 2469 1071 2512 usque
1092 2472 1137 2503 ad

263 2534 401 2568 quartum
411 2521 594 2556 sabbathum
605 2521 708 2554 decimi
718 2518 820 2561 menfis
835 2544 841 2551 .
870 2518 914 2553 Et
926 2518 974 2553 hae
989 2521 1134 2563 septima·

264 2589 313 2610 nae
334 2577 409 2609 sunt
432 2571 606 2606 exordium
629 2571 662 2603 δε
685 2570 760 2603 finis
780 2570 937 2602 sacrarum
957 2570 1132 2605 ordinatio.

263 2638 361 2660 num.
391 2624 419 2657 A
433 2622 539 2666 primo
550 2618 717 2655 sabbatho
730 2619 846 2653 Martii
861 2619 961 2662 usque
976 2620 1016 2653 ad
1030 2621 1137 2654 secun·

263 2678 340 2710 dum
354 2674 463 2718 Iunii,
487 2670 572 2705 &ab
584 2669 760 2712 hocusque
780 2669 820 2702 ad
842 2670 974 2703 tertium
997 2671 1136 2714 Septem-

264 2727 328 2760 bris
349 2726 422 2758 sunt
445 2720 628 2765 septimanae
649 2718 914 2761 quatuordecim,
944 2720 977 2753 ὅ(
997 2721 1014 2753 a
1039 2722 1151 2755 tertio-

263 2777 326 2810 isto
337 2772 501 2809 Sabbatho
513 2772 610 2815 usque
621 2770 660 2803 ad
675 2777 825 2813 quartum
847 2767 1049 2803 Sabbathurn
1073 2771 1139 2805 De.

262 2824 400 2861 cembris
410 2819 482 2857 sunt
494 2821 691 2866 quandoque
702 2818 950 2863 quatuordecim
965 2818 1137 2856 hebdoma-

261 2875 309 2910 dae
321 2900 331 2916 ‚
358 2871 554 2918 quandoque
564 2871 736 2905 dumtaxat
745 2868 900 2904 tredecim
910 2894 919 2902 .
945 2868 1027 2903 Haec
1039 2869 1137 2908 Ama-

263 2926 361 2961 hrius
386 2926 419 2958 δε
440 2922 550 2956 Berno
577 2921 742 2964 applicant
769 2918 894 2953 Christi
917 2919 1059 2953 Domini
1093 2933 1134 2956 ex

262 2972 430 3011 Abraham
443 2969 708 3017 generationibus
720 2969 979 3013 repraesentandis
989 2995 996 3003 .
1025 2970 1133 3015 Appli-

262 3027 352 3060 catio
368 3024 481 3066 nequit
491 3023 691 3065 exponiuno
716 3019 839 3053 verbo:
867 3019 965 3063 Apud
986 3020 1072 3061 ipsos
1092 3022 1133 3055 vi-

262 3076 393 3110 deatut.
421 3073 464 3106 Et
475 3071 515 3105 ad
530 3072 631 3113 ipsam
643 3069 723 3104 reste
737 3068 906 3112 respondet
928 3069 1041 3103 Guido
1066 3071 1133 3106 Ab·

262 3125 338 3160 bas:
365 3127 401 3157 In
413 3121 467 3156 bac
478 3120 565 3164 causa
577 3122 746 3157 amalarius
757 3130 815 3152 non
826 3121 899 3152 adeo
912 3122 1060 3154 notandus
1075 3122 1112 3162 est
1122 3145 1132 3161 ,

262 3181 313 3218 qui
326 3185 384 3207 non
395 3182 457 3206 tam
468 3173 598 3212 aliquam
609 3168 844 3212 consuetudinem
853 3169 1002 3208 instituere
1014 3195 1023 3209 ,
1036 3174 1125 3212 quam

262 3227 298 3258 de
310 3223 444 3263 instituta
455 3228 659 3262 competentem
670 3223 800 3260 aliquam
806 3220 938 3262 figuram
947 3222 1044 3253 elicere
1066 3233 1128 3255 cen-

256 3274 365 3319 fiurit.
388 3271 539 3306 Affirmat
550 3268 634 3303 hanc
645 3268 804 3303 rationem
830 3280 895 3302 non
916 3271 1006 3304 fuisse
1029 3282 1128 3306 atten-

259 3336 327 3359 tam
339 3325 356 3357 a
369 3320 572 3366 Moguntina
586 3318 741 3361 Riculphi
755 3316 1001 3362 Archiepiscopi
1024 3322 1127 3362 Syno.

258 3376 320 3412 do,
345 3372 396 3407 sed
413 3371 522 3414 postea
536 3369 577 3403 ab
591 3368 760 3402 Amalario
773 3368 1000 3402 adinventam.
1026 3370 1066 3405 Et
1078 3371 1128 3405 ad.

257 3425 306 3458 dit
329 3423 428 3467 ipsam
450 3432 518 3454 non
541 3421 601 3455 effe
624 3418 774 3453 firmam.
801 3418 972 3466 Qoniam
996 3418 1152 3522 singulisl

1927 166 2019 213 357

1207 225 1397 260 annisinter
1409 226 1548 268 primurn
1568 229 1682 264 Martii
1705 243 1742 267 ac
1766 230 1944 267 secundum
1971 233 2056 276 Junii
2071 258 2081 273 ‚

1210 276 1384 309 iteminter
1396 276 1571 310 secundum
1584 277 1713 319 Iunii&
1735 284 1866 317 tertium
1889 282 2083 324 Septembris

1208 324 1409 360 Sabbathum
1422 337 1487 359 non
1501 328 1575 359 sunt
1589 327 1711 370 semper
1723 332 1968 373 quatuordecim
1989 333 2080 374 septi-

1209 388 1327 410 manae.
1356 375 1469 410 Abbas
1482 377 1646 421 Rupertus
1657 377 1739 411 reste
1755 382 1856 414 asserit
1876 384 1938 416 esse
1961 393 2082 416 novam

1207 428 1241 461 δε
1254 426 1341 470 parvi
1355 425 1504 469 ponderis
1514 426 1704 471 allegoriam
1718 451 1725 459 .

1256 476 1401 525 Qaestio
1412 477 1505 511 tertia
1516 476 1561 510 est
1575 500 1586 516 ,
1614 476 1670 510 An
1685 477 1915 513 Rornanorum
1929 482 2083 524 antiquus

1207 529 1240 562 &
1250 528 1450 561 Francorum
1463 537 1571 562 novus
1583 527 1669 561 circa
1683 526 1749 561 haec
1770 526 1891 570 jejunia
1913 539 1984 562 mos
1998 531 2086 566 diffe-

1209 587 1281 611 rant
1299 576 1407 621 quoad
1419 577 1523 612 solum
1545 578 1686 621 primum
1699 578 1864 611 mensem?
1891 575 2086 620 Respondeo

1208 628 1362 661 distulisse
1372 627 1471 662 etiam
1494 628 1580 662 circa
1606 629 1752 662 mensem
1773 627 1923 670 Junium-
1952 627 2087 664 Etenim

1210 679 1362 712 Romana
1388 678 1469 712 olim
1498 677 1637 711 Ecclesia
1677 679 1800 722 semper
1819 677 1853 711 in
1882 676 2097 714 Pentecoste&

1199 724 1413 762 ihebdomada
1439 753 1450 768 ,
1488 726 1606 762 Franci
1630 737 1737 762 autem
1758 728 1959 771 quandoque
1989 739 2089 770 ante,

1210 777 1407 821 quandoque
1431 778 1501 821 post
1536 776 1749 812 Pentecosten
1774 778 1977 813 celebrarunt
2004 779 2089 813 istud

1208 828 1364 871 jejunium
1384 853 1392 859 .
1432 827 1476 862 Et
1499 830 1532 863 in
1555 829 1610 862 sua
1632 828 1781 863 novitate
1807 839 1875 861 non
1897 828 1984 862 fuere
2010 841 2089 863 con-

1209 877 1345 911 stantes.
1374 877 1490 913 Scribit
1516 878 1606 912 enim
1627 876 1740 913 Abbas
1764 877 1894 912 Berno:
1922 880 2090 920 sicutprae-

1210 930 1356 961 veniendo
1366 929 1443 969 istud
1453 954 1464 971 ‚
1491 939 1643 973 quartum
1665 926 1858 963 Decembris
1869 925 2070 963 Sabbathum
2078 952 2090 968 ,

1208 980 1405 1019 anticipamus
1418 1004 1429 1019 ‚
1456 983 1502 1012 ita
1520 978 1683 1022 secundum
1703 977 1882 1023 sabbathum
1903 976 2006 1019 menfis
2025 975 2174 1023 Ju.C³P·
2196 984 2225 1010 7·

1210 1033 1272 1068 nti,
1301 1029 1366 1060 cum
1376 1030 1488 1072 Vigilia
1501 1029 1680 1069 pentecostes
1695 1029 1737 1071 fic
1752 1034 1950 1070 provenerit,
1971 1029 2088 1070 prolon-

1204 1079 1307 1122 gando
1315 1083 1347 1111 in
1353 1084 1523 1120 proximum
1534 1079 1719 1120 diff-rimus,
1745 1080 1811 1112 licet
1833 1079 1919 1119 nostri
1934 1080 2088 1122 Anteeeffo-

1208 1140 1253 1160 res
1265 1153 1275 1168 ‚
1302 1135 1500 1171 utrumquem
1513 1129 1581 1172 ipsa
1603 1131 1712 1172 Vigilia
1728 1129 1838 1172 fanlla
1857 1127 1943 1169 simul
1961 1129 2087 1162 celebra-

1210 1188 1294 1217 rent,
1315 1177 1419 1219 ficata
1436 1180 1675 1221 praetitulatione.
1692 1179 1832 1212 librorum
1853 1179 1979 1211 evidens
2002 1177 2087 1211 babe-

2101 308 2162 338 Lib·
2186 319 2228 339 10.

2098 357 2164 386 cap.
2191 358 2236 383 ²7·

1210 1239 1271 1259 mut
1282 1227 1492 1266 testimonium.
1522 1230 1690 1271 ,Quidadeo
1700 1238 1772 1271 opus
1796 1229 1834 1268 est
1856 1239 1933 1262 nunc
1953 1233 2088 1271 inquiri,

1209 1279 1288 1319 quod
1305 1288 1369 1311 tam
1390 1279 1473 1322 longo
1492 1287 1619 1320 tempore
1631 1285 1716 1321 coepit
1728 1278 1861 1322 dedisci?
1887 1283 2030 1312 Attamen
2051 1290 2087 1312 ne

1210 1326 1373 1371 hujusmodi
1389 1326 1512 1371 scientIa
1523 1328 1685 1370 frauderis
1700 1353 1712 1368 ,
1738 1331 1809 1362 talt‘s
1831 1327 1983 1370 inscriptio
1997 1327 2089 1371 super

1210 1376 1263 1411 bac
1286 1389 1320 1411 re
1340 1377 1465 1412 babetur
1489 1384 1522 1410 in
1539 1379 1645 1412 libris.
1673 1379 1726 1412 Ex
1745 1378 1891 1423 antiquis
1903 1376 2092 1411 Ritualibus

1210 1427 1407 1462 demonstrat
1429 1429 1517 1472 Junii
1534 1429 1715 1473 jejunium,
1740 1430 1819 1464 dum
1840 1430 1882 1463 ita
1911 1429 2092 1463 annirevo-

1210 1477 1292 1511 lutio
1316 1477 1438 1521 juberet
1459 1504 1469 1519 ‚
1496 1477 1538 1513 ab
1561 1480 1704 1522 antiquis
1723 1480 1858 1513 Francis
1881 1478 1981 1512 fuisse.
1993 1479 2092 1512 serva-

1209 1537 1280 1561 tum
1302 1527 1335 1561 in
1359 1529 1535 1571 septimana
1559 1539 1636 1563 ante
1657 1529 1898 1569 Pentecosten,
1924 1536 2021 1571 atque
2045 1528 2092 1562 ita

1210 1577 1418 1611 pentecostes
1442 1580 1587 1622 vigiliam
1607 1580 1641 1613 &
1665 1579 1877 1622 istiusjejunii
1889 1576 2092 1612 sabbathum

1208 1629 1421 1662 concurrisse.
1450 1629 1494 1662 Et
1517 1628 1684 1674 adjungit:
1713 1632 1778 1673 ,Qui
1797 1642 1860 1663 mos
1881 1626 1968 1671 usque
1979 1627 2065 1661 bodie
2079 1652 2093 1668 ,

1207 1685 1239 1709 ut
1261 1686 1435 1719 compertum
1457 1678 1617 1720 babemus,
1642 1686 1676 1712 in
1689 1678 1797 1722 sanc‘la
1815 1678 1959 1722 servatur
1985 1681 2091 1710 Roma-

1208 1737 1247 1757 na
1260 1726 1385 1766 Ecclesia
1399 1752 1407 1759 .
1436 1728 1489 1761 Ex
1516 1728 1634 1771 quibus
1655 1729 1761 1763 verbis
1783 1730 1889 1770 lucet,
1916 1727 2008 1771 quo‘d
2024 1728 2094 1761 Ro·

1205 1786 1301 1810 mana
1328 1776 1471 1810 Ecclesia
1493 1777 1619 1811 avitum
1641 1779 1734 1812 suum
1757 1790 1882 1812 morem
1895 1777 2094 1817 deseruerit,

1205 1825 1239 1857 ὃς
1264 1825 1300 1857 sit
1321 1826 1472 1868 amplexa
1496 1838 1623 1861 morem
1648 1828 1872 1862 Francorum.
1901 1827 1991 1861 Nam
2013 1824 2093 1861 &in

1207 1873 1416 1908 decantando
1452 1875 1493 1909 ad
1522 1876 1692 1910 Miffarum
1720 1878 1878 1912 solemnia
1906 1877 2097 1920 Symbolo,

1205 1923 1238 1956 &
1265 1924 1398 1958 tandem
1419 1925 1517 1959 etiam
1543 1927 1577 1960 in
1610 1927 1817 1961 admittendo
1844 1927 1938 1971 ipsius
1964 1926 2090 1960 addita-

1206 1983 1318 2006 mento
1346 1976 1561 2016 Francicum,
1590 1977 1643 2011 cui
1663 1976 1787 2011 dudum
1808 1975 1977 2012 fortissime
2001 1977 2089 2010 resti·

1204 2032 1301 2062 terat,
1328 2023 1373 2057 est
1393 2035 1521 2059 morem
1542 2027 1710 2069 amplexa.
1736 2027 1788 2060 Ex
1800 2038 1910 2061 amore
1924 2026 2088 2060 unanimi-

1204 2074 1278 2106 tatis
1291 2074 1325 2106 in
1339 2073 1456 2108 ritibus
1485 2075 1716 2110 Ecclefiasticis
1728 2100 1735 2107 .

1251 2123 1305 2155 De
1316 2122 1435 2156 decimi
1446 2124 1560 2157 mensis
1569 2124 1692 2167 jejunio
1705 2125 1771 2158 haec
1793 2137 1834 2159 ex
1849 2125 2019 2160 Amalario
2032 2125 2086 2160 ha-

1203 2170 1258 2205 bet
1282 2172 1410 2205 Berno:
1441 2174 1618 2206 clericorum
1640 2173 1809 2216 consecratio
1830 2174 1919 2208 babet
1937 2175 2028 2217 finem
2048 2182 2082 2210 in

1202 2224 1381 2254 Nativitate
1403 2221 1535 2262 Christi,
1557 2222 1630 2263 ficut
1641 2225 1825 2265 quorundam
1837 2225 2002 2265 Italorum,
2028 2237 2081 2259 ne-

1193 2269 1253 2313 scio
1264 2281 1304 2303 an
1322 2276 1450 2304 omnium
1462 2297 1472 2311 ‚
1498 2272 1593 2306 adbuc
1613 2285 1673 2305 mos
1697 2272 1734 2311 est
1754 2285 1840 2316 agere
1853 2298 1864 2314 ,
1889 2284 1924 2308 ut
1944 2287 1993 2318 ego
2016 2275 2079 2318 ips?

1199 2321 1309 2354 ibidem
1316 2321 1422 2364 positus
1434 2328 1569 2365 cognovi.
1597 2324 1656 2356 sed
1663 2321 1733 2365 usus
1758 2329 1791 2356 in
1815 2324 1917 2364 nostris
1940 2326 2075 2367 Ecclefiis

1198 2377 1329 2405 excrevit
1351 2396 1362 2411 ‚
1397 2381 1430 2405 ut
1455 2378 1490 2404 in
1510 2379 1654 2406 anteriori
1673 2373 1857 2407 hebdomada
1875 2381 2072 2418 anticipetur.

1172 2431 1175 2434 ‘
1197 2424 1283 2464 ,Quia
1304 2423 1358 2454 illa
1379 2423 1436 2455 duo
1455 2424 1545 2465 officia
1562 2425 1675 2464 jejunii
1697 2424 1870 2457 &Natalis
1884 2429 2002 2460 Domini
2013 2440 2072 2461 non

1195 2478 1373 2504 con-veniunt
1377 2471 1466 2513 simul
1472 2472 1611 2506 celebrari
1623 2499 1629 2505 .
1659 2474 1701 2508 Et
1714 2475 1747 2507 in
1754 2474 1799 2508 fra
1812 2488 1819 2507 ε
1833 2475 2069 2521 ,Quodsivigilia

1195 2525 1323 2555 Natalis
1335 2525 1455 2555 Domini
1467 2528 1499 2555 in
1508 2522 1660 2557 sabbatho
1679 2530 1796 2558 venerit
1807 2549 1818 2565 ,
1843 2530 1875 2558 in
1885 2525 2071 2561 hebdomada

1192 2578 1287 2613 priori
1298 2571 1377 2610 istud
1378 2574 1532 2613 jejunium
1544 2574 1624 2607 decet
1638 2570 1817 2616 anticipari.
1844 2574 1929 2620 Agit
1941 2576 1983 2610 de
1995 2577 2069 2611 istis

1195 2621 1290 2655 annis
1310 2621 1365 2665 qui
1384 2623 1573 2659 Dominicae
1596 2623 1789 2659 Nativitatis
1809 2625 1925 2660 festum
1946 2625 2069 2662 habent

1196 2671 1229 2704 in
1255 2671 1436 2706 Dominica
1457 2682 1512 2706 aut
1534 2673 1568 2705 in
1583 2674 1719 2708 secunda
1731 2675 1827 2709 feria.
1855 2674 1899 2710 Et
1911 2675 1989 2710 hinc
2001 2677 2069 2721 plu-

1195 2733 1227 2755 ra
1253 2720 1448 2756 addiscimus
1469 2747 1477 2756 .
1506 2722 1639 2765 Primo,
1663 2724 1753 2767 quod
1774 2725 1865 2760 istius
1886 2726 2069 2762 festivitatis

1199 2771 1309 2816 vigilia
1329 2772 1412 2807 olim
1436 2784 1502 2807 non
1520 2773 1616 2807 fuerit
1638 2774 1797 2810 celebrata
1818 2776 1854 2809 in
1882 2776 1937 2812 die
1946 2775 2067 2811 Domi-

1198 2822 1293 2855 nico.
1321 2823 1430 2857 Etiam
1450 2822 1534 2866 apud
1556 2824 1742 2860 Romanos.
1768 2826 1920 2861 Secundo
1940 2850 1952 2867 ,
1978 2825 2065 2870 quod

1196 2871 1285 2906 istius
1296 2883 1375 2907 tunc
1388 2874 1504 2908 mensis
1511 2873 1670 2917 jejunium
1681 2875 1770 2910 fieret
1780 2876 1815 2910 in
1829 2876 1967 2911 secunda
1989 2876 2065 2911 heb-

1197 2921 1336 2956 domada
1352 2924 1469 2958 mensis
1482 2948 1489 2956 .
1515 2925 1659 2971 Qoties
1669 2926 1785 2970 nempe
1801 2926 1917 2961 festum
1938 2926 2063 2960 caderet

1195 2973 1230 3005 in
1255 2973 1430 3007 secundam
1455 2973 1568 3007 feriam
1589 2999 1596 3007 .
1624 2974 1767 3016 Tertio,
1792 2976 1881 3020 quod
1905 2975 2063 3009 Bernonis

1192 3022 1290 3056 etiam
1304 3033 1451 3066 tempore
1462 3024 1505 3057 sic
1516 3024 1606 3058 fieret
1616 3049 1623 3057 .
1652 3025 1695 3060 Et
1707 3034 1774 3060 erat
1790 3037 1838 3060 res
1860 3026 2058 3073 incongrua.

1192 3073 1321 3121 Qartd
1337 3074 1510 3115 discimus,
1536 3073 1626 3118 quod
1639 3074 1679 3109 ad
1704 3076 1787 3110 istud
1810 3076 2058 3111 incommodum

1191 3123 1383 3158 evitandum
1396 3123 1549 3159 Romana
1563 3125 1704 3159 Ecclesia
1716 3126 1805 3159 illam
1826 3125 1975 3170 vigiliam
1997 3137 2060 3160 coe-

1192 3174 1441 3218 peritcelebrare
1461 3174 1494 3207 in
1516 3174 1709 3209 Dominica.
1739 3174 1902 3209 Existimo
1923 3174 1988 3212 hoc
2010 3178 2058 3212 in-

1191 3224 1321 3258 ductum
1336 3225 1436 3258 etiam
1448 3223 1467 3256 ὲ
1481 3225 1616 3268 septimo
1628 3225 1790 3269 Gregorio
1799 3250 1806 3257 .

1238 3273 1280 3308 Et
1292 3273 1358 3307 haec
1367 3273 1432 3308 fere
1441 3272 1670 3307 omniaAribo
1682 3274 1954 3319 Archiepiscopus
1980 3279 2059 3314 Mo-

1190 3323 1390 3370 guntinus&
1410 3323 1541 3358 sanctus
1563 3322 1738 3365 Imperator
1759 3324 1924 3360 Henticus
1941 3334 2057 3366 confir.

1191 3375 1363 3408 maruntin
1386 3371 1679 3416 Salegunstadienfi
1702 3375 1857 3417 Synodo:
1883 3380 1928 3410 De
1950 3386 2057 3417 incerto

1182 3427 1296 3468 jejunio
1309 3433 1431 3467 quatuor
1453 3431 1614 3466 temporum
1635 3425 1712 3460 banc
1731 3427 1936 3461 certitudinem
1949 3428 2057 3469 statut.

1921 3489 2009 3525 mus,
