2352 3756
342 77 434 135 338

267 164 325 193 rito
347 159 419 198 jam
448 156 561 189 dudum
573 159 673 188 Romae
684 154 763 197 fecit
775 181 785 197 ,
810 155 874 189 cum
891 162 1033 191 Henricus
1055 154 1152 188 adbuc

270 209 380 242 ibidem
399 217 565 240 moraretur
585 230 591 237 .
620 206 717 239 Hanc
739 204 918 250 sententiam
939 210 1046 251 Legati
1067 207 1151 239 Sedis

273 258 437 302 apostolica
449 281 459 297 ‚
485 257 625 290 videlicet
647 258 755 291 Petrus
771 256 939 299 Albanenfis
964 254 1127 298 Episcopus
1141 277 1152 293 ,

272 317 499 353 cognomento
513 305 655 352 Igneus,
682 312 714 339 in
741 310 893 347 Francia,
921 306 998 339 Otho
1017 304 1151 344 Hostien-

267 359 308 402 fis
329 354 494 399 Episcopus
521 362 553 390 in
577 366 660 390 terra
684 355 921 390 Tbeutonicorum
949 353 1153 397 usquequaque

274 409 470 450 divulgarunt
498 432 505 440 .
543 407 672 442 Laudat
683 407 763 440 duas
792 405 946 449 Gregorii
974 404 1152 447 synodos.-

274 458 449 493 Decimam
471 457 504 492 &
523 457 750 492 undecimam.
778 454 821 486 Et
844 453 913 488 haec
934 455 996 487 fuit
1016 454 1151 488 ultima.

139 504 202 538 Lib.
235 515 258 537 ³.
273 509 355 552 Ejus
373 518 501 553 tempus
523 508 623 542 edicit
647 506 791 547 praefatus
809 504 898 537 Leo:
926 506 988 537 Alio
1001 506 1152 546 praetereci

138 556 202 586 mp-
215 556 227 583 5
232 556 258 583 3·
273 571 354 592 anm,
365 561 518 594 Henricus
544 563 705 598 Jmperator
728 557 853 586 Romam
871 566 937 588 cum
960 560 1091 588 exercitu
1103 566 1153 589 ve-

274 617 320 645 nir
331 636 343 652 ,
369 615 403 647 ὡ·
415 614 533 652 Papam
546 610 733 647 Gregorium,
758 609 853 645 quiin
863 616 929 637 arce
948 606 967 637 5
968 605 1047 637 antii
1061 610 1151 649 Ange-

271 660 333 704 lise
352 671 454 695 contra
474 669 539 692 eum
564 659 756 694 muniverat,
782 664 846 687 cum
868 654 991 695 diversis
1015 656 1152 688 bellorum

272 711 419 745 machinis
440 716 605 750 oppugnare
621 706 715 736 modis
735 704 869 736 omnibus
881 712 969 748 coepit
981 730 988 737 .
1016 705 1086 739 Hoc
1102 706 1152 739 ubi

273 762 394 793 Roberto
415 762 508 798 Daci,
536 761 586 800 qui
607 763 638 789 eo
661 763 789 797 tenpore
800 754 1153 798 constantinopolitanum

272 816 484 853 imperatorem
506 804 723 851 expugnabat,
748 806 876 838 relatum
895 805 933 846 est
946 831 956 846 ‚
983 808 1156 848 Boadmonffi

271 863 345 893 dum
362 860 459 903 fllium
476 858 564 903 suum
587 863 619 889 in
642 854 708 899 ipsa
732 857 921 897 expeditione
955 858 1128 899 relinquens
1141 881 1152 897 ,

272 911 394 945 Italiam
406 910 529 951 citiffime'
554 907 666 946 rediit,
693 916 727 938 ac
740 904 915 949 immensum
931 908 1022 940 valde
1042 913 1151 942 exerci-

271 970 337 995 tum
356 971 534 1006 congregant
544 982 556 998 ,
582 958 628 989 ad
644 958 740 998 Papae
755 956 958 990 liberationem
982 968 1086 992 contra
1095 963 1150 992 Im·

268 1021 440 1055 peratorem
458 1017 500 1044 ire
518 1007 665 1051 disponit.
694 1007 788 1051 ,Quod
804 1006 856 1040 ubi
870 1007 1015 1050 Defiderio
1034 1014 1152 1043 nuntia-

269 1073 334 1096 tum
358 1062 417 1103 est,
445 1065 582 1095 nuntium
605 1061 707 1091 Romae
724 1058 801 1091 illico
822 1057 982 1098 destinavit
1009 1083 1020 1099 ,
1045 1065 1095 1102 qui
1117 1061 1152 1093 ῤ’

270 1116 366 1154 Papae
385 1113 587 1147 liberationem
614 1112 648 1143 (ν
669 1110 760 1141 Ducis
783 1108 951 1142 adventum
977 1114 1151 1152 Imperatori

269 1170 442 1198 nuntiaret.
470 1167 552 1196 Tune
575 1165 742 1202 Imperator
763 1157 841 1192 Urbe
862 1162 1040 1203 egrediens,
1062 1159 1096 1192 ob
1117 1161 1153 1192 id

264 1213 376 1257 scilicet
398 1221 469 1258 quia
487 1213 550 1256 fine
574 1211 703 1244 militum
717 1209 855 1252 praefidlo
876 1219 944 1244 erat
958 1233 969 1250 ,
993 1216 1151 1243 civitatem

269 1265 471 1305 Castellananu
491 1262 628 1308 ingressus
649 1260 704 1300 est·-
730 1258 874 1307 Robertgg
893 1270 990 1294 autem
1003 1265 1075 1294 Dux
1087 1271 1151 1294 cum

267 1321 396 1349 exercitu
410 1317 454 1349 ad
462 1313 618 1355 Ecclesiam
635 1319 760 1354 quatuor
772 1314 986 1344 coronatorum
1009 1318 1147 1353 intempe-

262 1367 319 1406 stae
331 1366 424 1400 nolus
437 1365 551 1408 filentio
563 1365 635 1397 dum
656 1360 841 1404 advemffet‚
868 1372 907 1394 ex
928 1361 1039 1402 confilio
1049 1365 1150 1394 Cencii

266 1420 469 1450 Romanorum
478 1413 614 1458 Consulis
636 1418 733 1456 ignem
757 1417 789 1443 in
801 1410 909 1444 Urbem
930 1411 1063 1452 immifit.
1093 1415 1150 1443 Ro-

264 1474 351 1499 mani
363 1473 455 1510 igitur
477 1478 507 1499 re
517 1471 672 1506 inopinata
688 1459 829 1503 perculsi,
853 1472 889 1493 ac
908 1466 941 1493 in
960 1467 1028 1505 igne
1041 1460 1148 1501 exstin-

261 1518 382 1561 guendo
404 1517 474 1548 dum
491 1518 578 1558 essent
588 1518 699 1560 intenti
709 1536 719 1552 ‚
747 1515 820 1543 Dux
830 1510 977 1552 confestim
987 1522 1053 1545 cum
1070 1522 1148 1544 exer-

264 1574 325 1599 citu
345 1568 388 1599 ad
406 1576 500 1599 arcem
523 1563 625 1598 saneti
638 1563 740 1606 Angeli
756 1569 929 1603 properans
941 1587 950 1601 ‚
978 1561 1148 1604 Pontificem

263 1619 335 1651 inde
347 1615 537 1657 abstrahens,
565 1618 660 1647 Roma
675 1612 737 1651 fine
762 1623 845 1644 mora
863 1611 1002 1656 egreffics,
1029 1615 1148 1654 Papam

264 1671 440 1711 Gregorium
476 1667 520 1699 ad
554 1664 605 1698 boe
643 1661 853 1702 Monasterium
880 1662 971 1706 usque
996 1665 1145 1702 deduxit,

265 1731 351 1759 quem
364 1716 552 1760 apostolicum
571 1714 661 1755 noster
683 1713 784 1746 Abbas
802 1710 891 1755 usque
916 1714 961 1745 ad
978 1711 1062 1754 ipsius
1082 1717 1148 1746 exi-

263 1779 329 1800 tum
353 1792 363 1808 ,
388 1779 454 1801 cum
481 1764 639 1809 Episcopis
669 1766 703 1797 (¹7
729 1761 947 1796 Cardinalibus
973 1785 983 1800 ,
1009 1769 1062 1803 qui
1082 1771 1146 1795 eum

258 1816 355 1861 secuti
369 1817 498 1861 fuerant
511 1840 522 1856 ,
544 1814 725 1858 fistentavit
746 1838 753 1845 .
780 1811 921 1845 Decima
948 1811 1049 1855 igitur
1069 1820 1167 1877 ante¹

264 1867 406 1901 Roberti
429 1866 606 1900 adventum
631 1888 643 1904 ,
669 1861 842 1896 undecima
866 1860 1022 1904 Gregorii
1040 1862 1168 1955 synd-¹

262 1920 324 1950 dus
335 1918 398 1951 fuit
410 1916 572 1950 celebrata
594 1914 664 1957 post
680 1910 819 1945 Henrici
841 1910 999 1955 egressum
1011 1935 1019 1943 .

637 77 681 122 S.
721 73 1040 120 GREoonn
1075 86 1315 119 sevum
1352 74 1729 127 P0N11r1c1's

1260 154 1365 189 Porro
1376 155 1582 192 Nortmanni
1595 160 1646 194 illi
1656 186 1667 203 ,
1693 174 1776 206 quos
1788 163 1833 199 ob
1847 165 1987 210 priorem
1998 167 2093 203 Hen-

1211 204 1270 237 rici
1294 208 1673 244 excommunicationem
1685 214 1838 249 receffiffe
1847 216 1867 250 a
1876 217 2039 263 Gregorio
2047 221 2093 254 af-

1212 254 1320 287 firmat
1331 253 1401 287 Leo
1413 255 1620 300 Hostienfis,
1639 270 1709 294 non
1723 263 1786 296 fuit
1798 264 1864 306 ipse
1877 266 1956 301 Dux
1968 268 2093 304 Rober·

1213 314 1284 336 tus.
1313 303 1383 338 Hic
1395 305 1486 339 enim
1507 316 1588 342 tunc
1604 308 1746 353 bellabat
1765 311 1799 346 in
1813 312 2030 359 Macedonia,
2056 321 2091 355 δε

1214 352 1624 399 constantinopolitanam
1650 361 1817 397 civitatem
1838 362 1978 400 habebat
1988 367 2023 402 in
2034 371 2091 405 sua

1213 415 1315 438 manu
1333 429 1340 437 .
1368 404 1412 439 Et
1435 406 1545 441 audita
1567 409 1742 455 Gregorii,
1768 414 1822 447 cui
1844 414 1960 460 ligiam
1977 418 2092 459 profess

1214 455 1339 510 fionem
1350 455 1493 498 fecerat,
1518 460 1730 503 captivitate,
1755 463 1864 499 statim
1880 465 2012 510 reliquit
2022 476 2092 503 om·

1216 515 1268 537 ma
1282 528 1293 544 ,
1320 504 1540 543 Boadmondo
1554 510 1626 544 filio
1637 513 1778 547 credidit
1790 513 1835 548 ibi
1847 516 1915 550 suas
1926 517 2090 559 fortunas,

1214 565 1357 589 armatus
1390 557 1480 592 venit
1515 559 1660 596 Romam
1681 587 1692 603 ,
1718 563 1754 598 δε
1771 563 1893 608 Papam
1919 566 2091 602 liberavit.

1215 604 1385 640 Proindea
1398 607 1494 650 solis,
1521 611 1577 653 qui
1588 612 1681 646 domi
1702 616 1942 657 remanserant,
1968 614 2092 653 timidis

1214 654 1406 690 proceribus
1426 658 1490 692 fuit
1501 659 1642 696 desertus
1653 663 1834 709 Gregorius
1842 689 1850 698 .
1881 667 1954 702 Nec
1965 666 2112 703 mireris!

1215 706 1270 740 has
1278 717 1391 741 contra
1406 708 1590 745 Henricum
1601 713 1777 748 sententias
1795 716 1887 751 fuiffe
1896 716 1937 751 ab
1949 717 2091 754 Othone

1214 756 1381 809 Hostienfi
1409 759 1574 804 Episcopo
1609 763 1793 809 divulgatas
1828 766 1863 800 in
1891 767 2089 803 Germania.

1215 807 1295 862 l-iaec
1305 808 1395 841 enim
1406 808 1451 843 ob
1464 810 1577 846 Rudol
1582 811 1635 856 phi
1648 814 1751 860 Regis
1771 826 1913 850 mortem
1925 829 1993 852 non
2004 818 2090 853 defe-

1213 867 1258 890 cit
1279 856 1298 890 a
1320 857 1485 903 Gregorio
1510 885 1517 893 .
1544 862 1637 897 Fecit
1663 865 1754 908 quod
1775 864 1873 901 habet
1899 867 2089 903 conrardus

1215 906 1327 941 Abbas
1340 907 1576 955 Uspergenfis:
1605 918 1690 947 Anno
1709 915 1854 958 millefimo
1872 917 2030 962 ocqogefimo
2042 918 2090 962 se-

1211 958 1305 990 cundo
1312 957 1512 994 Hermannus
1523 964 1649 1004 quidam
1661 988 1672 1005 ‚
1698 972 1749 999 vir
1756 974 1928 1008 praepotens
1938 978 1972 1000 ac
1982 967 2090 1003 nobilis

1213 1018 1251 1040 ex
1261 1011 1426 1041 Germania
1439 1033 1450 1049 ,
1475 1012 1495 1042 ὰ
1507 1013 1675 1047 saxonibus
1689 1017 1724 1049 (π
1736 1017 1918 1051 allemannis
1942 1021 2007 1052 Rex
2025 1030 2090 1053 con—

1208 1056 1341 1097 stituitur
1360 1082 1368 1089 .
1396 1059 1439 1092 Et
1463 1057 1519 1092 hie
1540 1061 1667 1096 strenue
1687 1075 1746 1107 pro
1767 1066 1933 1112 Gregorio
1951 1070 2089 1103 certavit

1214 1118 1327 1141 contra
1339 1108 1545 1144 Henricum.
1571 1109 1678 1146 Porro
1699 1112 1899 1158 Gregorius,
1925 1118 2000 1154 licet
2008 1119 2089 1153 resta.

1215 1159 1382 1193 Caffinum
1402 1170 1550 1194 montem
1560 1161 1674 1204 adjerit
1692 1185 1704 1202 ‚
1731 1158 1778 1197 ibi
1795 1174 1905 1200 tamen
1917 1178 1985 1202 non
1999 1180 2088 1203 man·

1214 1207 1250 1242 sit
1271 1231 1283 1247 ,
1309 1209 1363 1244 sed
1392 1211 1532 1253 perrexit
1558 1213 1728 1246 Salernum
1748 1238 1756 1246 .
1784 1214 1910 1250 Salerni
1934 1215 2090 1262 Princeps

1213 1269 1281 1292 erat
1306 1260 1361 1303 ipsi
1384 1260 1594 1295 amiciffimus
1612 1286 1619 1294 .
1656 1263 1701 1297 Et
1721 1263 1769 1297 ibi
1790 1266 1907 1300 manfit
1932 1268 2032 1310 usque
2046 1269 2091 1303 ad

1214 1319 1375 1350 mortem,
1402 1310 1516 1345 vivens
1534 1312 1679 1356 impensa
1703 1314 1898 1350 Caffinenfis
1918 1317 2091 1353 Monaste-

1215 1359 1271 1393 rii.
1290 1359 1392 1395 ‘Hinc
1415 1360 1485 1404 post
1498 1361 1760 1404 ejusekomana
1770 1366 1902 1401 civitate
1924 1367 2090 1404 decessum

1215 1408 1395 1444 Guibertus
1415 1411 1486 1445 istic
1503 1412 1572 1456 egit
1587 1416 1700 1448 omnia
1716 1438 1727 1454 ,
1750 1412 1792 1449 de
1811 1426 1902 1451 novo
1927 1416 2091 1468 inthroni-

1213 1470 1304 1493 zatus
1325 1460 1416 1494 estin
1436 1461 1544 1496 Sancti
1558 1463 1646 1497 Petri
1665 1462 1863 1500 Cathedram
1874 1490 1886 1506 ,
1911 1467 2090 1504 &tandem

1213 1509 1389 1553 appellatus
1409 1511 1565 1547 Clemens
1587 1514 1702 1548 tertius
1721 1538 1728 1546 .
1756 1514 1805 1550 lta
1824 1528 1900 1551 cum
1915 1517 2013 1552 variis
2029 1517 2090 1553 hu-

1212 1561 1333 1604 cusque
1354 1561 1501 1597 adduciis
1522 1563 1738 1607 Scriptoribus
1761 1565 1868 1600 lucide
1877 1568 2009 1603 testatur
2020 1568 2090 1603 Ve-

1215 1611 1339 1646 nericus
1362 1611 1573 1647 Vercellenfis
1594 1614 1794 1659 Episcopus.
1821 1616 1926 1652 Tunc
1946 1618 2087 1661 primum
2107 1619 2113 1627 ”

1211 1660 1394 1705 Gregorius
1419 1663 1438 1697 a
1465 1662 1686 1698 schismaticis
1713 1665 1901 1702 habitusest
1925 1667 2085 1713 fugitivus

1212 1712 1427 1746 mercenarius
1453 1736 1464 1752 ,
1490 1713 1632 1756 ideoque
1657 1713 1754 1757 piene
1778 1715 1972 1760 degradatus
2002 1743 2009 1751 .
2035 1717 2086 1752 At
2137 1742 2140 1746 -

1210 1759 1413 1843 eisssstfugam
1431 1762 1525 1797 fuisse
1543 1762 1725 1814 legitimam
1748 1789 1760 1806 ,
1782 1764 1828 1799 est
1839 1765 1996 1801 omnibus
2019 1777 2086 1802 ma-

1211 1820 1244 1842 n!
1260 1821 1278 1843 e
1308 1823 1363 1845 um
1375 1834 1382 1843 .

666 2106 1055 2186 Romanum
1115 2098 1691 2180 conciliabulum.

379 2272 430 2306 Oc
443 2266 716 2305 Conciliabulum
726 2266 821 2300 refert
831 2263 1003 2298 Marianus
1012 2263 1145 2298 Scotus:

408 2324 498 2362 Papa
508 2320 633 2352 audiens
656 2317 759 2348 multos
774 2313 1039 2356 Romanosfavere
1059 2311 1149 2356 schis-

272 2379 409 2412 maticis,
435 2369 597 2413 desperans
618 2373 723 2408 recepit
743 2364 815 2409 sein
828 2363 1127 2398 domumwaeodorici
1141 2388 1150 2403 ‚

272 2426 325 2458 vel
345 2419 530 2465 crescentii,
555 2428 588 2451 ut
611 2419 735 2460 quidam
759 2417 877 2448 dicunt.
907 2416 964 2448 Sed
982 2425 1034 2448 nec
1057 2414 1099 2447 ibi
1115 2411 1148 2456 se

273 2472 434 2516 tutesciens
450 2495 460 2511 ,
485 2481 550 2503 cum
572 2474 676 2512 paucis
696 2467 779 2499 noliu
788 2468 942 2499 Salernum
966 2464 1066 2498 abiit:
1094 2463 1148 2496 Ubi

276 2524 366 2567 usque
393 2523 437 2555 ad
458 2521 568 2553 obitum
589 2516 678 2561 suum
703 2516 856 2550 habitavit
876 2540 883 2547 .
909 2516 1022 2548 Viden:
1047 2523 1147 2547 autem

279 2575 430 2608 Henricus
440 2574 558 2612 Papam
568 2568 708 2611 aufugiffe
720 2592 730 2607 ,
742 2571 922 2610 congregatis
935 2570 1061 2608 triginta
1074 2568 1150 2606 Epi-

279 2625 372 2668 scopis
387 2621 561 2665 fautoribus
579 2617 642 2661 suis
656 2642 667 2658 ,
692 2623 725 2650 in
747 2616 811 2660 ipsa
821 2620 963 2649 Romanae
975 2615 1063 2648 Urbis
1087 2612 1153 2655 obfi-

281 2679 364 2707 dione
376 2674 454 2714 juffit
466 2672 568 2704 haberi
580 2670 720 2708 synodum
732 2693 741 2708 ,
768 2674 800 2700 in
811 2678 868 2709 qua
891 2670 1050 2710 Gregorius
1065 2667 1152 2706 Papa

277 2724 360 2767 falsis
383 2725 572 2758 &inauditis
583 2718 840 2753 criminationibus
855 2741 865 2757 ‚
887 2725 941 2758 per
953 2714 1156 2757 Henricifau-

286 2785 361 2807 tores
380 2774 466 2816 false
482 2770 639 2813 compositis
664 2794 674 2809 ‚
700 2767 806 2811 absens
826 2766 978 2809 accusatur
996 2791 1003 2798 .
1023 2768 1156 2807 Denique

286 2824 428 2856 dicebant
450 2835 512 2856 eum
534 2819 722 2863 prophanum
739 2842 749 2858 ‚
772 2817 920 2861 scelestum
944 2841 954 2857 ‚
990 2826 1154 2849 amatorem

285 2872 438 2916 discordiae
454 2895 463 2910 ,
486 2881 585 2905 virum
604 2869 789 2914 sanguinum
807 2893 818 2908 ,
843 2869 947 2900 sedem
971 2866 1156 2909 Apostolicam

287 2923 425 2966 occupaffe
434 2931 488 2963 per
511 2926 774 2954 Necromantiam.
801 2917 1012 2961 Conspirantes
1034 2928 1099 2960 ergo
1109 2921 1159 2958 qui

288 2982 486 3007 convenerant
498 2978 529 3003 in
541 2983 631 3003 unum
641 2969 787 3011 adversus
799 2972 955 3000 Dominum
968 2992 977 3007 ,
1005 2969 1038 3000 i&
1050 2969 1160 2999 adver·

286 3022 337 3067 sus
350 3024 570 3062 Vicariumejus
585 3022 704 3060 Papam
719 3023 887 3061 Gregorium
898 3041 908 3057 ,
935 3018 1158 3050 damnaverunt

290 3086 355 3108 eum
367 3099 377 3115 ‚
405 3071 531 3114 &falla
541 3072 740 3103 damnationis
751 3070 815 3108 ejus
836 3071 865 3099 Ε
864 3068 968 3108 pistola
980 3073 1157 3100 comminan-

291 3126 328 3156 do
348 3126 571 3156 mandaverunt
591 3126 616 3152 ei
628 3143 639 3159 ,
666 3131 701 3151 ne
724 3119 852 3159 amplius
869 3117 1053 3159 nposioiicam
1062 3117 1162 3150 Sedem

290 3182 344 3215 pro
355 3180 447 3206 tantis
458 3171 629 3205 criminibus
639 3170 849 3201 condemnatus
862 3173 989 3200 intraret
1001 3193 1007 3199 .
1039 3171 1082 3199 Et
1091 3172 1162 3208 quia

294 3230 325 3254 in
336 3229 470 3264 proximo
479 3220 737 3264 eratsacratiffima
752 3217 874 3260 Pascbae
884 3217 1055 3260 fhlemnitas
1066 3242 1076 3258 ,
1105 3223 1163 3249 ine·

294 3272 385 3305 briati
399 3272 549 3314 profunda
573 3270 706 3303 diabolici
720 3267 835 3310 furoris
857 3266 975 3310 insania
988 3268 1162 3300 Guibertum

294 3326 453 3354 Ravenna?
473 3327 611 3354 civitatis
637 3317 886 3360 nrcbiepiscopum
910 3325 1073 3359 rapuerunt
1097 3343 1106 3357 ,
1132 3328 1166 3349 ac

265 3406 268 3412 ,
297 3375 413 3413 Papam
437 3369 660 3412 consecrarunt,
687 3380 772 3413 quem
792 3369 971 3402 Clementem
994 3374 1163 3402 nominave-

1216 2271 1289 2296 runt
1299 2275 1306 2295 :
1321 2266 1344 2295 A
1353 2265 1432 2305 quod
1441 2261 1502 2306 ipse
1512 2262 1664 2303 Henricus
1676 2269 1709 2297 in
1714 2263 1821 2307 sanHo
1829 2265 1878 2299 die
1889 2264 2015 2309 Pascbae
2026 2268 2090 2300 un)

1215 2324 1280 2346 cum
1293 2325 1382 2347 uxore
1389 2314 1415 2357 s
1408 2326 1446 2347 ua
1456 2317 1552 2346 Berta
1562 2338 1573 2354 ,
1601 2312 1677 2357 Caes
1670 2319 1734 2346 aris
1745 2313 1878 2356 impofita
1888 2317 2088 2357 appellatione

1220 2374 1371 2397 coronatus
1381 2364 1418 2403 est
1425 2389 1432 2396 .
1460 2367 1605 2396 Dominus
1617 2369 1718 2406 itaque
1729 2364 1899 2406 apostolicus
1910 2365 2068 2409 Gregorius
2075 2390 2088 2406 ,

1216 2414 1340 2447 audiens
1361 2415 1400 2446 ab
1418 2412 1633 2458 insanientibus
1655 2413 1831 2448 Guibertum
1857 2414 2028 2449 haereticum
2053 2417 2090 2449 o·

1215 2462 1440 2506 invasoremsibi
1448 2469 1480 2496 in
1491 2468 1626 2497 Romana
1632 2462 1704 2506 sede
1713 2462 1922 2506 superpositum
1932 2491 1942 2507 ,
1964 2463 2090 2508 potesta-

1215 2523 1243 2546 te
1258 2513 1361 2557 sanc‘li
1373 2515 1504 2555 Spiritus
1523 2515 1558 2547 &
1573 2513 1754 2548 authoritate
1763 2515 1866 2547 santii
1878 2517 1964 2549 Petri
1975 2514 2089 2557 Aposto-

1214 2565 1236 2597 li
1249 2586 1260 2602 ,
1285 2563 1490 2596 anathematis
1515 2575 1647 2597 mucrone
1672 2575 1737 2597 eum
1756 2564 1914 2599 muletavit
1933 2590 1940 2598 .
1970 2560 2102 2598 Deinde¹

1216 2614 1382 2647 Henricum
1403 2624 1469 2647 cum
1484 2614 1618 2647 omnibus
1635 2612 1805 2656 fautoribus
1818 2613 1904 2658 fitis,
1930 2613 2089 2658 Epfiopis·

1217 2666 1250 2698 (5·
1263 2663 1426 2697 Abbatibus
1438 2688 1448 2704 ‚
1476 2664 1625 2698 Monacbis
1646 2666 1681 2699 Θ
1693 2665 1835 2704 clericis,
1861 2668 1961 2699 Laicis
1978 2674 2088 2707 quoque

1212 2715 1384 2757 potentibus
1391 2724 1454 2748 cum
1464 2713 1574 2753 infimis
1587 2713 1747 2758 quibusque
1752 2713 1887 2758 personis
1895 2737 1905 2753 ,
1928 2714 1983 2759 sub
1993 2719 2088 2748 inter-

1217 2770 1376 2798 minatione
1386 2764 1512 2798 terribili
1518 2766 1700 2808 generaliter
1711 2770 1906 2805 communione
1921 2770 2070 2807 privavit
2077 2789 2087 2797 .

1268 2814 1471 2849 Commiscet
1494 2815 1608 2848 varia.
1638 2816 1749 2849 Etiam
1775 2825 1846 2849 vera
1872 2814 1956 2849 falfis
1981 2838 1990 2847 .
2017 2814 2089 2848 Hic

1219 2866 1307 2899 enim
1329 2875 1512 2899 conventus
1533 2876 1600 2898 non
1612 2865 1682 2909 post
1695 2865 1844 2909 Gregorii
1858 2866 1969 2909 fugam
1986 2875 2028 2897 ex
2040 2875 2093 2897 ur-

1220 2914 1258 2948 be
1269 2940 1279 2956 ,
1304 2916 1357 2950 sed
1372 2915 1440 2959 post
1452 2916 1566 2960 fugam
1578 2916 1611 2948 in
1625 2915 1731 2949 Sansti
1744 2915 1866 2960 Angeli
1885 2915 2025 2949 castrum
2037 2913 2091 2948 de·

1222 2966 1274 2999 bet
1296 2966 1358 2999 effe
1380 2966 1481 2999 factus
1503 2990 1510 2998 .
1538 2964 1614 2999 Post
1634 2964 1785 3010 Gregorii
1811 2976 1851 2998 ex
1874 2965 1954 2999 urbe
1974 2965 2091 3008 fugam

1223 3017 1387 3050 Henricus
1410 3027 1479 3049 non
1499 3025 1566 3049 erat
1589 3016 1624 3048 in
1647 3015 1726 3049 urbe
1745 3039 1756 3055 ,
1783 3015 1834 3048 sed
1863 3015 1897 3048 in
1924 3014 2091 3048 civitatem

1225 3066 1442 3100 Castellanam
1463 3064 1583 3099 abierat
1604 3089 1615 3105 ‚
1641 3066 1675 3098 ἀ
1695 3062 1772 3098 inde
1793 3064 1872 3098 resta
1897 3064 1932 3098 iu
1954 3063 2091 3098 Germa-

1227 3119 1314 3150 niam
1336 3141 1343 3149 .
1371 3117 1464 3150 Facta
1478 3116 1578 3159 igitur
1590 3113 1725 3148 fuithaec
1737 3115 1889 3157 Synodus
1899 3115 2092 3149 annoistius

1230 3168 1326 3200 itaet—uli
1338 3166 1537 3209 oc‘cogelimo
1556 3167 1654 3198 tertio
1668 3188 1679 3204 ,
1704 3164 1810 3199 statim
1823 3165 1895 3210 post
1903 3174 2029 3209 captam
2041 3175 2093 3208 ur·

1228 3216 1299 3250 bem
1323 3215 1524 3250 Leonianam
1540 3240 1547 3246 .
1574 3215 1676 3248 Tunc
1697 3215 1787 3249 enim
1809 3215 1972 3249 Henricus
1990 3215 2052 3249 fuit
2072 3215 2092 3247 a

1230 3267 1391 3300 Guiberto
1414 3276 1590 3299 coronatus
1615 3289 1622 3296 .
1649 3264 1774 3299 Verum
1808 3265 1987 3299 Guibertus
2013 3274 2101 3298 tune-

1232 3318 1368 3350 necdum
1382 3316 1515 3359 profecit
1527 3317 1559 3348 in
1575 3315 1800 3349 Clementem.
1829 3316 1946 3359 Neque
1968 3312 2094 3348 tunciu

1231 3368 1264 3400 in
1301 3367 1355 3400 sua
1403 3366 1540 3410 Synedo
1575 3365 1756 3409 Gregorius
1801 3363 2096 3400 excommunicavit

1929 3412 2050 3447 Henri-
