2372 3756
147 801 213 835 Par.
238 810 282 837 ¹4·

145 848 171 874 c·
195 849 243 882 ,45-

131 1755 182 1800 Ep,
204 1763 247 1792 13.-

137 2576 198 2613 tol
221 2580 266 2613 89·

398 150 465 190 622

327 228 366 265 fis
378 244 395 268 ,v
414 223 536 260 addens
549 231 617 257 non
631 221 726 257 fuiffe
738 233 929 267 perpetuum
941 249 950 265 ,
973 225 1025 265 sed
1039 224 1211 266 dumtaxat
1221 232 1229 241 ·

547 271 653 321 Qod
682 282 793 314 tamen
815 274 950 314 Decreti
975 275 1071 310 verba
1093 275 1211 316 diserte

326 338 396 360 non
410 324 546 359 edicunt
564 322 774 371 [Qidquid
786 325 823 358 fit
833 350 844 365 ,
870 325 1210 369 ipsumconfirmavit,

327 276 369 315 ad
381 284 506 317 tempus
513 298 520 305 .

326 385 382 410 aut
409 372 497 412 certe
517 373 694 412 innovavit
717 374 883 413 Urbanus
902 375 1082 417 secundus,
1107 377 1207 410 etiam

323 423 472 459 laudatus
483 423 502 457 a
515 422 715 459 Bettholdoz
743 424 962 463 Confirmavit
972 427 1081 474 quoad
1093 438 1149 460 om
1155 436 1209 459 nes

323 476 341 508 a
352 473 516 520 Gregorio
526 476 687 518 expressos
699 499 710 520 ,
739 475 796 518 qui
809 485 919 510 tamen
935 487 1030 520 prava
1054 476 1207 510 volunta·
1233 516 1235 518 .

322 534 356 558 te
366 535 436 564 non
449 525 734 565 communicarent
750 520 757 557 ζ
784 523 893 567 Addit
905 524 1100 566 Bettholdus
1112 525 1205 560 istam

321 572 513 615 damnatam
538 575 811 609 communionem
826 600 837 616 ,
863 576 1012 621 adeoque
1032 578 1066 611 &
1090 576 1205 610 fastam

321 625 552 668 exceptionem
563 625 677 659 multis
689 625 851 661 miraculis
861 627 955 661 fuiffe
976 626 994 661 ὲ
1016 626 1094 664 Deo
1115 637 1204 660 com—

320 673 511 718 probatam.
539 673 731 710 Urbaniani
751 677 888 718 Decreti
911 687 1034 720 partem
1059 677 1203 715 Decreto

324 726 382 765 suo
393 725 528 760 inseruit
539 727 675 762 sanstus
694 727 756 769 Jvo
767 727 991 761 Carnutenfis.
1020 727 1108 759 Inter
1124 726 1205 769 ejus-

319 776 395 810 dem
425 776 561 814 Urbani
583 776 739 813 Canones
760 777 805 811 est
818 777 941 812 &him
967 774 1157 819 ,quibuslibet
1166 781 1205 810 ri·

319 828 349 867 ‚te'
362 828 407 860 ad
415 825 625 868 Confhffione‘m
638 827 828 867 venientibus
839 826 1067 867 Eucharistiam
1078 836 1137 860 non
1157 828 1205 860 de,-

318 888 482 920 negamus3
506 888 578 920 quos
588 876 648 921 solo
658 886 795 919 corpore,
820 888 878 910 non
888 885 986 909 mente
1001 880 1079 914 inter
1089 888 1201 915 excom-

316 932 480 966 municatos
502 938 622 961 manere
640 951 651 967 ,
678 938 730 960 nec
751 934 859 967 tamen,
879 938 978 967 corum
997 927 1200 966 Jacramentis

315 982 527 1016 communicare
548 973 741 1019 cognoscimus
758 1000 766 1015 ‚.
800 975 887 1022 Agit
909 975 951 1015 de
975 977 1086 1016 Sauffi
1111 977 1198 1012 Petri

314 1026 469 1066 fidelibus
496 1049 507 1066 ,
531 1024 759 1060 habitantibus
781 1026 817 1061 in
834 1025 918 1067 terra
938 1028 1200 1068 excommunicaP

314 1085 425 1110 torum
465 1074 659 1119 Principum
686 1085 742 1116 aut
778 1076 1021 1121 Episcoporum
1045 1102 1053 1111 .
1090 1077 1196 1125 Qod

313 1124 496 1160 istiusmodi
521 1124 615 1166 Laici
639 1125 759 1161 domos
783 1128 876 1170 suas,
901 1126 1198 1168 MonachiMonae

313 1175 405 1216 steria
425 1175 538 1221 paffim
561 1175 796 1221 dereliquerint
817 1201 830 1217 ,
867 1189 966 1222 atque
987 1178 1031 1217 ita
1054 1178 1196 1221 ipsorum

310 1225 443 1271 plurimi
454 1235 635 1267 extremam
649 1227 836 1271 pauperiem
851 1229 885 1263 ἀ
900 1228 1054 1272 plurimas
1066 1227 1192 1264 calami:

312 1286 393 1312 tates
403 1287 461 1320 pro
481 1276 701 1312 Ecclefiastica
724 1277 931 1314 observantia
956 1279 1168 1314 sustinuerint
1182 1303 1192 1319 ,

311 1328 439 1362 constat
460 1327 572 1362 multis
591 1327 770 1371 exemplis.
800 1329 869 1369 Eos
889 1329 1011 1368 solatur
1038 1329 1195 1363 adductus

311 1376 433 1411 Canon
445 1401 456 1417 ,
484 1379 674 1421 permittens
687 1379 759 1414 solo
776 1391 916 1424 corpore
937 1379 1009 1419 istic
1032 1378 1193 1419 habitari,

310 1427 534 1473 mandansque
554 1427 573 1461 ὲ
597 1428 676 1463 solis
697 1431 1067 1469 excommunicatorum
1087 1428 1195 1467 Sacris

309 1475 482 1513 abstineri.
497 1479 672 1513 Canonem
685 1479 785 1523 aliqui
799 1479 985 1515 adscribunt
997 1479 1194 1517 Claromon-

308 1538 410 1569 tane,
437 1528 572 1572 quidam
584 1528 742 1565 Concilio
753 1529 967 1564 Placentino.
994 1529 1039 1562 Et
1061 1526 1141 1562 hinc
1152 1528 1192 1562 ad

307 1577 531 1618 Geberardum
544 1578 831 1615 Constantiensem
844 1603 855 1620 ,
873 1590 912 1617 ac
923 1578 1105 1614 Odericum
1120 1578 1191 1612 Pas

306 1628 486 1664 sav—iensem
514 1627 714 1671 Episcopum
735 1651 747 1667 ,
785 1639 986 1672 omnemque
1007 1628 1192 1662 Germania:

306 1677 446 1713 Clerum
464 1678 497 1717 ὃς
527 1674 686 1720 populum
699 1678 818 1720 scripfit
832 1677 999 1713 paschalis
1013 1677 1189 1712 secundus:

307 1725 465 1773 ,Quosdam
483 1728 656 1763 audivimus
674 1727 800 1767 vestrum
809 1731 909 1762 minus
924 1727 1087 1771 secundum
1095 1726 1189 1771 scien·

304 1782 380 1816 tiam
399 1778 496 1815 zelum
524 1781 581 1821 Dei
604 1776 712 1812 babere
727 1803 738 1818 ,
771 1788 805 1815 ut
830 1780 903 1813 dum
926 1787 1091 1820 pravorum
1115 1790 1187 1812 com-

306 1833 479 1866 mixtionem
503 1834 606 1867 vitant
620 1852 633 1870 ‚
657 1834 750 1866 etiam
771 1831 791 1864 ἂ
816 1829 985 1874 regionibus
1010 1828 1117 1869 vestris
1141 1830 1189 1863 di-

301 1877 420 1923 scedere
431 1879 629 1917 meditentur.
657 1881 723 1923 ‚Qui
731 1878 862 1921 profec'lo
887 1890 1074 1922 nequaquam
1098 1879 1188 1919 laude

301 1924 460 1972 *Apostolica
483 1930 569 1974 digni
585 1927 658 1972 sunt
679 1952 690 1968 ,
715 1935 767 1972 qui
787 1935 820 1962 in
842 1931 937 1962 medio
959 1933 1091 1963 nationis
1112 1937 1185 1972 pra-

304 1991 356 2018 φφ
381 1981 415 2014 &⁴
435 1977 590 2023 perversae
608 1977 805 2022 perseverare
832 1991 889 2013 non
910 1980 1028 2023 poffunt
1051 2003 1063 2027 3
1109 1974 1187 2012 inter

304 2041 377 2073 quos
398 2033 517 2068 luceant
537 2030 622 2069 velut
645 2031 807 2066 luminaria
827 2036 860 2062 in
882 2030 992 2069 mundo
1014 2053 1026 2071 ,
1062 2029 1187 2068 verbum

303 2086 380 2118 vitae
417 2085 598 2118 continentes
612 2104 619 2112 .
646 2079 819 2122 Ejusmodi
842 2080 956 2124 fugam
977 2078 1106 2122 penitus
1127 2079 1186 2125 ³¹¹¹?

303 2129 418 2174 probat
426 2153 438 2173 ,
463 2130 572 2167 lucide
593 2124 769 2165 confirmat
791 2129 962 2168 laudatum
975 2126 1111 2162 Urbani
1125 2128 1186 2161 Ca—

302 2190 426 2217 nonem
447 2201 459 2219 ‚
495 2176 708 2222 adjungitque
732 2179 766 2212 ὃς
794 2178 924 2212 laudem
947 2187 1044 2220 atque
1068 2177 1186 2216 confir-

302 2230 483 2267 mationem
510 2228 611 2262 nostri
632 2227 782 2262 canonis
805 2227 971 2270 praesentis
990 2252 998 2266 ‚
1037 2225 1180 2261 Videtur

303 2279 475 2323 praesertim
494 2288 590 2320 agere
611 2277 647 2310 in
669 2278 785 2321 fugam
810 2278 982 2320 plenorum
1004 2276 1183 2311 Coenobio—

303 2339 400 2373 rum,
428 2338 572 2377 quotum
593 2335 661 2367 erat
681 2326 826 2362 infirmas
844 2327 960 2373 populi
977 2326 1102 2368 animas
1126 2326 1182 2367 sta·

303 2378 412 2418 bime,
848 2377 853 2380 ’
894 2377 900 2380 ’

353 2428 590 2466 Hosceomnes
602 2430 757 2466 Canones
776 2430 915 2475 respexit
937 2431 973 2469 in
999 2428 1119 2464 litteris
1141 2426 1182 2462 ad

302 2479 572 2526 CrucefignatoS,
600 2480 801 2519 exstantibus
811 2482 844 2515 in
858 2482 924 2515 vita
946 2480 1016 2524 ejus
1039 2478 1180 2523 publica-

304 2539 338 2566 ta
348 2542 403 2575 per
414 2531 601 2569 Dominum
612 2531 820 2568 Franciscum
832 2530 1047 2575 Bosquettum
1060 2553 1072 2573 ‚
1084 2528 1183 2565 etiam

305 2580 522 2620 Innocentius
533 2581 668 2620 tertius:
695 2580 750 2621 Est
760 2589 876 2614 cautum
893 2586 926 2617 in
941 2582 1037 2625 jure,
1063 2579 1142 2621 quod
1157 2575 1187 2619 fi

306 2627 466 2674 quisquam
476 2639 534 2674 per
556 2639 669 2667 terram
693 2635 906 2668 Haereticorum
927 2639 981 2664 aut
992 2627 1184 2672 quorumlibet

307 2686 622 2719 excommunicatorum
645 2679 793 2722 transterit
811 2704 822 2720 ‚
855 2683 1009 2724 neceffaria
1031 2689 1125 2716 emere
1149 2689 1183 2714 ac

309 2736 432 2773 recipere
453 2731 493 2764 ab
513 2730 623 2774 eisdem
630 2731 712 2773 poffit
726 2755 735 2764 .
761 2734 936 2772 Praeterea,
955 2729 987 2773 fi
994 2728 1187 2771 Paterfami-

311 2782 372 2814 lias
394 2781 496 2816 domus
508 2786 823 2818 excommunicationis
838 2779 1093 2825 sententiafuerit
1102 2784 1182 2811 inno-

310 2830 402 2863 datus
421 2852 433 2869 ,
456 2831 478 2866 ἃ
499 2834 731 2872 participatione
753 2829 841 2872 ipfius
857 2831 983 2872 familia
1007 2827 1182 2872 excusatur.

311 2883 396 2918 Licet
407 2891 473 2922 crgo
484 2883 556 2914 Dux
567 2884 740 2915 Venetorum
750 2902 761 2920 ,
787 2881 926 2917 Dominus
937 2884 1062 2918 navium
1072 2902 1083 2920 ‚
1110 2887 1184 2913 tam-

310 2941 403 2973 quam
424 2932 517 2967 Pam
531 2928 719 2971 familiasin
730 2936 1025 2967 excommunicatione
1031 2926 1184 2972 1201»ststaess

310 2991 364 3014 vos
385 2987 487 3014 tamen
507 2989 667 3029 ,tamquam
690 2979 777 3022 ipsius
802 2979 947 3022 familia,
970 2981 1043 3017 dum
1053 2985 1086 3013 in
1095 2983 1183 3013 navi-

309 3029 365 3067 bus
387 3031 451 3071 ejus
466 3027 589 3075 fueritis
601 3054 613 3069 ,
640 3028 726 3072 ipfim
738 3036 995 3068 excommunicatio
1006 3041 1063 3067 non
1072 3033 1181 3066 contin·

307 3084 353 3123 git
365 3104 375 3120 ,
401 3078 622 3123 &excusabiles
630 3085 716 3117 eritis
728 3081 814 3122 apud
834 3083 929 3117 Deum
941 3105 953 3125 2
972 3079 1002 3122 fi
1017 3086 1050 3114 in
1072 3089 1181 3115 excom-

310 3134 522 3167 municatorum
533 3130 664 3167 navibus
673 3129 831 3171 existentes
842 3154 853 3171 ‚
872 3142 937 3164 cum
959 3132 1054 3167 dolore
1063 3130 1159 3166 cordis
1169 3152 1182 3169 ‚

307 3177 364 3225 sub
384 3176 435 3221 spe
453 3184 641 3222 poenitentiae
663 3202 675 3219 ‚
692 3186 952 3218 excommunicatis
974 3179 1042 3223 ipfis
1061 3190 1183 3217 eommu-

312 3232 505 3269 nicavcritis,
538 3234 571 3266 in
593 3229 700 3272 quibus
719 3236 944 3266 communionem
968 3241 1064 3267 eorum
1085 3234 1182 3272 nequi·

311 3282 419 3314 veritis
440 3285 554 3314 evitare
577 3305 585 3312 .
612 3278 642 3312 E
664 3280 866 3323 praesentibus
887 3279 1082 3319 Canonibus
1105 3279 1182 3314 edu·

310 3326 380 3367 cit,
401 3327 436 3360 δε
461 3329 564 3363 sancit
584 3329 701 3368 Sancto
720 3328 820 3367 i²etr0
842 3330 955 3369 fideles
976 3329 1182 3374 Crucefigna-

310 3386 366 3412 ros
386 3377 523 3420 potuisse
542 3389 619 3413 cum
637 3380 932 3415 excommunicatis
954 3379 1091 3418 Venetis
1113 3380 1181 3414 fine

312 3426 461 3474 contagii
481 3428 626 3476 periculo
646 3430 682 3464 in
704 3439 824 3469 terram
844 3432 985 3469 sanctam
1009 3431 1180 3477 navigare÷

674 136 714 181 S.
751 134 1048 187 GREGom
1077 154 1092 183 1
1130 139 1776 194 SEPT1M1PON111=1015

1272 225 1316 262 Et
1327 224 1415 268 ipsos
1433 225 1587 270 supponit
1598 228 1660 266 effe
1673 237 1741 264 non
1756 230 1969 271 temporalem
1982 256 1995 274 ,
2019 231 2072 271 sed
2085 243 2154 279 per.

1274 284 1405 318 petuam
1428 285 1526 320 atque
1548 275 1753 315 immobilem
1776 278 1923 315 Ecclefiae
1943 281 2050 330 legem
2067 307 2075 319 .
2109 284 2155 319 Et

1271 325 1349 359 hinc
1368 325 1457 360 lucet
1481 325 1676 363 Catholicos
1686 327 1825 370 Galliae,
1849 330 2055 374 Germania,
2082 332 2156 370 Au·

1269 375 1364 420 gliae,
1391 388 1429 412 ac
1442 376 1549 421 Belgii
1570 377 1694 411 incolas
1720 386 1817 422 atque
1839 379 1981 417 advenas
2000 393 2076 418 eum
2098 383 2156 418 ha·

1269 426 1449 461 bitantibus
1474 426 1546 465 istic
1567 426 1739 466 Haereticis
1762 430 1851 476 poffe
1881 430 1980 471 libere
2004 433 2041 467 in
2073 434 2153 472 civi.

1267 475 1354 515 libus
1375 479 1521 512 traciare.

1316 526 1539 565 Infeliciffima
1561 538 1655 564 erant
1686 528 1745 564 ista
1766 539 1913 575 tempora
1935 544 1947 565 .·
1973 531 2150 572 Praesertim

1268 576 1338 619 post
1364 576 1516 613 Guiberti
1540 578 1743 617 Ravennatis
1766 604 1778 620 ‚
1821 592 1920 625 quem
1946 584 2150 627 appellarunt

1267 626 1478 664 Clementem
1518 626 1651 664 tertium
1676 654 1687 671 ,
1734 631 1974 675 Antipapatum
1994 658 2002 665 .
2042 634 2148 673 Tunc

1266 677 1354 711 enim
1378 689 1447 712 non
1471 678 1556 713 solus
1567 678 1732 717 Henricus
1742 691 1872 724 quartus
1883 683 2069 718 Germaniae
2077 686 2147 722 Cae-

1266 727 1312 761 sar
1337 751 1349 769 ,
1371 728 1427 766 sed
1448 729 1491 762 &⁴
1504 728 1677 774 Philippus
1698 731 1821 774 primus
1845 733 2047 771 Francorum
2068 733 2145 768 Rex

1264 787 1330 812 erat
1350 779 1673 817 excommunicatus.
1698 781 1742 815 Et
1765 782 1812 816 uti
1827 781 1994 820 Catholici
2005 783 2145 820 Guiber-

1263 827 1353 868 tinos
1372 854 1384 869 ,
1419 829 1466 868 ita
1487 827 1524 869 hi
1551 829 1631 868 istos
1660 830 1823 867 ducebant
1850 831 2015 877 implexos
2033 832 2142 869 eidem

1263 877 1418 920 vinculo,
1444 888 1544 923 atque
1564 878 1644 917 hinc
1664 881 1774 920 scribit
1786 881 1973 926 Sigebertus
1984 883 2142 919 Gembla-

1262 929 1383 963 cenfis:
1404 930 1557 968 scandala
1568 935 1601 964 in
1615 931 1741 973 Ecclesia
1752 955 1764 972 ‚
1787 933 1822 966 (Β
1832 938 1864 965 in
1875 936 1975 977 Regno
1983 933 2140 977 augescunt

1262 979 1375 1018 diffidia
1387 1003 1399 1020 ‚
1424 981 1498 1013 dum
1512 982 1599 1014 alter
1618 980 1658 1015 ab
1668 983 1759 1019 altero
1767 982 1878 1022 dtffldet
1890 1005 1901 1022 ,
1923 984 1995 1016 dum
2006 987 2140 1028 Regnum

1260 1029 1295 1062 (⁰5
1313 1030 1511 1063 sacerdotium
1532 1030 1664 1073 diffentit
1685 1056 1696 1072 ,
1728 1032 1801 1067 dum
1834 1032 1911 1066 alter
1931 1035 2061 1071 alterum
2086 1046 2141 1071 ex·
2157 1047 2191 1076 Α,
2205 1048 2290 1081 1088·

1258 1085 1470 1119 communicat,
1489 1079 1567 1114 alter
1588 1081 1714 1115 alterius
1734 1087 2061 1129 excommunicationem
2085 1092 2139 1119 aut

1257 1139 1294 1162 ex
1312 1127 1408 1172 causae
1427 1155 1439 1170 ,
1471 1138 1523 1164 aut
1544 1142 1584 1165 ex
1601 1129 1736 1174 personae
1754 1134 1932 1176 praejudicio
1955 1131 2113 1168 contemnit
2127 1158 2139 1175 ,

1258 1179 1385 1222 dumque
1403 1181 1481 1214 alter
1498 1185 1531 1214 in
1555 1181 1686 1215 alterum
1715 1186 1991 1218 excommunicandi
2013 1184 2141 1218 aradori-

1257 1237 1319 1266 tate
1339 1236 1438 1274 magis
1461 1241 1500 1266 ex
1513 1229 1568 1274 suo
1588 1231 1696 1272 libitu,
1718 1234 1811 1275 qucim
1820 1232 1994 1275 exjustitiae
2004 1232 2140 1276 resped'u

1256 1279 1412 1320 abutitur,
1437 1281 1603 1316 auHoritas
1623 1282 1725 1321 illius,
1745 1288 1796 1325 qui
1815 1283 1899 1316 dedit
1918 1283 2095 1325 potestatem
2103 1285 2140 1317 li-

1250 1330 1350 1372 gandi
1380 1337 1469 1372 atque
1484 1328 1650 1374 solvendi,
1671 1334 1787 1365 omnino
1809 1331 1967 1376 despicitur
1990 1358 1997 1365 .
2027 1331 2134 1381 Qud

1256 1375 1360 1422 ipsum
1382 1378 1418 1413 in
1445 1377 1538 1413 edito
1558 1378 1709 1414 adversus
1730 1380 1875 1415 nostrum
1886 1382 2136 1426 Gregoriumli-

1255 1426 1314 1462 bro
1334 1427 1376 1462 de
1399 1429 1623 1463 conservanda
1647 1429 1793 1464 Ecclefiae
1803 1431 1932 1466 unitate
1942 1432 2140 1467 lamentatur

1256 1478 1440 1512 Veneticus
1462 1478 1642 1522 Episcopus
1663 1477 1877 1515 vercellensis
1890 1504 1898 1512 .
1920 1481 2024 1516 Erant
2046 1482 2139 1517 enim

1253 1528 1287 1562 &
1310 1527 1444 1570 quidam
1467 1527 1651 1568 neutrales,
1670 1529 1855 1574 spernentes
1873 1540 2009 1565 omnem
2021 1532 2140 1566 utrius-

1253 1586 1317 1622 que
1332 1578 1430 1621 partis
1440 1578 1820 1613 excommunicationem
1833 1605 1839 1615 .
1851 1579 1932 1614 Hoc
1943 1581 2044 1625 igitur
2054 1589 2138 1616 tem·

1254 1638 1330 1671 pore
1341 1629 1559 1669 Laurentius,
1578 1628 1664 1672 apud
1688 1627 1973 1665 Antifiodorenses
1991 1630 2027 1665 in
2049 1627 2138 1666 Cha·

1252 1678 1356 1712 citatis
1370 1678 1539 1716 Coenobio
1553 1677 1744 1714 Monachus
1758 1703 1768 1720 ,
1779 1679 1797 1715 a
1807 1680 1926 1715 sancto
1937 1680 2043 1723 Jvoue
2053 1680 2136 1715 Car·

1253 1729 1379 1763 nutenfi
1395 1728 1560 1774 Episcopo
1587 1728 1674 1765 varia
1694 1729 1868 1772 postulavit
1882 1755 1889 1762 .
1918 1729 2036 1765 Primo
2049 1753 2062 1771 ‚
2090 1742 2135 1765 an

1251 1789 1355 1821 pravae
1381 1779 1630 1813 communionis
1641 1780 1835 1824 contagium
1847 1779 1942 1823 poffit
1953 1779 2075 1815 incurri
2092 1779 2136 1815 ab

1252 1828 1485 1873 ignorantibus
1507 1831 1520 1863 ?
1549 1826 1704 1863 Secundo
1727 1854 1739 1870 ‚
1770 1842 1813 1863 an
1835 1829 2134 1865 excommunicatis

1251 1879 1353 1920 pofl‘et
1366 1880 1491 1924 aliquid
1503 1879 1644 1920 donari,
1667 1879 1719 1913 vel
1732 1878 1773 1914 ab
1786 1880 1857 1923 ipfis
1871 1879 1995 1924 aliquid
2006 1880 2133 1923 accipi?

1249 1927 1369 1964 Tertio
1391 1954 1403 1970 ‚
1432 1942 1474 1963 an
1505 1929 1547 1964 ab
1581 1929 1724 1964 Ecclefia
1742 1931 1849 1974 accipi
1871 1930 1966 1974 poffit
1987 1930 2132 1974 ipsorum

1247 1977 1373 2014 oblatio
1386 1980 1403 2012 ἓ
1435 1978 1569 2028 Qartd
1592 2004 1603 2020 ,
1623 1991 1664 2013 an
1687 1979 1808 2023 poffint
1829 1979 1977 2024 hospitio
1998 1980 2132 2023 excipi?

1248 2028 1431 2065 Timoratae
1455 2030 1585 2074 piorum
1613 2028 1761 2064 fidelium
1795 2030 2005 2065 conscientiae
2038 2038 2133 2066 erant

1248 2079 1349 2122 plenae
1371 2081 1596 2123 scrupulorum
1620 2104 1626 2111 .
1660 2081 1705 2115 Et
1740 2079 1782 2115 ad
1814 2080 1956 2124 primum
1979 2078 2130 2114 laudatus

1248 2129 1309 2172 Jvo
1331 2129 1508 2172 respondit:
1537 2133 1795 2162 an-communicati
1814 2135 1975 2163 communio
1997 2130 2131 2163 vitanda

1247 2179 1367 2212 tantum
1387 2178 1424 2219 est
1446 2179 1485 2212 ab
1508 2177 1557 2211 bis
1571 2203 1582 2220 ‚
1604 2179 1784 2221 adquorum
1793 2191 1881 2213 aures
1894 2185 2126 2213 excommnica-

1240 2234 1287 2265 ,tio
1309 2231 1366 2262 illa
1380 2233 1574 2270 pervenerit.
1600 2228 1644 2260 Et
1668 2229 1709 2261 ad
1729 2229 1910 2262 secundum
1924 2242 1935 2262 .-
1957 2230 2003 2261 De
2014 2229 2129 2261 dandis
2145 2226 2198 2265 Ep.
2217 2229 2281 2259 186.

1246 2287 1343 2311 autem
1364 2278 1415 2311 vel
1436 2277 1617 2318 accipiendis
1638 2276 1807 2309 muneribus
1818 2288 1888 2320 erga
1897 2277 1976 2310 tales
1983 2276 2128 2321 personan-

1245 2327 1309 2361 baec
1330 2332 1409 2360 ratio
1431 2325 1506 2359 mibi
1524 2324 1683 2369 servanda
1704 2327 1828 2360 videtur
1841 2350 1853 2367 ‚
1872 2337 1906 2360 ut
1929 2326 2008 2360 nibil
2024 2334 2067 2360 cis
2080 2328 2128 2361 de-

1238 2380 1295 2411 'tur
1310 2401 1320 2417 ‚
1341 2375 1397 2418 nifi
1416 2382 1528 2410 intuitu
1542 2379 1576 2411 Θ
1586 2377 1768 2418 compaffione
1778 2375 1920 2411 bumanae
1929 2377 2105 2420 indigentiae
2113 2399 2125 2417 ‚

1247 2438 1338 2470 neque
1359 2427 1399 2460 ab
1422 2433 1466 2460 eis
1488 2426 1604 2468 aliquid
1616 2432 1801 2469 accipiatur,
1823 2425 1884 2469 nist
1887 2427 2074 2461 inevitabilis
2085 2439 2129 2461 co-

1240 2487 1297 2522 gat
1319 2478 1463 2517 neceffltas
1484 2501 1496 2517 ‚
1529 2478 1611 2519 quod
1625 2478 1746 2510 minime*
1777 2476 1845 2518 fieri
1867 2478 2012 2511 videatur
2038 2476 2127 2521 causa

1241 2527 1406 2572 familiaris
1419 2533 1462 2560 rei
1474 2528 1620 2573 augendae
1629 2550 1640 2566 ‚
1655 2526 1715 2570 scd
1723 2529 1842 2560 tannim
1853 2538 1906 2559 cau
1904 2525 1943 2570 sa
1952 2529 2127 2568 neceffltaetis

1245 2577 1404 2619 implendae
1421 2601 1428 2609 .
1454 2579 1502 2610 Sic
1522 2575 1665 2620 Israelitae
1676 2582 1708 2610 in
1719 2586 1799 2610 terra
1812 2580 2018 2620 AEgyptiorum
2027 2578 2103 2610 bana
2111 2599 2123 2616 ‚

1240 2626 1278 2669 fic
1297 2632 1330 2660 in
1353 2636 1434 2660 terra
1455 2629 1587 2661 Madian
1607 2628 1653 2660 ad
1671 2625 1742 2669 usus
1768 2627 1935 2669 ncceffarios
1955 2634 2124 2668 acceperunt

1245 2688 1294 2711 res
1314 2679 1573 2711 Madianitarum.
1593 2677 1678 2711 Vult
1697 2676 1739 2711 ab
1748 2675 2044 2712 excommunicatis
2055 2677 2125 2711 emi

1245 2737 1300 2762 aut
1312 2728 1416 2771 accipi
1428 2739 1496 2762 non
1509 2727 1597 2771 pofl‘e
1608 2728 1667 2761 nifi
1677 2737 1726 2762 tes
1749 2724 1934 2760 necessarias
1946 2749 1959 2767 ,
1981 2726 2125 2770 ideoque

1244 2789 1320 2815 cum
1334 2777 1407 2821 ipfis
1420 2777 1564 2812 exerceri
1589 2789 1657 2812 non
1681 2776 1769 2822 pofl'e
1786 2785 1998 2811 mercaturas.
2020 2775 2124 2822 Quod

1245 2827 1382 2872 qualiter
1401 2839 1478 2862 cum
1502 2826 1638 2862 Urbani
1663 2825 1819 2867 secundi,
1840 2825 1883 2861 ab
1906 2826 2042 2861 istorum
2069 2826 2124 2861 Sa·

1243 2879 1307 2917 cris
1331 2877 1503 2914 dumtaxat
1522 2877 1674 2912 abstineri
1694 2876 1892 2915 mandante,
1915 2876 2054 2911 Canone
2066 2887 2124 2912 co·

1243 2925 1361 2964 haereat
1372 2952 1383 2968 ,
1406 2939 1476 2962 non
1491 2927 1565 2962 satis
1577 2927 1674 2962 video
1685 2951 1692 2958 .
1718 2926 1763 2961 Et
1777 2926 1818 2960 ad
1836 2926 1969 2960 tertium
1991 2927 2122 2971 respon·

1243 2978 1317 3013 det:
1346 2981 1529 3015 Donationes
1542 2978 1576 3012 &
1587 2977 1761 3017 conceffiones
1783 2982 2097 3010 excommunicatorum
2109 3000 2121 3017 ,

1243 3028 1351 3071 quibus
1361 3039 1411 3062 nec
1420 3030 1579 3062 dicendum
1599 3027 1636 3069 est
1660 3031 1724 3061 Ave
1737 3051 1748 3067 ,
1771 3034 1893 3068 propter
1912 3026 2048 3069 infirmo:
2074 3032 2123 3061 vi-

1243 3079 1356 3114 tandas
1375 3079 1425 3122 effe
1433 3079 1605 3121 confidimus
1615 3100 1626 3116 ‚
1653 3088 1712 3110 non
1721 3078 1802 3119 quod
1813 3081 1870 3111 Dei
1879 3086 2015 3111 creatura
2023 3089 2062 3112 ex
2073 3083 2120 3111 eis

1242 3130 1397 3165 immunda
1415 3130 1475 3172 fiat
1491 3152 1503 3170 ,
1523 3126 1579 3171 fi’d
1587 3125 1802 3169 nefimplicium
1825 3138 1863 3161 ex
1881 3126 1933 3161 boc
1953 3126 2118 3170 infirmetur

1242 3178 1415 3222 conscientia
1429 3204 1441 3221 ,
1464 3189 1527 3213 eum
1547 3177 1659 3211 talibus
1682 3177 1859 3224 conjec‘luris
1877 3177 2048 3218 existimant
2069 3176 2119 3210 bo·

1243 3234 1292 3263 nis
1303 3241 1399 3263 corum
1412 3228 1725 3271 malefaciaplacere,
1749 3228 1802 3264 vel
1819 3240 1888 3271 quae
1903 3229 1993 3270 prius
2011 3226 2119 3259 abbor-

1242 3279 1349 3316 rebant
1361 3281 1444 3314 mala
1456 3291 1514 3312 non
1524 3279 1574 3322 effe
1585 3302 1593 3310 .
1620 3277 1879 3322 Antiquiffimus
1891 3276 2037 3311 Ecclefiae
2054 3276 2120 3310 Ca-

1244 3340 1312 3363 non
1338 3330 1384 3364 est
1409 3342 1418 3362 :
1444 3332 1700 3364 Ere-communicati
1725 3328 1830 3362 oblatio
1855 3339 1914 3361 non
1937 3330 2117 3368 recipiatur.

1243 3379 1288 3415 Et
1301 3377 1341 3413 ad
1352 3389 1504 3423 quartum
1516 3379 1650 3414 Sanctus
1660 3379 1723 3422 Jvo
1736 3375 1924 3421 respondet:
1954 3379 2000 3409 De
2007 3386 2121 3410 excom·

1242 3435 1386 3467 municato
1406 3428 1533 3479 hospitio
1551 3433 1664 3473 recepto
1683 3426 1811 3477 sufficere
1828 3427 1954 3461 videtur
1978 3449 1990 3468 ,
2008 3425 2040 3468 fi
2058 3423 2120 3469 hos-

2014 3484 2070 3523 pes
2120 3482 2125 3487 “
