2352 3756
352 156 443 214 368

258 236 509 278 ..Orientalibus
533 233 685 268 Ecclefiis
698 231 936 267 consecraverit
960 230 1066 274 plures
1088 228 1164 269 Epi-

285 289 423 329 scopos,
449 286 588 328 ideoque
603 285 739 319 eandem
755 281 989 317 authoritatem
1012 279 1075 311 effe
1094 277 1163 319 ejus

283 338 318 372 in
334 338 485 370 Romana
497 332 908 370 Cathedra‘Succefloribus
921 354 927 360 -
956 327 1059 374 Qod
1071 328 1162 360 enim

287 386 524 429 Apostolorum
537 385 620 419 Asta
640 386 703 418 sint
726 383 823 417 nobis
844 378 1038 420 &exempla
1058 377 1164 410 &Ca-

284 447 411 478 nones‚
436 436 535 471 docet
555 435 694 469 inlibris
715 431 755 465 de
777 429 885 464 cordis
906 426 1164 470 compunctione

284 488 418 523 Sanetus
442 486 581 530 Joannes
608 480 864 524 Chrysostomus
884 503 892 510 .
920 474 1050 524 Qarto
1072 475 1164 510 disci-

285 547 357 572 mus
371 560 382 578 ,
408 536 496 581 quod
515 536 600 570 hanc
621 530 904 567 consecrationem
925 527 1038 561 omnis
1047 526 1164 561 Orien-

284 589 360 622 talis
384 587 526 622 Ecclesia
549 595 617 617 non
645 580 773 615 tantum
801 580 860 613 suo
895 576 1051 622 suffragio
1071 602 1083 618 ,
1107 576 1163 611 sed

285 639 386 673 etiam
409 633 581 672 communi
600 631 723 676 gaudio
733 628 1008 673 comprobaverit
1031 651 1039 659 .
1066 627 1163 662 Certe

274 679 447 723 'Mennam
468 710 479 725 ,
505 684 555 717 uti
576 682 789 716 Canonicum
809 691 865 723 per
889 678 1002 714 omnia
1025 678 1164 711 Patriar·

281 738 377 772 cham
390 761 400 776 ,
426 734 526 768 etiam
548 733 662 778 quinta
682 730 843 776 generalis
863 728 1016 771 Synodus
1036 725 1163 762 admisit

282 800 323 822 ac
346 784 540 820 honoravit.
570 783 647 826 Ejus
669 780 952 816 consecrationem
974 777 1083 812 nullus
1105 788 1163 811 un-

281 847 381 880 quam
394 835 514 880 legitur
537 834 630 867 fuisse
650 832 885 866 calumniatus.

335 885 564 922 Schismaticus
586 883 732 926 Ancyrae
753 879 972 922 Metropolita
994 878 1162 913 Macarius

280 938 419 973 blaterat
442 936 601 969 Romano
624 932 789 977 Episcopo
811 932 847 964 in
860 927 1065 965 Patriarchas
1089 930 1162 963 nul-

279 989 347 1023 lam
358 989 420 1021 elie
431 985 625 1028 potestatem
638 1008 650 1024 ‚
676 981 761 1016 hanc
773 981 866 1015 nullo
877 980 985 1014 fulciri
998 981 1138 1014 Cauone
1148 1004 1159 1020 ‚

277 1039 313 1071 ἃ
327 1032 546 1080 prosequitur:
574 1037 660 1067 Nam
683 1034 762 1075 quod
775 1031 902 1073 fortuito
922 1039 978 1073 per
999 1031 1157 1074 Vigiltum,

275 1087 487 1132 sanfflffimum
498 1090 613 1119 veteris
628 1087 731 1117 Romae
746 1081 918 1124 Pontificem
931 1105 942 1120 ‚
967 1089 1037 1113 tunc
1048 1079 1159 1124 Bysan·

270 1144 316 1171 ‘11⁴1'
337 1145 562 1171 commorantem
586 1159 598 1174 ,
623 1134 689 1166 cum
712 1138 820 1175 quinta
842 1132 971 1171 synodus
992 1140 1158 1174 cogeretur,

268 1190 436 1222 ordinatus
460 1186 498 1228 est
511 1190 640 1219 Mennas
662 1182 852 1227 sanfflfflmus
867 1181 1051 1217 Patrlarcha
1062 1186 1093 1214 in
1106 1184 1160 1213 Re-

272 1244 338 1284 giae
359 1242 511 1271 Civitatis
533 1237 652 1276 Sedem,
682 1245 741 1267 non
761 1234 827 1267 ideo
846 1230 1077 1273 existimandum
1099 1232 1158 1275 est,

271 1289 360 1332 quod
377 1289 428 1322 vel
440 1285 496 1330 sub
515 1297 547 1321 eo
567 1286 653 1327 esset,
676 1285 730 1318 vel
741 1284 824 1326 quod
843 1289 888 1315 ita
898 1293 961 1314 mos
982 1281 1134 1315 obtinebat
1147 1307 1157 1323 ‚

269 1340 383 1383 nempe
403 1340 543 1371 &veteris
564 1339 667 1368 Romae
679 1333 842 1375 Pomffice,
865 1331 975 1375 velfico
992 1331 1079 1374 ipfiur
1094 1343 1157 1364 con-

271 1388 357 1432 filio,
376 1390 507 1430 Juniori‘s
518 1390 622 1421 Romae
634 1383 797 1428 Praesulem
808 1383 967 1422 ordinari,
995 1382 1152 1415 ordinatio-

270 1450 344 1474 ·nem
353 1439 438 1472 illam
441 1437 528 1481 suffe
532 1436 656 1479 fallam
668 1461 676 1467 .
703 1438 826 1468 Etenim
830 1429 861 1474 fi
878 1433 914 1464 id
923 1432 987 1475 esset
1000 1456 1011 1473 ,
1039 1441 1072 1464 ut
1086 1434 1157 1465 mul-

272 1499 310 1523 ta
320 1488 438 1531 silentio
460 1488 641 1526 involvam,
665 1486 731 1518 cum
753 1486 788 1518 &²
807 1481 988 1524 Theophilus
1013 1482 1155 1515 SanHum

267 1542 425 1585 Joannom
436 1534 663 1579 chrysostomum
674 1559 683 1574 ,
709 1536 742 1567 Θ
756 1531 908 1576 DioJZ-orus
919 1534 1064 1565 Divinum
1076 1536 1155 1566 Ana-

272 1592 377 1624 toltum
398 1594 431 1621 tn
460 1588 563 1621 Sedem
585 1583 910 1626 Constantinopolitana
930 1589 1133 1625 promoverint
1146 1606 1157 1622 ,

272 1646 326 1683 qul
347 1638 433 1672 ambo
444 1637 642 1671 Alexandrini
663 1644 752 1668 erant
771 1632 914 1676 Episcopi
928 1658 940 1674 ‚
967 1635 1002 1666 6·
1024 1631 1156 1675 Dioscoro

267 1699 421 1732 praeterea
430 1694 567 1721 maxima
576 1698 639 1720 cum
654 1683 761 1718 sanilo
776 1687 870 1717 Leone
883 1686 1015 1716 Romano
1017 1682 1155 1724 simultas

270 1750 357 1780 erat,
377 1738 552 1783 sequeretur
575 1737 609 1771 ό·
623 1731 923 1773 Alexanditnumfibi
940 1731 1094 1774 subditum
1103 1732 1154 1764 ba-

271 1790 340 1823 bere
352 1789 714 1829 Constantinopolitanum
729 1808 739 1824 ,
765 1784 818 1817 vel
828 1793 894 1816 eum
911 1786 943 1813 in
950 1780 1094 1823 posterum
1112 1793 1154 1813 or-

269 1842 404 1879 dinare,
430 1847 484 1871 aut
501 1837 556 1881 suo
565 1833 674 1876 confilt'o
692 1835 845 1868 ordinari.
871 1835 1081 1863 Verumtamen
1105 1829 1156 1862 boc

270 1890 323 1934 effe
328 1897 442 1931 prater
451 1898 550 1922 rerum
574 1886 710 1919 osdtnem
723 1907 734 1922 ‚
761 1878 911 1924 sacrosque
921 1883 1080 1918 canones,
1107 1890 1155 1912 res

270 1939 339 1983 ipsa
348 1939 459 1973 clamat
475 1962 482 1968 .
507 1933 708 1978 Respondeo
723 1930 907 1966 Macarium
922 1927 1010 1963 varie
1021 1926 1155 1962 halluci-

270 1990 363 2025 nari.
390 1987 526 2023 Etenim
540 1985 683 2019 Mennas
706 1992 776 2016 'non
799 1983 833 2014 in
844 1980 964 2024 quinto
977 1977 1155 2019 Concilio,

271 2041 329 2074 sed
355 2037 413 2072 diu
433 2045 509 2072 ante
530 2034 613 2068 illud
639 2057 649 2072 ‚
676 2041 737 2065 nec
758 2031 777 2063 a
797 2028 930 2073 Vigilio
954 2029 1156 2062 consecratus

272 2090 337 2125 fuit
356 2113 367 2128 ‚
394 2087 447 2121 sed
469 2084 513 2120 ab
537 2083 691 2127 Agapeto
713 2106 720 2113 .
746 2077 839 2112 Male
860 2080 938 2112 item
962 2076 1154 2112 Anatolium

274 2138 388 2173 titulat
413 2135 580 2170 Divinum
607 2156 615 2163 .
643 2129 762 2174 Longe
787 2127 876 2161 enim
904 2126 993 2160 aliud
1020 2127 1061 2160 de
1086 2127 1156 2170 ipso

275 2188 399 2224 censuit
410 2185 558 2230 Magnus
568 2181 656 2225 Papa
676 2181 747 2213 Leo
760 2202 767 2210 .
796 2175 896 2210 Reste
919 2186 1029 2210 tamen
1044 2175 1157 2211 Maca-

275 2240 345 2274 rius
363 2236 471 2270 asserit
494 2233 697 2267 Dioscorum
719 2228 765 2263 ob
788 2236 983 2261 attentatam
1003 2226 1155 2261 Anatolii

277 2284 559 2324 consecrationem
579 2279 674 2316 fuisse
698 2279 739 2313 ab
759 2278 876 2312 eodem
889 2277 1157 2321 [aoneincrepa-

279 2350 373 2374 tum.
404 2335 506 2371 Addo
531 2334 565 2368 &
588 2333 605 2366 a
622 2326 882 2365 Chalcedonensi
905 2327 1042 2370 Synodo
1064 2328 1157 2361 fuisse

280 2391 493 2425 damnatum.
526 2384 685 2417 Attamen
709 2391 777 2413 non
803 2389 857 2422 per
870 2377 1087 2412 Alexandrini
1100 2377 1157 2412 Pa·

281 2437 429 2474 triarchae
449 2433 684 2471 authoritatem
708 2429 889 2464 Dioscorus
916 2428 998 2462 illud
1019 2436 1160 2462 attenta-

281 2491 348 2524 vit.
378 2488 449 2521 Hic
468 2485 513 2520 est
535 2483 619 2518 alius
640 2479 780 2514 Macarii
801 2489 909 2513 error.
938 2478 1119 2513 Dioscorus
1139 2480 1157 2513 a

282 2538 418 2575 secundi
440 2534 598 2580 Ephesini
622 2529 771 2565 Concilii
797 2526 1000 2564 Praefidentia
1025 2529 1157 2563 exclusit

284 2592 428 2634 Legatos
439 2584 562 2621 laudati
574 2582 748 2617 pontificis
758 2604 768 2620 ,
794 2591 848 2624 per
859 2578 1083 2613 Haeresiarchae
1095 2578 1159 2613 Eu-

285 2654 296 2676 t
301 2640 429 2685 ychetis
439 2635 690 2681 appellationem
698 2631 837 2677 garrivit
847 2628 936 2664 hunc
947 2628 965 2663 ὲ
979 2628 1092 2672 Judice
1104 2629 1160 2664 de-

287 2701 452 2726 mutatum
468 2689 502 2722 in
515 2696 605 2721 reum
616 2694 672 2718 aut
685 2682 905 2716 accusatorem
919 2703 931 2719 ,
957 2680 990 2713 &
1002 2680 1161 2724 praefiden-

289 2742 381 2784 diius
392 2740 433 2775 ad
458 2739 508 2778 se,
535 2734 648 2779 utpote
666 2732 846 2767 secundum
869 2729 1018 2764 Ecclesiae
1031 2730 1162 2774 Episco-

291 2803 367 2835 pum
381 2816 391 2830 ,
415 2789 479 2823 esse
504 2786 716 2821 devolutum.
742 2782 852 2823 Hujus
874 2780 1035 2814 devolutae
1051 2777 1165 2814 autho·

291 2841 396 2876 ritatis
407 2841 482 2873 fuco
492 2835 667 2871 celebravit
678 2832 863 2878 generalem
878 2831 1050 2873 Synodum
1060 2855 1071 2871 ,
1095 2841 1165 2864 om·

293 2892 349 2924 nia
363 2889 458 2930 hujus
480 2886 647 2930 privilegia
667 2882 851 2926 usurpavit,
878 2880 1067 2925 degradavit
1091 2882 1166 2914 San-

295 2943 382 2974 ‹Elum
397 2938 592 2971 Flavianum
613 2930 1021 2974 Constantinopolitanum
1036 2931 1165 2974 Episco-

294 3002 372 3034 pum
387 3013 398 3029 ,
425 2996 520 3030 atque
544 2985 588 3018 ita
610 2985 643 3017 in
655 2983 724 3025 ejus
745 2983 857 3015 locum
869 2981 1167 3015 consecravitAna-

296 3041 414 3075 tolium
426 3063 436 3079 ,
463 3038 556 3070 suum
567 3031 850 3066 Archidiaconum
863 3053 874 3069 ,
899 3031 932 3063 &
945 3032 1167 3073 nuperrimum

296 3091 332 3124 in
357 3088 464 3133 Regia
482 3086 615 3119 civitate
636 3081 879 3126 Apocrisarium
892 3103 900 3111 .
929 3081 1064 3115 Etenim
1074 3081 1168 3115 (Ecu-

297 3141 425 3174 menica
438 3129 589 3180 Synodus
600 3134 635 3166 in
647 3130 896 3176 degradatorum
919 3130 937 3163 a
950 3132 980 3164 se
992 3131 1169 3176 Episcopo-

299 3201 368 3222 rum
383 3188 478 3223 Sedes
491 3184 592 3229 potest
617 3194 672 3226 per
696 3183 789 3215 suum
802 3180 972 3214 Praefidem
983 3182 1168 3216 consecrare

300 3239 399 3273 alios.
427 3234 533 3271 immo
553 3235 587 3268 ὅ(
607 3233 642 3266 in
664 3229 844 3266 Cathedras
863 3230 948 3272 apud
972 3231 1004 3264 se
1031 3233 1170 3266 morien·

301 3289 384 3321 tium
397 3311 404 3317 .
432 3287 519 3319 Nam
533 3284 666 3318 Nicaena
678 3281 830 3324 Synodus
841 3280 875 3313 in
890 3281 997 3314 Saniti
1011 3281 1171 3326 Philogo-

300 3337 353 3371 nii
369 3335 561 3374 Patriarchbae
582 3331 814 3372 Antiocheni‚
841 3330 926 3373 apud
952 3331 983 3363 se
1007 3331 1171 3373 defuncti,

299 3387 415 3427 locum
442 3384 605 3425 promovit
632 3383 786 3416 Sanctum
815 3380 1001 3413 Eustatiurn
1029 3406 1036 3412 .

303 3433 448 3479 antiquis
459 3432 682 3468 fundamentis
704 3432 818 3466 nititur
840 3429 998 3465 hodierna
1013 3432 1198 3530 Romanael

868 150 1506 196 DissERTArlo

1224 227 1373 262 Ecclefiae
1391 230 1502 274 regula
1525 230 1567 266 de
1590 232 1800 269 Beneficiatis
1820 235 2035 274 morientibus
2057 241 2093 275 in

1224 276 1343 310 Curia.
1371 278 1437 312 isto
1461 280 1645 325 igiturjure
1667 285 1742 318 usus
1753 284 1815 319 fuit
1826 285 2018 323 Dioscorus.
2049 292 2093 324 Et

1223 326 1268 360 ob
1279 326 1364 361 istud
1375 328 1588 366 Attentatum
1599 332 1717 368 merito
1727 334 1898 370 damnatus
1907 336 1953 370 est
1964 338 1983 372 ὲ
1995 337 2094 374 Chal-

1222 377 1397 412 cedonenfi
1421 379 1597 416 Concilio.

1273 429 1430 463 Sanctum
1440 430 1602 474 Ioannem
1616 432 1892 478 chrysostomum
1901 438 2006 472 fateor
2017 437 2095 472 suis-

1224 479 1679 527 scsacratumaTheophilo‚
1706 484 1893 522 patriarcha
1915 487 1993 522 item
2017 487 2096 522 Ale-

1223 527 1386 565 xandrino
1408 556 1415 563 .
1444 531 1488 566 Et
1510 532 1573 568 hac
1594 534 1636 568 de
1663 546 1697 569 re
1719 535 1830 570 scribit
1855 537 1890 571 in
1910 536 2003 571 istius
2026 538 2094 571 vita

1224 578 1469 615 Alexandrinus
1479 581 1666 619 Patriarcha
1677 585 1859 631 Georgius:
1878 590 2037 632 Joannem
2048 599 2094 621 or-

1221 631 1312 663 dinat
1332 636 1452 664 invitus
1471 631 1645 676 Theophilus
1661 637 1855 670 Alexandriae
1876 636 1994 681 Praefitl
2009 662 2017 670 .
2045 641 2095 670 Ti-

1221 682 1321 714 mendi·
1334 687 1414 715 enim
1435 687 1562 717 eterant
1580 684 1795 728 accusationum
1817 687 1925 728 libelli,
1954 686 2093 728 nifiordi-

1222 735 1334 764 nationi
1347 735 1509 775 annuisset.
1537 734 1668 779 Nempe
1688 736 1822 779 Joannis
1843 738 2090 781 promotionem

1222 781 1379 836 impedire
1397 782 1553 818 omnibus
1572 786 1681 819 nervis
1711 786 1834 821 studuit
1858 784 2092 831 Theophilus,

1221 829 1362 875 ideoque
1381 832 1449 875 ejus
1469 836 1749 870 consecrationem
1771 849 1839 872 non
1861 837 1976 872 invasit
1997 861 2009 877 ,
2036 837 2091 871 sed

1220 880 1284 915 fuit
1293 882 1333 916 ad
1343 882 1444 924 ipsam
1464 886 1668 929 compulsus.
1698 887 1836 921 Causam
1849 887 2014 922 addiscere
2023 887 2093 930 pos-
2145 910 2147 912 -

1220 931 1328 966 sumus
1340 943 1380 967 ex
1392 934 1542 969 Socrate:
1570 938 1640 980 ,Quo
1643 940 1675 982 J
1678 943 1789 970 oannis
1797 939 1947 970 ordinatio
1952 938 2023 980 plus
2034 936 2089 969 ha·
2109 925 2169 958 Lib·
2179 931 2209 957 ⁶·

1220 980 1300 1015 bem*
1311 980 1504 1016 aucthoritam
1514 1009 1524 1024 ³
1550 988 1678 1018 aderant
1690 989 1725 1020 de
1737 993 1931 1030 Imperatoris
1944 987 2089 1020 mandato
2106 976 2171 1006 αρ’
2194 970 2223 996 ⁶¹

1219 1032 1283 1064 cum
1298 1032 1351 1064 alii
1372 1034 1529 1074 complures
1551 1033 1713 1077 Episcopi,
1739 1049 1802 1071 rum
1824 1036 2003 1081 Theophilus
2026 1038 2090 1072 Ale-

1219 1083 1390 1115 xandrinut
1412 1107 1419 1114 .
1448 1083 1491 1116 Et
1511 1083 1552 1117 de
1575 1085 1713 1127 Synodo
1734 1088 1775 1120 ad
1795 1089 1965 1134 Qercum
1989 1086 2088 1123 habet

1220 1132 1479 1174 idemScriptor:
1508 1133 1684 1175 Theophilus
1701 1136 1809 1169 callide
1829 1138 1949 1174 molstus
1970 1138 2029 1179 est,
2054 1147 2089 1171 ut

1219 1184 1256 1216 de
1270 1184 1440 1218 Heraclidis
1452 1185 1637 1217 ordinatione
1645 1187 1778 1226 primum
1799 1196 1982 1228 quaereretur
1993 1211 2004 1227 ,
2029 1191 2087 1229 quo

1218 1232 1324 1276 ansam
1346 1239 1491 1274 arriperet
1512 1236 1555 1266 ad
1571 1239 1602 1279 J
1605 1246 1729 1268 oannem
1750 1238 1844 1270 denuo
1867 1236 2088 1270 abdicandum.

1220 1283 1262 1317 Et
1275 1284 1377 1317 infrA:
1397 1287 1542 1328 Joannes
1552 1286 1755 1327 Serapionem,
1780 1289 1862 1326 cujus
1883 1285 1971 1329 causa
1990 1288 2088 1319 odium

1219 1340 1250 1366 t'n
1259 1332 1312 1376 ips
1306 1346 1354 1367 um
1358 1332 1465 1374 fuerat
1475 1344 1547 1368 ante
1558 1334 1706 1378 incensum
1719 1361 1729 1376 ,
1741 1334 1917 1379 Episcopum
1929 1338 2087 1378 Heracleae,

1219 1385 1298 1416 urbis
1310 1383 1460 1417 Thracica
1472 1408 1483 1424 ,
1509 1384 1693 1429 defignavit.
1722 1386 1778 1420 lsti
1791 1386 1930 1429 synodo
1942 1386 2088 1431 praesedit

1219 1434 1341 1468 Paulus
1352 1434 1519 1468 Heracleae
1530 1435 1711 1479 Episcopus
1721 1462 1729 1468 .
1756 1436 1885 1471 Diserte
1898 1436 1931 1470 id
1945 1435 2041 1470 habes
2051 1436 2090 1471 in

1217 1484 1439 1527 synodalibus
1462 1483 1556 1519 Astis
1577 1487 1663 1530 apud
1695 1487 1938 1521 Bibliothecam
1958 1484 2091 1521 Photii.

1220 1534 1349 1578 Nempe
1363 1535 1556 1569 Heraclides
1572 1561 1583 1576 ,
1608 1547 1704 1579 quem
1719 1537 1827 1572 statim
1850 1537 1884 1571 in
1898 1536 1944 1571 sui
1957 1536 2093 1581 Episco-

1219 1596 1311 1628 patus
1322 1585 1458 1619 exordio
1471 1586 1611 1628 Joannes
1622 1587 1821 1621 consecrarat
1834 1610 1845 1626 ,
1870 1588 1975 1621 fuerat
1986 1587 2020 1619 in
2030 1587 2093 1631 prii·

1218 1646 1273 1669 mo
1299 1635 1390 1670 istius
1416 1635 1704 1679 Pseudo-Synodi
1725 1637 1849 1679 judicio
1874 1635 2090 1681 degradatus,

1218 1686 1303 1719 acin
1325 1685 1395 1729 ejus
1406 1685 1523 1719 Sedem
1544 1686 1685 1720 intrusus
1695 1685 1814 1720 Paulus
1829 1711 1838 1718 .
1865 1684 2008 1720 Proinde
2027 1685 2093 1719 ele·

1216 1736 1257 1768 eti
1269 1735 1405 1777 Joannis
1418 1745 1566 1777 tempore
1583 1735 1807 1770 Heracleensis
1818 1760 1829 1775 ‚
1854 1746 1909 1779 per
1917 1734 2008 1777 cujus
2020 1734 2092 1768 An-

1215 1784 1351 1818 tistitem
1363 1782 1458 1817 debet
1471 1783 1868 1828 Constantinopolitanus
1888 1783 2065 1818 consecrari
2076 1806 2092 1823 ‚

1218 1832 1360 1866 Ecclesia
1372 1832 1530 1873 vacabat,
1556 1843 1653 1875 atque
1667 1834 1711 1868 ita
1736 1831 1972 1877 Theophilus,
1997 1843 2091 1877 utpo-

1217 1881 1249 1916 te
1261 1881 1396 1925 dignior
1416 1881 1501 1916 inter
1511 1884 1677 1926 praesentes
1690 1883 1890 1927 Episcopus,
1916 1884 1979 1917 fuit
2000 1893 2090 1917 com-

1218 1932 1332 1974 pulsus
1346 1932 1387 1963 ad
1414 1930 1577 1972 Ioannem
1598 1934 1853 1967 consecrandum
1869 1933 1902 1966 δε
1923 1931 2088 1967 honoran-

1217 1981 1294 2014 dum
1307 2003 1315 2012 .
1343 1980 1626 2027 Qotiescumque
1636 1982 1858 2017 Heracleensis
1869 1981 2094 2026 Metropolim

1216 2030 1279 2064 fuit
1299 2028 1492 2068 defunctus,
1517 2030 1631 2064 absens
1645 2053 1655 2070 ‚
1681 2039 1738 2065 aut
1757 2029 1953 2073 impeditus,
1978 2031 2095 2074 quivis·

1220 2079 1396 2122 Episcopus
1420 2077 1638 2127 ezPrincipis
1653 2090 1709 2113 aut
1729 2080 1860 2123 Synodi
1878 2079 2014 2114 arbitrio
2024 2080 2095 2115 fuit

1217 2129 1395 2172 assumptus
1419 2127 1461 2163 ad
1487 2127 1582 2163 istam
1607 2130 1888 2165 consecrationem
1907 2154 1916 2162 .
1943 2128 2093 2165 Proinde

1218 2180 1370 2213 Sanstum
1382 2179 1545 2222 Ioannem
1555 2177 1767 2223 Theophilus
1778 2180 1945 2215 ordinavit
1954 2191 1998 2214 eo
2006 2180 2090 2223 jure,

1217 2241 1284 2272 quo
1295 2227 1528 2263 Theodoretus
1544 2228 1694 2272 Cyrenlis
1714 2231 1747 2264 in
1762 2229 1935 2265 Eufratesia
1951 2229 2090 2264 Provin-

1218 2282 1268 2314 cia
1291 2279 1472 2323 Episcopus
1494 2278 1605 2314 scribit
1633 2279 1650 2312 a
1674 2281 1705 2313 se
1721 2281 1914 2314 ordinatum
1933 2279 2091 2313 Irenaeum

1219 2330 1308 2373 Tyri
1332 2330 1599 2373 Metropolitam:
1629 2330 1781 2362 Addudlus
1803 2329 1960 2364 Pboeniciae
1972 2327 2092 2371 Episco-

1215 2389 1319 2423 porum
1349 2382 1470 2413 Decreta
1493 2405 1503 2420 ‚
1541 2378 1718 2423 Episcopum
1746 2384 1893 2413 Irenaeum
1916 2380 2091 2412 ordinavit.

1222 2430 1385 2475 Alioquin
1399 2428 1610 2474 Theophilus
1622 2431 1643 2463 si
1670 2430 1842 2468 invasisset,
1864 2428 2005 2464 omnino
2016 2428 2094 2462 fuis-

1220 2482 1265 2515 set
1277 2481 1317 2514 ab
1331 2481 1401 2524 ipso
1413 2480 1540 2523 Joanne
1549 2503 1560 2521 ‚
1581 2479 1633 2513 vel
1643 2479 1683 2513 ab
1696 2480 1892 2514 Innocentio
1902 2478 1989 2523 Papa
2000 2504 2011 2519 ,
2038 2477 2091 2512 vel

1219 2532 1236 2565 a
1257 2530 1407 2564 Palladio
1428 2528 1712 2573 Helenopolitano
1736 2529 1898 2573 Episcopo
1911 2553 1921 2569 ,
1950 2529 2003 2563 vel
2024 2528 2093 2562 alio

1219 2581 1314 2615 simili
1338 2580 1524 2623 Scriptore,
1550 2589 1707 2623 tanquam
1731 2579 1923 2614 Attentator
1944 2577 2094 2624 redargu-

1220 2642 1273 2665 tus
1284 2656 1291 2663 .
1319 2629 1416 2664 Certe
1426 2629 1491 2669 ejus
1507 2630 1752 2665 Antecefforem
1764 2628 1920 2670 Petrum,
1934 2629 2022 2673 quod
2034 2627 2094 2662 ibi·
2111 2621 2159 2651 ΕΡ·
2179 2626 2230 2654 53·

1220 2680 1295 2716 dem
1309 2680 1484 2715 ordinasset
1497 2678 1688 2714 Maximum
1699 2680 1886 2724 Cynicum,
1913 2676 2094 2725 graviffime
2110 2667 2172 2697 αρ’
2182 2668 2213 2686 ²'‘

1222 2732 1329 2776 arguit
1342 2730 1716 2774 Constantinopolitana
1728 2730 1882 2773 Synodus
1894 2754 1901 2761 .
1930 2730 1973 2762 Et
1988 2727 2096 2772 praefa-

1222 2792 1292 2816 tum
1317 2779 1515 2815 Anatolium
1536 2805 1547 2821 ‚
1573 2780 1663 2822 quod
1691 2780 1880 2814 Maximum
1908 2777 2099 2813 Antiochia

1224 2830 1442 2867 patriarcham
1455 2832 1642 2866 consecrare
1652 2830 1887 2874 praesumpfifl'et
1897 2853 1908 2869 ,
1935 2826 2100 2862 duriffime

1225 2882 1403 2926 increpavit
1425 2883 1557 2916 Sandius
1568 2880 1654 2924 Papa
1668 2881 1755 2914 Leo.
1784 2880 1893 2914 Etiam
1913 2878 2002 2912 istius
2024 2877 2100 2910 Suc-

1224 2933 1375 2967 cessorem
1400 2931 1584 2970 Acacium,
1608 2930 1699 2974 quod
1722 2929 1962 2965 calendionem
1980 2927 2102 2961 Antio-

1225 2982 1305 3017 chiae
1330 2984 1408 3016 item
1431 2979 1652 3016 patriarcham
1674 2979 1903 3019 consecrasset,
1929 2976 2100 3012 damnavit

1225 3033 1319 3067 Felix
1351 3032 1464 3066 tertius
1476 3058 1484 3065 .
1509 3032 1558 3065 Ita
1571 3029 1693 3065 habent
1703 3030 1838 3075 antiqua
1852 3028 1933 3062 Atta
1942 3028 1985 3061 de
1996 3026 2104 3061 nomi·

1229 3095 1268 3117 ne
1292 3081 1427 3117 Aeacii.
1455 3081 1584 3124 Nempe
1609 3092 1710 3114 unum
1731 3077 1952 3126 Patriarcham
1970 3077 2012 3111 ab
2032 3076 2102 3110 alio

1229 3133 1405 3167 consecrari
1428 3141 1538 3165 vetant
1560 3130 1695 3164 Nicaena
1719 3129 1871 3173 Synodus
1892 3129 1927 3162 &
1949 3137 2103 3171 perpetua

1230 3181 1429 3218 consuetudo
1442 3205 1449 3213 .
1465 3181 1642 3225 Repugnat
1653 3190 1766 3214 eorum
1779 3177 2024 3220 Autocephaliae
2035 3203 2041 3210 .
2054 3177 2103 3210 At

1233 3233 1306 3267 vero
1318 3233 1451 3266 Mennae
1469 3231 1748 3265 consecrationem
1769 3241 1837 3262 non
1850 3228 1894 3262 ob
1908 3227 2103 3262 Heracleen-

1232 3285 1267 3317 sis
1289 3292 1428 3316 mortem
1452 3281 1503 3314 vel
1525 3280 1725 3319 absentiam,
1751 3278 1802 3312 sed
1823 3291 1865 3313 ex
1886 3277 1993 3312 Sansti
2015 3275 2103 3309 Petri

1235 3333 1405 3377 privilegio
1416 3331 1492 3365 fecit
1505 3330 1578 3373 Aga
1584 3341 1676 3373 petus
1689 3355 1695 3361 .
1708 3329 1751 3363 Et
1765 3330 1864 3371 ipsam
1879 3324 2103 3370 comprobavit

2105 1161 2179 1199 Cap.
2203 1170 2215 1191 1
2223 1169 2250 1196 5.

2107 2353 2166 2391 Ep·
2183 2363 2252 2384 no·

1076 3381 1172 3416 Adeo
1234 3384 1343 3416 omnis
1354 3382 1475 3415 Oriens
1484 3405 1491 3412 .
1516 3380 1605 3414 Nam
1617 3381 1649 3414 ὃς
1662 3378 1809 3413 Rituales
1820 3378 1887 3421 ejus
1898 3377 1970 3410 libri
1982 3373 2105 3408 habent

1235 3433 1274 3466 ad
1286 3445 1301 3466 v
1309 3432 1477 3476 igefimum
1485 3431 1638 3473 quintum
1645 3428 1733 3464 diem
1743 3426 2011 3472 Auguffi:3eatus
2025 3426 2107 3457 Men-

1980 3485 2034 3507 nas
2047 3495 2059 3511 ,
