2372 3756
130 1711 203 1746 Lib).
230 1721 258 1748 3.

125 1762 248 1789 mma

129 2066 258 2106 {ip-1⁶3·

159 3024 226 3055 Lib.

162 3067 258 3097 0128.

377 158 477 212 216

877 325 1158 376 CAN

652 147 696 202 S.
731 145 1054 197 Gneeontt
1090 161 1332 198 serum
1369 147 1746 197 Pounncxs

1228 325 1558 373 ONV.

451 472 609 526 Uoties
643 470 846 520 'defuneto
880 468 1051 518 Pastore
1085 469 1265 533 alicujus
1302 468 1501 518 Ecclefiae
1541 505 1554 530 ,
1587 470 1698 520 alius
1733 469 1795 521 est
1827 473 1870 522 ei
1903 477 2132 528 Canonice

484 541 774 604 subrogandus
800 577 813 600 ,
850 540 1053 590 instantia
1088 538 1338 588 Vifitatoris
1375 538 1616 608 Episcopi,
1659 544 1738 608 qui
1774 543 1815 591 ei
1851 543 1908 593 ab
1942 547 2132 615 Aposto-

331 634 335 642 ,
483 613 568 660 lica
614 612 685 662 vel
721 611 1064 679 Metropolitana
1119 607 1229 659 Sede
1259 607 1443 660 directus
1479 610 1540 662 est
1574 647 1587 671 ,
1637 613 1791 666 Clerus
1826 618 1870 663 &
1904 618 2090 684 populus
2114 653 2129 680 ‚

298 697 467 732 remota
514 684 636 731 omni
684 681 870 731 saeculari
918 679 1159 729 ambitione
1193 716 1207 739 ,
1251 682 1409 730 timore
1455 696 1590 749 atque
1625 685 1765 745 gratia
1798 720 1813 745 ‚
1865 686 2130 753 Apostolicae

280 751 414 801 ,Sedis
450 752 521 803 vel
557 752 890 821 Metropolitani
925 749 988 801 sui
1022 747 1225 798 consensu
1279 750 1498 802 Pastorem
1550 751 1628 802 fibi
1663 751 1899 804 secundum
1937 760 2130 809 Deum...

295 823 431 885 eligat
463 859 477 870 .
528 821 668 892 Qod
719 821 750 870 si
786 822 938 889 aliquo
985 821 1102 872 vitio
1147 836 1374 887 corruptus
1421 823 1550 873 aliter
1599 840 1727 886 agere
1775 824 2087 895 praesumpserit
2109 863 2125 890 ‚

280 894 518 942 >electionis
554 909 779 959 perperam
815 891 933 941 faeiat
968 893 1090 941 o'mni
1125 889 1264 939 fructu
1297 890 1464 941 carebit
1498 929 1512 953 ,
1555 897 1599 942 &
1632 893 1689 943 de
1724 911 1880 945 caetero
1916 898 2128 948 nullam...

292 963 517 1012 eleetionis
553 962 812 1028 potestatem
849 961 1030 1012 habebit
1048 984 1078 1022 ’,
1113 962 1336 1011 electionis
1372 961 1478 1015 vero
1514 963 1703 1029 potestas
1740 968 1882 1016 omnis
1933 969 1981 1016 in
2015 967 2127 1018 deli-

291 1031 518 1082 beratione
555 1031 674 1082 Sedis
711 1032 971 1101 Apostolicae-
1010 1032 1109 1084 *five
1146 1032 1479 1102 Metropolitani
1526 1030 1589 1080 sui
1624 1035 1824 1085 consistat
1856 1072 1869 1084 .
1928 1040 1972 1086 Si
2007 1041 2126 1088 enim

288 1105 328 1152 is
363 1100 420 1152 ad
454 1120 588 1171 quern
623 1102 894 1156 consecratio
928 1105 1118 1172 pertinet
1152 1137 1167 1162 ,
1216 1119 1305 1153 non
1341 1101 1424 1151 rite
1460 1100 1749 1155 consecrando
1782 1141 1795 1166 ,
1845 1106 1951 1156 teste
1986 1113 2126 1158 Beato

288 1175 435 1223 Leone
470 1210 483 1234 ‚
520 1176 708 1237 gratiam
744 1173 1064 1224 benedictionis
1100 1175 1269 1222 amittit
1306 1208 1320 1232 ,
1353 1169 1663 1239 consequenter
1697 1177 1735 1223 is
1768 1211 1782 1235 ‚
1817 1179 1898 1244 qui
1932 1175 1989 1226 ad
2024 1195 2123 1246 pra·

287 1259 390 1296 vam
425 1244 681 1296 elerstionem
733 1244 1016 1299 declinaverit
1048 1280 1062 1306 ,
1107 1241 1303 1314 *eligendi
1337 1242 1552 1317 potestate
1586 1246 1782 1312 privatur
1795 1281 1808 1294 .

476 1391 987 1438 Senonicu-

334 1557 343 1566 Ι
392 1533 557 1571 Aeantem
580 1535 809 1582 Episcopalem
835 1536 1037 1574 Cathedram
1064 1561 1076 1579 ,
1101 1549 1171 1574 non

413 1596 467 1630 per
480 1585 676 1629 Capitulum
687 1599 743 1624 aut
754 1588 823 1632 ejus
837 1588 1009 1623 Vicarium
1022 1613 1033 1630 ,
1050 1588 1104 1624 sed
1115 1600 1172 1633 per

280 1633 494 1670 Visitatorem
517 1637 718 1682 Episcopum
730 1639 799 1683 regi
812 1638 858 1672 est
885 1638 968 1672 adeo
983 1639 1146 1673 vetustum
1161 1664 1171 1680 ,

280 1695 316 1719 ut
332 1685 365 1718 in
389 1685 509 1731 Magni
525 1687 678 1732 Gregorii
700 1689 765 1723 vita
777 1689 919 1731 Ioannes
934 1689 1109 1724 Diaconus
1120 1687 1172 1722 ad-

279 1735 386 1774 firmet
398 1736 462 1774 effe
485 1738 709 1779 antiquiffimum
732 1737 938 1780 Eccltfiasticae
951 1737 1170 1782 consuetudims

277 1786 434 1827 ordinem,
463 1788 613 1820 traditum
636 1787 676 1821 ab
700 1787 860 1831 apostolis,
891 1790 926 1823 6·
946 1789 990 1821 ad
1005 1787 1063 1832 sua
1082 1787 1172 1832 usque

278 1844 412 1878 tempora
432 1834 831 1882 [blemniterconservatum
844 1863 851 1870 .
880 1837 1015 1873 Etenim
1040 1838 1081 1873 de
1092 1840 1169 1873 For-

276 1887 375 1924 tunio
398 1886 625 1926 Tubursicensi
651 1887 907 1923 Donatistarum
926 1889 1111 1933 Episcopo,
1136 1888 1171 1923 &

275 1936 331 1973 sua
344 1934 495 1975 adversus
516 1938 611 1973 illurn
623 1938 846 1982 disputatione
872 1938 984 1976 scribit
1010 1938 1050 1973 ad
1074 1939 1168 1982 quos-

275 1984 352 2022 dam
366 1987 511 2030 ejusdem
536 1987 687 2023 factionis
703 1988 880 2032 Episcopus
904 1988 1038 2023 Sanctus
1052 1988 1168 2033 Augu·

276 2037 402 2072 stinus:
431 2042 591 2071 Narravit
604 2042 770 2072 Fortuntus
781 2043 874 2072 etlam
900 2044 934 2071 in
948 2037 1016 2081 ipsa
1026 2037 1172 2081 fibisma·

278 2092 320 2122 tis
332 2092 469 2122 novitate
482 2091 615 2128 Major-es
620 2086 690 2130 suos
701 2114 711 2129 ,
723 2091 787 2122 cum
798 2095 962 2136 cogitarent
973 2089 1091 2130 culpam
1102 2092 1170 2121 Cae·

279 2140 403 2177 ciliani,
429 2148 466 2171 ne
479 2136 609 2181 schisma
624 2138 710 2179 fieret
721 2164 732 2179 ‚
758 2141 954 2181 quoquomodo
965 2139 1039 2172 velle
1046 2136 1146 2181 fhpire
1159 2162 1170 2178 ,

277 2187 388 2230 dediffe
400 2189 551 2230 quendam
562 2192 800 2222 Interventorem
805 2189 913 2230 populo
920 2187 984 2231 suae
999 2193 1168 2223 communio-

271 2244 329 2279 ‘nis
340 2240 424 2283 apud
434 2237 651 2282 Carthaginem
664 2238 816 2281 constituto
825 2261 835 2278 ‚
862 2245 1024 2281 antequam
1046 2240 1169 2279 Major!-

281 2300 337 2323 nus
363 2289 513 2321 adversus
542 2289 737 2322 Caecilianum
763 2291 956 2322 ordinaretur
982 2286 1148 2331 Episcopus
1160 2313 1168 2322 .

282 2345 370 2374 Hunc
383 2341 449 2382 ergo
461 2343 694 2371 Interventorem
706 2345 739 2371 in
745 2337 798 2381 suo
809 2339 1020 2373 conventiculo
1033 2341 1052 2371 ἁ
1065 2338 1168 2379 nostris

281 2388 398 2422 dicebat
423 2386 542 2431 occisum
572 2413 579 2420 .
608 2386 753 2422 Volebat
779 2389 928 2423 adversus
955 2389 1168 2424 Caecilianum

281 2450 351 2473 non
374 2438 495 2473 temere
507 2438 709 2482 processum,
735 2450 796 2473 nec
810 2439 916 2473 statim
939 2439 1035 2473 fuisse
1060 2437 1168 2482 degra-

280 2489 398 2523 datum
413 2513 423 2528 ,
451 2489 503 2521 sed
532 2488 615 2531 prius
630 2489 814 2531 suspensum
834 2488 875 2522 ab
887 2488 1074 2532 Episcopali
1100 2488 1170 2522 offi-

280 2541 338 2573 cio
350 2563 360 2579 ‚
388 2539 422 2573 δε
433 2538 507 2572 Sedi
531 2538 662 2573 interim
677 2539 788 2573 datum
802 2539 1015 2573 Visitatorem
1043 2539 1096 2572 seu
1109 2538 1169 2573 Re-

282 2591 407 2622 {iorem
423 2587 594 2622 Vicarium
606 2614 614 2628 ‚
644 2600 742 2633 quem
762 2589 918 2623 Africana
935 2589 1077 2623 Ecclesia
1105 2588 1170 2632 pas-

284 2639 342 2672 sim
369 2638 498 2673 vocavit
524 2638 783 2673 interventorem
823 2641 877 2676 seu
903 2639 1145 2673 intercessorem
1162 2663 1169 2669 .

286 2689 380 2722 Hinc
394 2689 551 2723 habemus
563 2688 595 2722 in
610 2690 725 2732 quinta
740 2688 989 2734 Carthaginensi
1007 2687 1143 2732 synodo
1156 2701 1167 2722 :

290 2739 380 2770 Nulli
405 2739 581 2782 Interceffori
605 2739 720 2773 licitum
732 2739 772 2781 fit
787 2739 996 2779 Catbedram‚
1021 2742 1171 2772 curmer-

286 2789 372 2831 ceffor
383 2788 471 2820 datus
483 2788 521 2829 est
537 2812 547 2827 ‚
575 2789 752 2830 quibuslibet
773 2791 945 2831 populorum
962 2790 1071 2831 studiis
1084 2813 1095 2829 ,
1122 2789 1172 2822 vel

285 2836 476 2882 [editionibus
488 2844 613 2871 retinere
627 2862 638 2877 ‚
663 2838 719 2882 sed
728 2841 803 2873 dare
815 2849 933 2882 operam
942 2866 952 2880 ,
979 2849 1012 2872 ut
1023 2846 1106 2872 intra
1119 2851 1174 2871 an-

288 2899 361 2922 num
371 2889 465 2921 eidem
479 2886 656 2930 Episcopum
676 2891 857 2930 provideat.
886 2891 979 2934 ,Quod
997 2887 1023 2931 fi
1042 2890 1172 2934 neglexe-

290 2943 354 2979 rit,
381 2942 572 2972 Intervenror
584 2940 662 2971 alius
677 2939 844 2974 tribuatur.
874 2941 917 2974 Et
928 2940 1031 2974 Felici
1055 2939 1173 2974 Vilice-

291 2988 395 3022 nensis
408 2985 592 3033 Catholicae⁴
603 2988 746 3022 Ecclefiae
760 2989 923 3032 Episcopo
936 2990 1078 3029 dicenti,
1092 2992 1174 3022 Prae·

252 3033 273 3053 ¹‘
291 3038 335 3079 sto
340 3036 409 3081 sum
420 3063 431 3079 ‚
458 3035 637 3080 Episcopum
656 3048 761 3075 contra
782 3051 829 3073 me
842 3051 897 3072 non
909 3039 1002 3074 babeo
1012 3063 1023 3080 ‚
1048 3040 1083 3073 in
1097 3038 1174 3073 Car·

293 3087 473 3133 thaginensi
500 3088 692 3122 Collatione
717 3089 857 3132 reposuit
886 3089 1001 3124 Victor
1028 3087 1175 3123 Tabore-

294 3139 397 3171 nensis
412 3138 660 3172 Donatistarum
674 3138 872 3182 Episcopus:
901 3142 1041 3174 Proxime*
1050 3139 1151 3179 receffit
1162 3162 1173 3179 ,

294 3199 344 3230 ego
357 3187 411 3221 tibi
423 3194 590 3222 intervenio
607 3190 625 3220 .’
644 3188 686 3222 Et
700 3189 734 3222 in
747 3188 997 3234 Carthaginensi
1012 3189 1173 3225 Bonifacii

295 3237 542 3281 Archiepiscopi
570 3238 707 3282 synodo
732 3238 847 3273 Petrus
875 3239 987 3274 Abbas
1012 3240 1175 3274 adseverat

297 3287 392 3320 suum
420 3287 659 3322 monasterium
689 3301 748 3324 nec
761 3290 876 3324 vicinis
893 3290 1062 3334 Episcopis
1078 3314 1089 3330 ,
1114 3300 1174 3323 nec

297 3337 451 3380 proximae
463 3336 832 3374 Ecclesiaelnterventori
845 3351 998 3384 umquam
1011 3339 1175 3379 subsume,

164 3385 348 3443 ,rom‘ffised
363 3386 482 3429 semper
508 3387 671 3429 respexisse
681 3390 720 3424 ad
736 3391 912 3424 Ecclesiam
941 3389 1177 3434 Carthaginen-

299 3437 384 3475 sem.
411 3434 548 3477 Exstant
571 3434 638 3472 haec
665 3440 847 3485 fragmenta
872 3440 958 3485 apud
971 3441 1096 3476 Lucam
1111 3440 1176 3475 Da-

1231 1384 1400 1422 cherium.
1427 1386 1466 1420 In
1494 1385 1579 1421 libro
1607 1394 1719 1421 tamen
1746 1386 1789 1422 de
1801 1386 1987 1422 pastoribus
2012 1386 2126 1423 scribit

1231 1435 1607 1482 SanstusAugustinus:
1634 1439 1699 1481 ,ραι
1720 1437 1738 1471 a
1769 1437 1924 1473 Secundo
1935 1436 2127 1483 Tigisitano

1232 1487 1399 1531 Episcopo
1410 1499 1448 1522 ac
1460 1486 1628 1521 Numidiae
1643 1497 1723 1521 tunc
1735 1486 1881 1522 Primate
1892 1488 1964 1530 miffl
1976 1486 2048 1532 fiant
2059 1489 2126 1522 Cle·
2144 1498 2269 1537 cum„

1230 1542 1285 1570 rici
1298 1562 1309 1578 ,
1335 1547 1425 1571 extra
1437 1546 1690 1580 congregaverunt
1702 1536 1741 1570 ab
1753 1535 1880 1579 Ecclefia
1890 1562 1902 1578 ,
1927 1538 1972 1571 ad
1994 1540 2123 1573 clericos

1230 1586 1431 1631 Carthaginis
1458 1588 1595 1621 accedere
1618 1589 1775 1622 noluerunt
1788 1612 1799 1629 ,
1824 1587 2008 1630 Vifitaetorem
2021 1586 2123 1632 posue·

1231 1646 1305 1671 runt
1316 1662 1327 1678 ,
1354 1639 1374 1670 ἃ
1401 1637 1519 1671 Lucilla
1529 1643 1639 1679 recepti
1649 1636 1724 1681 sunt
1738 1662 1746 1670 .
1774 1638 1857 1683 Agit
1868 1638 1908 1672 de
1918 1638 2122 1673 Donatistici

1231 1686 1414 1720 schismatis
1440 1686 1577 1721 exordio
1588 1711 1600 1728 ‚
1625 1686 1660 1720 δε
1684 1687 1720 1721 in
1733 1688 1870 1732 suspensi
1882 1687 2052 1723 Caeciliani
2079 1687 2124 1723 se

1230 1737 1306 1771 dem
1319 1737 1447 1770 intruso
1461 1736 1707 1772 Interventore:
1735 1737 1842 1782 Ipsum
1867 1738 2038 1772 ordinario
2065 1749 2123 1772 vo-

1229 1786 1350 1821 cabulo
1373 1786 1485 1820 titulat
1508 1786 1719 1821 Vifitatoretn
1731 1812 1738 1820 .
1765 1788 1932 1836 roirca
1957 1787 2027 1822 haec
2053 1787 2127 1836 ejus·

1230 1836 1272 1871 ad
1289 1837 1380 1881 supra
1406 1836 1578 1871 addustam
1605 1837 1758 1872 Fortunii
1771 1837 2019 1872 Tuburficenfis
2044 1838 2124 1882 Epi·

1229 1888 1318 1931 scopi
1333 1886 1530 1921 relationem
1541 1886 1636 1922 verba
1648 1911 1659 1927 ‚
1686 1888 1782 1930 ,Quod
1791 1912 1802 1927 ‚
1815 1887 1939 1929 fateor,
1954 1899 2120 1931 numquam

1229 1945 1319 1970 antea
1329 1938 1457 1979 prorsus
1468 1937 1623 1972 audieram
1635 1960 1646 1976 ‚
1674 1948 1743 1969 non
1766 1937 1807 1972 de
1823 1938 1950 1974 intruso
1962 1938 2120 1977 Vifitato-

1229 1998 1264 2020 re
1274 1986 1465 2030 accipienda
1476 1987 1552 2021 sunt
1564 2011 1576 2027 ,
1603 1985 1654 2020 sed
1669 1986 1710 2020 de
1723 1987 1791 2021 sola
1811 1987 1880 2030 ejus
1902 1998 1957 2031 per
1970 1985 2121 2022 Catholi-

1230 2046 1286 2070 σος
1300 2046 1423 2080 patrata
1435 2036 1525 2071 coede
1539 2060 1547 2068 .
1575 2035 1758 2070 Donatistae
1767 2037 1885 2071 eodem
1896 2037 1998 2072 modo
2007 2039 2117 2072 tracta-

1235 2097 1311 2120 runt
1324 2087 1478 2121 Sanstum
1490 2085 1707 2129 Sylvestrum,
1717 2096 1772 2120 aut
1784 2086 1895 2121 nescio
1905 2087 2120 2134 quemalium

1231 2135 1432 2170 Pontificem
1449 2160 1456 2167 .
1479 2134 1615 2169 Etenim
1625 2136 1665 2170 de
1678 2136 1822 2170 Romam
1836 2147 1890 2180 per
1907 2137 1993 2181 ipsos
2020 2135 2120 2171 rniffis

1233 2186 1410 2230 Rupitanis
1438 2185 1473 2220 δε
1485 2184 1689 2220 clanculariis
1704 2186 1872 2230 Episcopis
1894 2186 2005 2221 scribit
2033 2188 2068 2221 in
2081 2186 2121 2221 li-

1232 2236 1291 2272 bro
1301 2235 1342 2269 de
1359 2236 1463 2270 unico
1487 2235 1655 2278 Baptismo
1682 2237 1814 2273 Saniius
1827 2235 2056 2279 Augustinus:
2082 2239 2121 2270 In

1230 2290 1367 2321 Romana
1379 2284 1505 2327 Ecclesia
1516 2296 1569 2321 nec
1577 2285 1731 2319 damnare·
1744 2297 1921 2328 quemquam
1941 2284 1996 2331 suo
2021 2287 2119 2329 quall-

1229 2346 1349 2378 cumque
1353 2336 1469 2376 judicio
1475 2343 1637 2377 potuerunt
1647 2360 1657 2375 ‚
1685 2345 1736 2369 nec
1747 2335 1878 2378 aliquem
1882 2333 2004 2377 suorum
2028 2337 2115 2370 velut

1231 2391 1262 2418 in
1273 2387 1364 2419 locum
1369 2383 1526 2428 surrogare
1537 2386 1698 2426 damnati,
1723 2394 1829 2418 contra
1838 2396 1926 2427 quem
1942 2386 2118 2426 pauciffi'mls

1234 2434 1316 2476 Afris
1325 2440 1427 2477 partis
1436 2433 1498 2478 suae
1504 2437 1604 2477 prim&
1615 2439 1837 2471 Interventores
1851 2436 2039 2469 adventitios
2045 2435 2120 2478 fur-

1231 2492 1287 2518 tim
1312 2486 1450 2529 longique
1475 2485 1636 2518 mittebant
1659 2509 1670 2526 ,
1696 2486 1786 2518 donec
1809 2486 1937 2527 deceptae
1959 2486 2120 2528 plebecula

1231 2533 1315 2578 quast
1331 2540 1468 2576 proprios
1493 2532 1655 2577 Epifiopos
1681 2536 1857 2568 ordinarent
1881 2560 1888 2567 .
1915 2535 2118 2579 Sylvestrum

1231 2583 1431 2619 clandestine
1442 2584 1581 2628 primum
1595 2585 1828 2628 suspenderunt
1840 2609 1852 2625 ,
1877 2585 1912 2619 &
1937 2593 2050 2619 eontra
2072 2584 2119 2628 ip-

1234 2636 1303 2669 sum
1315 2635 1474 2668 miserunt
1484 2633 1721 2669 clandestinum
1733 2647 1771 2669 ac
1783 2635 1940 2669 furtivum
1953 2635 2117 2669 Interven-

1233 2694 1337 2720 torem
1349 2696 1360 2727 ;
1387 2684 1508 2719 exinde
1519 2686 1618 2719 etiam
1644 2685 1846 2720 clandestine
1869 2685 1903 2718 δε
1925 2682 2119 2729 imaginarie

1233 2733 1450 2780 degradarunt
1462 2758 1473 2775 ,
1498 2735 1531 2768 δε
1544 2745 1623 2769 tunc
1635 2735 1689 2779 ipsi
1703 2736 1794 2769 suum
1808 2734 1842 2767 in
1855 2735 1965 2768 nescio
1992 2745 2054 2778 qua
2066 2745 2120 2768 ru·

1235 2797 1274 2829 pe
1286 2785 1469 2819 latitantem
1482 2784 1730 2819 Tenebrionem
1757 2785 1792 2818 ὅ(
1802 2783 2058 2828 Catepiscopum
2070 2785 2119 2818 su·

1235 2836 1488 2880 perintruserunt
1499 2860 1506 2867 .
1534 2835 1639 2882 Qod
1653 2846 1686 2868 re
1697 2835 1763 2877 ipsa
1778 2845 1844 2868 non
1857 2844 2028 2877 poterant,
2038 2836 2120 2868 ima·

1235 2884 1362 2931 ginarie
1372 2894 1573 2918 attentarunt
1585 2909 1593 2917 .
1622 2884 1727 2918 Hunc
1740 2884 1889 2918 visitandi
1904 2894 2028 2918 morem
2047 2894 2119 2919 om-

1236 2934 1317 2970 nino
1328 2934 1456 2979 respicit
1467 2934 1504 2969 in
1515 2934 1631 2969 litteris
1641 2935 1682 2969 ad
1693 2934 1843 2968 Sanctum
1857 2932 1981 2977 Papam
1993 2933 2119 2969 Corne-

1235 2986 1318 3019 lium
1330 2987 1430 3020 etiam
1442 2985 1575 3018 Sanctus
1585 2983 1771 3027 Cyprianus
1785 3009 1792 3017 .
1819 2983 1943 3017 Nescio
1964 2984 2055 3028 cujus
2078 2984 2118 3018 in

1237 3037 1348 3070 Africa
1368 3035 1510 3070 civitatis
1523 3035 1721 3079 Episcopum
1737 3034 1908 3068 Novatum
1932 3035 2059 3069 accusat
2076 3032 2119 3068 de

1236 3085 1347 3121 multis
1359 3111 1369 3126 ‚
1394 3086 1463 3129 ejus
1471 3095 1547 3119 cum
1559 3085 1705 3128 quinque
1719 3084 1783 3118 suis
1796 3082 1970 3118 rebellibus
1984 3084 2119 3126 Presby-

1236 3137 1309 3170 teris
1319 3135 1643 3178 faffionesexponic,
1671 3146 1710 3167 ac
1721 3135 1944 3178 prosequitur:
1971 3135 2054 3168 Idem
2078 3132 2117 3174 est
2137 3116 2239 3154 59⁸⁴*

1236 3191 1271 3219 N
1272 3195 1381 3220 ovatus
1391 3211 1402 3227 ,
1427 3190 1479 3228 qui
1489 3185 1575 3227 apud
1585 3196 1638 3218 nos
1645 3190 1779 3226 primum
1791 3182 1945 3227 discordiae
1971 3185 2006 3217 ὁ*
2021 3180 2118 3226 schis-

1236 3242 1327 3269 mans
1339 3236 1505 3270 incendium
1510 3232 1677 3277 seminavit
1688 3259 1700 3276 ‚
1725 3241 1775 3278 qui
1786 3235 1928 3277 quosdam
1937 3233 1997 3273 istic
2005 3243 2044 3265 ex
2050 3231 2119 3272 fra-

1236 3286 1332 3319 tribus
1342 3286 1383 3320 ab
1394 3283 1537 3328 Epifiopo
1541 3283 1729 3330 segregavit.
1755 3283 1822 3328 Ipse
1847 3284 1884 3325 est
1909 3288 1962 3325 qut
1984 3282 2117 3322 Felicff-

1237 3348 1338 3376 mum,
1365 3336 1527 3369 satellitem
1532 3333 1639 3377 suum,
1666 3337 1851 3374 Diaconum,
1876 3343 1927 3366 nec
1943 3337 2120 3373 permitten-

1238 3395 1266 3418 te
1276 3398 1321 3419 me
1346 3397 1399 3419 nec
1404 3383 1516 3428 sciente
1527 3409 1538 3426 ,
1559 3384 1755 3428 suafac‘ltone
1781 3385 1816 3418 Θ·
1835 3383 1994 3416 ambitione
2019 3382 2121 3422 consti·

1239 3442 1318 3471 tuit.
1346 3435 1509 3483 Qinque
1531 3434 1581 3469 illi
1606 3434 1788 3478 Presbyteri
1812 3431 2027 3469 adfirmabant
2050 3431 2119 3474 Cyn

1919 3491 2068 3529 pilanum

2138 2259 2265 2299 Cap-¹6.
