2372 3756
400 134 498 183 114

324 207 503 252 Episcopi,
530 212 601 238 non
622 200 642 237 a
661 201 794 238 Praeside
817 202 972 245 Cyrillo,
999 201 1053 237 sed
1077 201 1095 236 a
1117 201 1205 245 Papa

323 257 503 294 Caelestino
523 253 728 300 postularunt
748 254 880 288 veniam
902 279 914 295 ,
940 254 974 288 δι
995 251 1146 288 adversus
1169 250 1203 284 il-

324 308 408 349 lius,
436 316 544 350 preces
554 304 629 339 istas
639 305 680 339 de
691 303 907 349 subreptionis
929 303 1075 347 periculo
1097 300 1204 335 tradu-

322 358 430 394 centis
451 381 463 398 ‚
490 355 751 406 intercessionem
786 354 930 388 omnino
968 353 1202 396 impetrarunt.

322 407 461 443 Cunstis
482 407 562 441 item
587 405 672 449 apud
695 404 888 439 Ariminum
911 404 1005 446 lapsis
1028 402 1200 447 Episcopis

321 458 418 494 sedes
430 456 626 501 Apostolica
636 454 729 489 dedit
750 455 881 489 veniam
895 478 902 485 .
930 453 1042 488 Etiam
1065 452 1202 487 Basilius

321 509 355 542 &
366 509 510 552 Joannes
520 504 707 548 Presbyteri
719 503 1085 547 Constantinopolitani
1096 524 1107 541 ‚
1133 502 1202 545 quo

319 557 362 593 ab
390 556 608 602 Eutychianae
626 554 766 599 perfidiae
785 555 914 588 macula
941 564 998 588 aut
1020 552 1201 596 suspicione

318 608 541 648 solverentur,
567 606 766 641 accesserunt
788 606 943 639 Sanctum
966 605 1114 640 Leonem
1129 625 1139 641 ,
1165 603 1200 636 &

146 671 197 710 Ep,
233 674 282 709 48·
315 670 394 694 cum
406 655 623 693 absolutionis
635 655 752 690 litteris
764 656 895 691 fuerunt
907 653 1025 690 remissi
1047 651 1087 687 ad
1112 653 1201 686 Ana·

134 1249 185 1287 ΕΡ·
207 1257 256 1285 47·

126 1593 214 1634 Epist.
237 1605 260 1633 5.

124 1902 209 1945 Eplst.
234 1917 260 1943 9.

126 2555 176 2595 Ep.
208 2565 253 2593 23.

313 710 434 745 tolium
446 704 669 742 Patriarcham
680 730 688 739 .

364 758 511 792 Plurima
534 758 610 791 sunt
631 755 820 800 hujusmodi
840 752 1063 798 antiquissima
1087 763 1198 787 exem-

709 117 750 164 S.
791 116 1110 166 Gaessoun
1146 131 1381 163 SEPTIMI
1417 118 1777 167 P0Nt11=1cts

1268 201 1346 235 das.
1375 199 1419 233 Et
1433 198 1497 234 hoc
1521 201 1673 242 admisit,
1698 201 1840 248 ideoque
1865 204 1952 252 Regi
1974 218 2044 243 non
2064 208 2148 253 juffa

1269 251 1354 284 misit
1370 250 1528 285 Pontifex
1540 275 1551 291 ,
1577 252 1630 286 sed
1642 263 1750 296 preces
1765 278 1772 286 .
1800 254 1940 299 Regiam
1963 259 2051 294 enim
2075 260 2149 295 Ma-

1266 300 1413 344 jestatem
1428 300 1736 338 Balduinuslaeserat
1749 327 1761 344 ,
1786 303 1927 349 ideoque
1938 306 2006 341 fine
2016 308 2084 352 ejus
2104 310 2150 345 sa·

1268 350 1451 386 tisfastione
1463 363 1530 385 non
1543 363 1611 386 erat
1622 351 1839 390 absolvendus
1849 381 1856 388 .
1885 356 1929 390 Et
1941 356 2074 400 quidem
2085 359 2147 395 Pa-

1267 401 1394 445 palibus
1415 402 1562 450 precibus
1580 402 1655 438 Rex
1674 404 1816 439 omnino
1836 405 1954 442 detulit
1976 420 1988 440 .-
2014 407 2146 444 Baldui-

1267 462 1348 486 num
1363 452 1491 487 admisit
1504 454 1538 487 in
1550 465 1708 498 generum
1719 480 1730 496 ,
1756 455 1918 501 legitimas
1942 468 1981 492 ac
2007 457 2147 503 Regales

1266 501 1295 535 ei
1308 502 1484 537 celebravit
1493 505 1625 547 nuptias
1636 529 1647 546 ‚
1657 517 1695 540 ac
1707 506 1762 548 ipsi
1775 507 1810 540 in
1822 505 1936 541 dotem
1946 507 2039 543 dedit
2050 510 2078 543 F
2080 508 2149 544 lan·

1265 552 1371 586 driam
1392 577 1404 594 ,
1439 554 1578 588 ereetam
1603 556 1639 589 in
1662 555 1900 591 nobilissimum
1919 556 2125 594 Comitatum
2136 584 2145 593 .

1264 602 1349 649 Qae
1358 602 1471 637 omnia
1483 603 1611 648 plenius
1623 604 1723 641 habes
1734 608 1768 641 in
1781 607 1919 649 litteris,
1931 608 2048 653 quibus
2059 609 2147 645 Pon·

1247 634 1251 696 Ι
1264 653 1387 687 tificem
1401 653 1442 688 ab
1454 653 1515 688 hac
1525 655 1562 689 in
1574 654 1775 692 Balduinum
1786 659 1891 703 gratia
1911 658 2071 694 deducere
2090 671 2146 696 co·

1263 712 1359 738 natus
1367 703 1412 738 est
1424 704 1625 740 Hincmarus
1635 706 1854 752 Metropolita
1875 708 2047 744 Remensis
2058 734 2066 741 .

1312 754 1459 798 Diversa:
1469 757 1602 798 undique
1606 766 1713 801 gentes
1729 765 1864 801 propriis
1880 757 2040 802 sceleribus
2067 762 2143 802 Apo-

313 809 368 853 pla
389 832 401 849 ,
426 818 567 852 quorum
589 808 684 842 causa
706 806 870 842 Nicolaus
891 805 1015 848 primus
1037 801 1196 838 Pontifex
1259 801 1639 848 stoltcaliminaexpetere,
1665 808 1803 852 affirmat
1828 810 1864 843 in
1886 809 2008 844 laudati
2025 808 2143 845 Ponti-

313 860 350 895 in
364 859 501 898 litteris,
525 855 644 901 quibus
655 856 815 892 Romanae
838 854 990 889 Ecclefiae
1013 852 1196 888 Primatum
1261 853 1332 889 ficis
1342 855 1406 891 vita
1416 855 1517 890 etiam
1539 855 1727 894 Anastasius
1748 859 1936 894 Cardinalis
1958 859 2141 895 Bibliothe-

312 909 515 944 demonstrat
536 931 548 948 ,
574 906 696 950 scripsit
722 906 763 941 ad
787 904 949 940 Photium
973 903 1194 938 Pseudo-Pa-

1259 904 1364 939 carius
1374 930 1382 938 .
1411 905 1455 940 Et
1467 905 1501 941 in
1514 905 1630 942 litteris
1640 907 1792 943 adversus
1803 910 2024 945 Hincrnarum
2037 922 2140 954 nepo-

311 958 489 993 triarcham
527 955 941 1000 Constantinopolitannm
963 967 971 987 :
1009 953 1192 995 Universitas
1259 964 1325 989 tem
1348 955 1603 991 Laudunensem
1626 957 1831 1003 Episcopum
1859 960 1972 995 scribit
1993 960 2140 1004 praefatus
2157 985 2174 1013 5

310 1010 495 1042 credentium
518 1007 559 1039 ab
584 1006 640 1039 hac
660 1006 773 1040 Sanc'la
791 1009 929 1040 Romana
950 1003 1078 1047 Ecclefia
1096 1010 1192 1038 crimi-

1256 1003 1474 1050 Metropolita
1486 1006 1706 1042 Hincmarus:
1733 1010 1874 1050 Nostrum
1886 1011 2056 1053 judtcium,
2078 1019 2137 1053 per
2153 1008 2174 1055 ς’

311 1069 382 1091 num
397 1056 572 1101 solutionem
594 1065 719 1091 exorat.
748 1057 888 1091 Exstant
901 1055 1062 1090 litteraein
1076 1056 1191 1097 quinta
1255 1057 1385 1101 Regulus
1407 1055 1596 1099 exsecutum,
1622 1058 1714 1092 Sedes
1732 1059 1889 1101 apostolica
1913 1072 1972 1094 non
1983 1062 2110 1106 caffavit
2125 1085 2137 1102 ,

309 1108 439 1142 afflone
449 1110 568 1143 ostavae
577 1106 729 1150 Synodi?
756 1106 975 1141 Etinlitteris
984 1105 1025 1140 ad
1049 1105 1190 1140 Gallica·
1250 1103 1310 1148 sed
1328 1105 1499 1147 Rotbaldo,
1521 1112 1575 1149 qut
1593 1109 1639 1141 ad
1656 1119 1722 1142 eam
1733 1108 1809 1151 fecit
1817 1109 2133 1155 confugiumybumi.

308 1158 581 1202 nosEpiscopos,
604 1156 835 1201 quikothaldi
856 1156 1084 1192 Sueffionensis
1115 1156 1190 1200 Epi·

1253 1155 1323 1189 liter
1338 1154 1474 1199 poscenti
1489 1155 1594 1200 solatii
1615 1157 1830 1203 benignitatem
1841 1163 2008 1203 impendit.
2036 1161 2140 1196 Affir-

306 1209 397 1252 scopi
411 1209 649 1252 reparationem
673 1207 914 1253 impugnabant
928 1232 939 1247 ,
967 1206 1078 1241 scribit
1101 1205 1188 1241 idem
1256 1215 1324 1240 mat
1345 1206 1554 1243 Rothaldum
1576 1218 1646 1242 non
1666 1209 1831 1244 ordinaria
1855 1211 2137 1255 appellationisae

304 1257 479 1293 Pontifex:
507 1263 556 1292 An
569 1262 725 1292 Latmum
737 1261 772 1294 eb·
783 1260 953 1303 vulgarium
959 1258 1130 1300 populorum
1133 1259 1187 1297 ju-

304 1309 384 1342 dicia
395 1314 475 1342 inter
486 1311 605 1349 maJ‘ora
617 1314 733 1353 negotla
741 1314 858 1351 ponitis
870 1333 881 1350 ‚
907 1318 979 1350 quos
999 1308 1074 1348 pene
1095 1312 1184 1347 quoti·

304 1359 355 1391 die
364 1370 430 1392 cum
440 1358 545 1399 vestris
558 1360 593 1395 (¹2⁶
598 1357 658 1399 sine
670 1358 775 1400 vestris
788 1358 930 1401 Epistolis
941 1355 1138 1400 discutiendos
1151 1357 1185 1389 <ir

297 1410 478 1450 ‚iudicandos
498 1407 676 1452 suscipimus
687 1432 699 1448 ‚
725 1410 760 1445 (55
781 1407 920 1451 dtfiuffos
940 1408 992 1440 vel
1006 1407 1160 1448 judicatos
1174 1431 1185 1446 ‚

302 1460 355 1491 vel
362 1457 509 1501 absolutos
522 1459 702 1491 dimittimus
715 1459 728 1491 ?
755 1458 800 1491 Et
822 1458 857 1491 in
872 1456 986 1503 litteris
997 1457 1036 1490 ad
1050 1455 1184 1489 Rivola-

1251 1254 1380 1297 justitiae
1402 1281 1414 1297 ‚
1450 1256 1505 1291 sed
1525 1257 1670 1301 suprema
1689 1260 1801 1304 gratiae
1825 1271 1863 1295 ac
1884 1260 2135 1305 dispensationis

1254 1305 1304 1338 via
1314 1305 1409 1340 fuisse
1419 1316 1627 1349 reparaturus
1652 1309 1697 1342 Et
1718 1309 1880 1345 Romanae
1890 1310 2038 1346 Ecclefiae
2048 1310 2136 1346 hanc

1253 1356 1376 1398 semper
1385 1355 1578 1399 potestatem
1588 1356 1682 1390 fuisse
1692 1357 1889 1393 dernonssrat
1903 1362 2015 1395 multis
2025 1372 2136 1396 exem-

1252 1404 1311 1447 plis
1320 1429 1327 1437 .
1357 1405 1411 1439 Ex
1422 1404 1541 1447 quibus
1550 1405 1638 1440 lucet
1651 1406 1860 1444 Cardinalem
1871 1408 2041 1444 Cusanum
2065 1409 2138 1445 hal·

1251 1454 1405 1489 lucinari.
1434 1454 1478 1489 Et
1499 1455 1542 1490 ad
1565 1454 1822 1493 Cabilonensem
1846 1459 1931 1494 olim
1953 1460 2133 1505 synodum

301 1507 398 1542 drum
424 1507 625 1551 Episcopum
652 1520 660 1540 ε
687 1509 827 1549 Undique
849 1511 1002 1541 venientes
1022 1507 1184 1538 admodum
1248 1505 1405 1549 rescripsit
1424 1504 1565 1540 Carolus
1585 1505 1754 1552 Magnus:
1780 1512 1818 1541 Ia
1839 1516 2014 1543 mensorium
2040 1512 2134 1545 Beati

295 1558 425 1599 plurimi
434 1556 555 1601 ficorum
559 1557 734 1600 facinorum
747 1558 918 1599 proditores
929 1581 940 1597 ,
966 1557 1112 1598 quantum
1132 1556 1181 1588 do-

299 1609 368 1641 loris
379 1607 514 1649 inferant
519 1608 632 1650 pet‘lort
654 1606 764 1647 nostro,
786 1608 858 1649 plus
870 1606 1000 1651 singultu
1023 1605 1179 1648 reminisbi·

298 1668 385 1699 mur,
406 1659 499 1700 quam
521 1657 635 1690 calamo
652 1655 744 1700 scribi
765 1664 857 1700 queat
876 1682 884 1689 .
913 1657 981 1692 Eos
1003 1657 1090 1690 inter
1116 1657 1180 1689 effe

295 1707 379 1742 dicit
411 1707 611 1743 Wimarum
646 1707 747 1741 trium
782 1707 928 1742 filiorum
954 1705 1178 1740 homicidam.

296 1756 411 1794 Etiam
422 1756 456 1789 in
479 1757 598 1792 litteris
623 1755 664 1791 ad
691 1757 851 1791 Carolum
872 1757 1015 1792 Calvum
1039 1756 1179 1790 Franco-

296 1817 370 1842 rum
392 1808 518 1851 Regem
540 1808 690 1852 praedicat
710 1807 872 1841 Romanae
895 1807 1044 1841 Ecclefiae
1054 1806 1179 1840 Prima-

296 1867 369 1892 tum
383 1882 395 1899 ,
420 1869 459 1892 ac
482 1859 612 1904 pergit:
636 1859 724 1892 Unde
747 1858 785 1890 ab
808 1856 870 1901 ipso
895 1856 1084 1898 institutionis
1111 1859 1178 1897 ejus

298 1910 422 1945 exordio
442 1910 486 1942 ad
503 1919 568 1942 eam
590 1919 691 1943 omnes
704 1933 715 1949 ,
740 1909 821 1942 velut
842 1908 885 1940 ad
900 1913 987 1950 pium
1009 1906 1178 1947 charifflmae

291 1964 448 2005 genitricIs
464 1964 633 2007 gremium,
658 1958 813 2002 confugere
836 1960 930 2002 dIgna
951 1959 1104 1991 devotione
1109 1966 1177 2000 pro-

295 2019 423 2051 curant,
453 2008 546 2053 quise
558 2016 591 2042 tn
603 2010 704 2054 aliquo
711 2008 821 2053 flagitii
836 2007 942 2051 scelere
954 2010 1055 2049 jacere
1077 2016 1177 2052 cogno·

290 2058 381 2103 scunt
391 2084 402 2100 ‚
429 2069 465 2093 ut
473 2068 529 2102 per
537 2058 711 2103 spiritalem
717 2064 855 2103 gratiam
867 2082 877 2098 ,
904 2070 972 2101 quae
982 2060 1040 2092 rite
1049 2057 1177 2102 ignosimt

294 2110 516 2151 paenitentibus
530 2133 541 2149 ,
566 2112 587 2141 ἃ
604 2118 789 2150 peccatorum
812 2108 938 2142 nexibus
962 2106 1176 2150 absolvantur.

296 2158 382 2203 Agit
406 2170 465 2202 pro
489 2156 656 2192 Balduino
678 2158 796 2192 Ferreo
817 2181 827 2197 ‚
853 2157 910 2202 qui
932 2157 978 2191 ob
1005 2157 1116 2202 Regiae
1142 2158 1180 2192 fi-

295 2210 344 2242 1}ae
368 2207 508 2253 Judithae
536 2217 665 2252 raptum
685 2208 704 2241 a
725 2207 907 2242 Gallicanis
933 2208 1102 2252 Episcopis
1127 2219 1179 2242 ex-

295 2259 566 2294 communicatus
586 2258 732 2293 Romam
755 2259 950 2302 confugerat
969 2283 980 2299 ,
1019 2259 1054 2291 &
1079 2269 1176 2300 quem

294 2309 394 2343 Pater
418 2308 491 2343 Rex
513 2308 571 2341 sibi
593 2308 675 2341 tradi
699 2307 849 2350 poscebat
863 2323 874 2342 .·
902 2309 963 2343 Ait
986 2307 1176 2342 Romanam

295 2358 476 2396 Ecclesiam
497 2358 561 2392 effe
591 2358 772 2392 universale
793 2369 830 2391 ac
853 2368 1043 2402 perpetuum
1072 2359 1177 2401 poeni·

295 2410 408 2443 tentiae
433 2409 561 2452 asylum
584 2430 595 2447 ‚
628 2408 771 2452 ideoque
792 2408 861 2451 ejus
881 2409 949 2451 jure
975 2408 1174 2443 Balduinum

296 2470 366 2493 non
388 2458 475 2503 posse
495 2457 599 2493 tradi.
628 2458 671 2492 Et
692 2458 727 2492 in
749 2459 865 2492 litteris
884 2459 924 2493 ad
946 2459 1173 2502 Sylvanecten-

296 2511 335 2544 sis
355 2509 485 2553 synodi
513 2508 694 2552 Episcopos
717 2521 723 2541 z
759 2511 804 2542 Do
841 2510 992 2542 Balduino
1009 2532 1020 2548 ‚
1057 2510 1095 2542 de
1119 2519 1177 2550 quo

297 2561 393 2594 multa
408 2561 479 2600 jam
495 2557 668 2602 scripfistts,
689 2557 767 2601 sciat
789 2560 951 2592 Beatitudo
972 2558 1092 2599 vestra,
1121 2570 1173 2592 nos

298 2620 358 2644 non
372 2610 502 2653 Regulas
512 2608 714 2652 atquesanffa
727 2613 853 2643 Decreta
872 2611 948 2644 velle
968 2617 1151 2650 corrumpere
1166 2633 1177 2651 ,

294 2660 353 2704 sed
361 2666 432 2703 quia
442 2660 487 2692 ad
496 2660 602 2692 limina
614 2658 806 2701 Apostolorum
816 2665 941 2693 veniens
953 2659 973 2691 ἆ
983 2659 1067 2691 nobis
1074 2657 1107 2701 se
1123 2668 1173 2702 pe·

298 2716 349 2742 tiit
360 2711 526 2751 adjuvari,
551 2720 731 2752 quamquam
743 2711 904 2752 nossemus,
930 2709 1010 2752 quod
1025 2709 1111 2751 filius
1121 2715 1170 2742 tro-

293 2759 353 2802 ster
364 2757 635 2802 Carolusgloriosus
659 2763 726 2793 Rex
743 2759 833 2803 posset
843 2765 870 2793 ei
881 2783 892 2800 ,
906 2759 935 2799 fi
948 2760 1059 2799 vellet,
1086 2761 1120 2793 ὦ·
1136 2760 1171 2802 ft-

298 2811 373 2843 liam
393 2807 484 2851 suam
508 2813 541 2841 in
566 2820 688 2842 uxorem
711 2812 864 2843 dimittere
882 2834 893 2850 ‚
933 2811 968 2843 fir
987 2809 1173 2853 misericodia

293 2858 360 2905 J'uae
374 2864 511 2902 gratiam
532 2863 708 2901 impartiri,
728 2869 832 2893 tamen
857 2871 915 2892 non
927 2859 1008 2902 jussa
1018 2859 1145 2902 misimus
1161 2886 1172 2902 ,

291 2908 350 2955 sed
369 2918 471 2952 preces
497 2909 654 2943 obtulimus
677 2935 685 2943 .
723 2909 882 2943 Notanda
906 2910 1100 2952 quibusdam
1127 2911 1170 2944 vi-

296 2960 417 2994 dentur
440 2958 507 2992 haec
529 2959 648 2994 verba.-
676 2959 766 2993 Diffi
780 2959 930 3002 Episcopi
943 2959 1096 2994 videntur
1107 2962 1173 2995 sen-

296 3010 363 3044 sisse
386 3009 587 3044 Balduinum
608 3010 627 3043 a
647 3009 737 3052 Papa
747 3008 827 3043 citra
839 3009 1018 3044 Canonum
1031 3011 1174 3054 praevari-

298 3060 466 3094 tationem
489 3070 558 3093 non
586 3059 725 3103 potuisse
747 3059 893 3100 absolvi,
922 3060 1062 3103 ideoque
1086 3060 1172 3095 &ad

300 3109 457 3144 Canones
482 3111 685 3154 provocasie.
713 3108 762 3143 At
782 3119 906 3143 certum
927 3109 973 3143 est
995 3111 1061 3144 illis
1072 3110 1171 3145 alium

300 3158 391 3192 fuiffe
411 3161 544 3203 scopum
568 3185 576 3193 .
603 3160 692 3195 Inita
714 3159 780 3192 fine
805 3170 976 3202 parentum
997 3161 1173 3202 consensu,

302 3209 471 3250 praesertim
492 3210 510 3242 a
535 3210 740 3253 raptoribuS‚
769 3208 927 3254 conjugia
941 3212 1173 3245 eranrruncir-

301 3257 386 3296 rita,
414 3258 449 3291 ὃς
468 3268 578 3302 raptus
587 3269 654 3294 crat
667 3259 792 3294 crimen
813 3260 912 3294 mixti
934 3261 1017 3301 fori,
1044 3271 1111 3295 non
1128 3262 1175 3295 so-
1194 3296 1195 3300 ,

302 3306 373 3341 lum
383 3306 424 3340 ab
435 3307 576 3343 Ecclesia
588 3332 599 3348 ‚
624 3309 676 3344 sed
686 3309 814 3344 etiama
832 3311 994 3345 Francicae
1005 3311 1175 3354 Reipubli-

303 3367 348 3391 cae
360 3355 669 3400 Regulisduriffime
689 3360 905 3404 castigatum:
933 3361 1042 3396 Hasce
1064 3357 1176 3407 Regu-

302 3407 351 3442 las
362 3406 485 3441 instant
497 3406 650 3452 Episcopi
663 3410 697 3443 in
708 3410 876 3446 Balduino
889 3422 955 3446 non
964 3412 1031 3447 esse
1052 3412 1175 3449 violan-

1250 1557 1335 1588 Potri
1361 1555 1486 1599 Apostoli
1516 1555 1688 1590 banormum
1713 1557 1856 1592 Sandan»
1879 1560 1915 1593 ὁ·
1940 1558 2133 1601 Apostolum

1248 1605 1351 1638 sedem
1379 1630 1391 1647 ‚
1425 1614 1460 1639 ut
1480 1617 1550 1649 que
1575 1606 1660 1640 mbas
1678 1609 1878 1643 sacerdotalis
1898 1618 1998 1644 mater
2021 1610 2060 1651 est
2085 1613 2133 1644 db

1241 1659 1373 1698 gnitatis
1385 1678 1397 1694 ,
1421 1656 1473 1699 esse
1495 1656 1603 1690 debeat
1623 1658 1763 1701 magistra
1773 1658 1976 1700 Ecclessasttcae
1985 1666 2126 1694 rationis.

1247 1707 1353 1748 ,Quare
1366 1704 1528 1749 servanda
1550 1706 1589 1746 est
1609 1717 1673 1740 cum
1691 1707 1923 1751 mansuetudine
1932 1709 2130 1751 humanitas,

1247 1756 1282 1790 Θ
1303 1755 1369 1788 licet
1388 1761 1448 1789 vix
1461 1755 1626 1797 ferendum
1648 1757 1688 1790 ab
1710 1759 1763 1791 illa
1787 1760 1899 1794 sanda
1907 1761 1981 1793 sede
1996 1765 2130 1802 impona-

1245 1813 1296 1837 tur
1312 1806 1440 1849 jugum‚
1458 1806 1621 1849 feramus,
1647 1810 1682 1842 cb·
1698 1815 1757 1850 pia
1779 1811 1934 1844 devotione
1952 1811 2126 1845 toleremus.

1245 1857 1277 1887 si
1296 1859 1389 1895 vero,
1415 1857 1495 1899 quod
1506 1868 1565 1890 non
1575 1859 1674 1899 decet,
1703 1859 1824 1902 quilibet
1827 1860 1894 1902 five
1895 1860 1936 1901 fit
1949 1861 2103 1901 Presbyter
2114 1886 2127 1902 ,

1238 1903 1302 1946 five
1319 1909 1467 1940 Diaconos
1490 1931 1502 1947 ,
1528 1909 1661 1950 aliquam
1677 1909 1935 1951 perturbationem
1957 1910 2129 1944 machinan-

1244 1956 1300 1996 do,
1327 1958 1362 1990 Θ·
1385 1956 1478 1998 vestro
1502 1958 1660 1998 mimsterto
1685 1953 1852 2001 insidiando
1874 1986 1885 2002 ‚
1925 1962 2128 2006 redarguatur

1236 2005 1354 2050 falsam
1375 2007 1414 2040 ab
1433 2007 1593 2049 Apfiolica
1612 2010 1687 2043 Sede
1707 2011 1839 2054 detultffe
1862 2011 2050 2054 Eptflolam‚
2076 2011 2131 2045 ve!

1244 2058 1330 2090 aliud
1354 2058 1437 2099 quod
1455 2059 1529 2091 inde
1548 2070 1606 2091 non
1626 2067 1745 2094 venerit
1765 2085 1776 2101 ,
1797 2059 1892 2103 salva
1909 2061 1974 2102 fide
1996 2063 2032 2094 Θ
2048 2067 2132 2095 inte-

1237 2118 1298 2149 gra
1318 2112 1393 2140 circa
1420 2108 1608 2149 Apostolicum
1621 2108 1811 2151 bumilitate,
1832 2120 1927 2153 penes
1949 2109 2128 2154 Episcopum

1236 2154 1276 2198 fit
1290 2156 1421 2199 potestas
1434 2181 1443 2197 ,
1469 2158 1569 2190 utrum
1587 2169 1654 2192 eum
1672 2164 1705 2192 in
1725 2170 1870 2194 carcerem
1893 2170 1945 2194 aut
1975 2166 2008 2194 tn
2031 2163 2127 2195 aliam

1242 2207 1385 2240 detrudat
1404 2206 1582 2248 custodiam,
1608 2207 1756 2252 usquequo
1779 2218 1836 2250 per
1861 2210 2044 2252 Epssolam,
2069 2220 2127 2246 aut

1238 2265 1295 2298 per
1316 2258 1434 2289 idoneos
1454 2255 1519 2298 suae
1540 2263 1644 2298 partis
1671 2261 1804 2302 Legatos
1823 2283 1834 2299 ,
1868 2261 2056 2301 apostolicam
2079 2266 2126 2294 Μ-

1242 2308 1373 2349 ter-pellet
1399 2305 1616 2340 Sublinoitatem
1642 2330 1654 2347 ,
1688 2316 1722 2341 ut
1738 2309 1915 2351 potiffimftm
1930 2307 1990 2352 sua
2014 2308 2124 2352 sanda

1240 2359 1384 2400 legatione
1406 2357 1544 2400 dignetur
1566 2359 1742 2406 decernere?
1766 2359 1843 2399 quid
1861 2360 1898 2391 de
1926 2358 2039 2392 talibus
2043 2360 2124 2401 Just·

1241 2408 1340 2439 ordine
1362 2408 1414 2440 lex
1433 2410 1571 2440 Romana
1586 2407 1704 2447 statuat
1724 2408 1868 2449 definire,
1893 2410 1930 2443 Θ
1952 2418 1986 2441 ut
2013 2416 2043 2442 ts
2065 2420 2126 2442 cor-

1240 2462 1378 2500 rigatur,
1405 2458 1440 2491 ὢ·
1462 2463 1580 2490 caeteris
1603 2460 1709 2491 modus
1727 2464 1915 2501 imponatur.
1945 2458 2066 2493 Nimiae
2087 2460 2123 2494 in

1239 2507 1432 2541 criminosos
1454 2507 1660 2542 Poenitenres
1679 2509 1849 2544 facilitatis
1869 2509 2049 2552 suspicione
2060 2511 2125 2544 fre-

1239 2567 1373 2600 quenter
1397 2557 1554 2591 laboravit
1565 2556 1719 2594 Romana
1733 2559 1895 2594 Ecclesia:
1924 2559 2124 2594 Dolofisob-

1239 2608 1419 2651 repentium
1442 2606 1564 2642 artibus
1588 2608 1654 2643 visa
1680 2609 1726 2643 est
1751 2621 1819 2645 non
1845 2611 1919 2644 satis
1943 2609 2095 2644 obfistere
2111 2635 2121 2642 .

1240 2659 1334 2692 Hinc
1355 2659 1445 2692 enim
1472 2658 1657 2693 maculosos
1676 2659 1716 2693 de
1737 2658 1894 2694 Nestorio
1914 2659 2119 2703 Episcopos,

1239 2720 1305 2742 non
1330 2708 1444 2743 Romae
1465 2708 1614 2748 absolvi,
1642 2708 1696 2743 sed
1721 2708 1891 2753 Ephesinae
1909 2709 2050 2752 Synodo
2071 2720 2120 2744 re·

1236 2758 1345 2802 linqui
1368 2783 1379 2799 ‚
1406 2758 1491 2801 apud
1514 2760 1668 2793 Sanctum
1689 2758 1898 2794 Caelestinum
1923 2759 2118 2804 supplicavit

1234 2808 1334 2843 etiam
1355 2809 1488 2843 Sanetus
1499 2809 1663 2851 Cyrinus.
1692 2809 1817 2844 Eadem
1828 2810 1870 2844 de
1882 2811 1976 2843 causa
1986 2810 2116 2843 nullum

1235 2859 1446 2893 criminosum
1470 2883 1481 2898 ,
1506 2860 1560 2895 seu
1587 2860 1725 2894 Laicum
1754 2861 1807 2893 seu
1834 2860 2027 2899 Clericum,
2054 2859 2115 2893 nili

1237 2910 1324 2952 prius
1334 2920 1463 2953 peccata
1476 2910 1531 2943 sua
1559 2910 1761 2949 confessum,
1787 2909 1822 2944 &
1846 2909 1990 2952 injuncta
2014 2909 2116 2952 poeni-

1235 2961 1337 2994 tentia
1351 2960 1554 3002 perfunstum
1574 2983 1584 2999 ,
1612 2959 1718 2993 voluit
1741 2959 1886 2993 Romam
1911 2959 1956 2993 ire
1975 2958 2115 2999 secunda

1236 3009 1460 3043 Cabilonenfis
1470 3009 1622 3052 Synodus
1632 3033 1643 3048 ,
1669 3007 1818 3052 istudque
1831 3010 1923 3043 suum
1934 3010 2114 3045 Decretum

1237 3059 1437 3103 postulavita
1455 3059 1578 3093 Carolo
1599 3058 1691 3103 Rege
1711 3059 1851 3092 firmari.
1876 3058 1989 3093 Primo
2011 3060 2115 3095 confi-

1235 3110 1294 3143 teri
1316 3111 1349 3144 &
1362 3108 1551 3153 poenitentia
1567 3109 1717 3154 perfungi
1729 3109 1836 3143 sanxit
1848 3134 1858 3149 ,
1885 3110 1919 3143 δε
1931 3119 2011 3144 tunc
2023 3110 2111 3153 prius

1236 3171 1310 3193 cum
1333 3160 1467 3194 istorum
1485 3158 1759 3193 testimonialibus
1777 3159 1892 3193 litteris
1913 3159 2030 3194 abire&
2043 3161 2114 3195 Do·

1235 3211 1327 3246 mino
1348 3210 1434 3254 Papa
1458 3208 1694 3243 absolvendum
1717 3235 1725 3241 .
1767 3209 1914 3247 Publicis
1934 3211 2024 3244 enim
2051 3210 2114 3243 cri·

1228 3261 1381 3305 minibus
1403 3258 1645 3294 absolutionem
1678 3271 1746 3294 non
1771 3261 1830 3293 nifi
1854 3260 1924 3304 post
1952 3261 2111 3303 perastam

1238 3310 1464 3353 poenitentiam
1483 3309 1580 3343 dabat
1594 3320 1671 3343 tunc
1684 3310 1825 3344 Ecclesia
1837 3334 1848 3350 ,
1875 3310 2014 3352 ideoque
2025 3307 2112 3342 dicta

1230 3361 1389 3407 ¹Synodus
1410 3360 1549 3394 credidit
1571 3359 1632 3394 isto
1654 3361 1684 3394 se
1707 3361 1847 3394 Decrero
1861 3360 1894 3393 in
1909 3358 2112 3401 Apostolicae

1228 3411 1326 3469 f,Sedis
1348 3411 1528 3446 Primatum
1550 3420 1619 3445 non
1643 3410 1824 3455 impingere
1844 3434 1851 3441 .
1879 3407 2113 3443 Nihilominus

1995 3457 2062 3495 haec

2164 641 2212 678 ΕΡ·
2237 649 2286 675 ¹7.
