2372 3756
614 166 890 213 Qulnrum
927 153 1297 197 Contentum
1331 148 1664 198 ROMANUM.
1916 170 1974 217 71

212 238 306 284 firem
317 230 472 282 Anglorum
481 239 588 280 Regem
597 257 608 274 ,
636 237 671 269 Θ
682 233 825 268 Thomaem
846 232 1101 276 Cantauriensem
1154 231 1260 274 fallas
1272 234 1388 266 omnin&
1402 231 1543 276 cassamus
1554 254 1565 271 ‚
1592 233 1626 266 (Ὗ
1652 238 1755 268 irritas
1778 237 1829 279 effe
1839 237 2044 273 decernimus,

219 286 472 331 Arcbieptfiopum
489 284 602 326 emersit
613 310 624 326 ,
652 286 793 328 quaedam
800 293 903 326 prava
922 281 1102 330 consqetudo
1163 281 1277 317 Exstat
1292 281 1440 326 Epistola
1452 281 1493 315 ad
1517 281 1561 314 D.
1574 281 1783 318 Cardina1em
1804 287 1965 322 Caesarem
1987 289 2048 323 Ba.
2067 280 2092 310 Α
2110 283 2194 319 1169·

219 344 254 372 ln
264 337 472 381 illtspartibus
481 338 622 376 inolevit,
642 334 752 380 scilicet
762 336 845 377 quod
856 337 942 366 Latet·
955 330 1101 367 Ecclelias
1162 333 1294 366 ronium
1307 356 1315 364 .
1342 330 1416 366 Nec
1437 332 1563 366 mireris
1586 331 1679 365 istam
1693 333 1869 370 Laicorum
1889 337 2048 374 Patrono.

219 390 257 423 ό·
275 387 470 431 Ecclefiastica
479 387 616 429 beneficia
635 384 905 429 soleantpafflmin
919 386 1020 426 Regno
1043 388 1103 415 An·
1162 393 1233 416 rum
1247 383 1281 416 in
1295 381 1537 417 parochialium
1560 381 1778 418 Ecclesiarurn
1801 384 1949 422 Clericos
1975 389 2047 424 vio-

217 440 336 486 glorum
353 437 462 481 quibus
483 437 597 472 vellent
611 436 763 478 conferre,
787 434 823 467 ό·
845 432 1022 466 auc‘i'ort'tate
1043 432 1102 476 sua
1163 433 1298 469 lentiam
1318 455 1327 465 .
1364 433 1445 466 Hoc
1473 433 1544 476 ipso
1575 432 1666 466 enim
1688 442 1836 476 tempore
1868 436 2046 480 Imperator

221 490 351 523 clericos
370 486 522 528 investire.
548 488 633 520 Unde
651 489 788 528 quoniam
808 483 844 516 id
855 481 1027 526 sanderum
1042 486 1103 517 Pa·
1163 482 1350 517 Fredericus
1362 506 1372 522 ‚
1397 482 1576 517 Ostaviani
1599 481 1770 523 schismate
1782 482 1900 518 abusus
1912 508 1923 523 ‚
1948 489 2046 523 etiam

223 549 305 574 trum
333 537 563 578 Institutiontbus
581 537 654 570 adea
673 531 849 578 cognoscitur·
870 534 1067 567 contradicere
1093 558 1104 575 ‚
1165 533 1400 579 Episcoporum
1422 532 1647 568 investituram
1660 533 1860 568 resumebat:
1888 534 1985 573 Qin
2012 539 2046 572 ὃς

222 598 258 624 ut
269 590 355 622 dantt
382 590 416 623 (ν
426 590 579 630 accipienti
594 585 632 619 de
641 594 732 617 manu
752 586 847 617 Latca
858 582 900 625 fit
913 582 1082 617 Anatbema
1093 609 1104 624 ,
1163 583 1286 623 dictum
1298 583 1517 626 Anti-Papam
1530 583 1677 619 inaudita
1691 583 1830 618 audacia
1854 585 2048 628 praesumpfit

222 641 259 673 ὑ
279 638 382 672 hocin
405 634 606 679 Ecclqfiafiicae
630 634 781 669 libertatis
797 639 958 677 perniciem
984 645 1042 666 non
1068 633 1105 672 est
1163 634 1332 673 investire.
1359 634 1403 668 Et
1413 633 1548 668 Parrum
1562 633 1680 673 Canon
1695 658 1707 674 ,
1733 635 1789 676 qui
1815 634 1850 668 ἀ
1878 634 2050 669 investien-

221 689 349 724 dubium
370 693 506 734 graviter
527 684 718 725 redundare,
747 696 800 719 nos
825 681 983 726 universas
1009 685 1105 717 dona·
1163 694 1231 719 tem
1256 684 1487 719 &investitum
1506 683 1634 727 subjicit
1648 683 1887 727 Anathemati,
1914 685 2050 722 manife-

224 746 319 777 riones
331 741 353 772 ἆ
365 741 463 772 Laicis
474 736 512 770 de
523 733 654 777 Ecclqfiis
663 734 752 777 hujus
763 735 945 769 turbationis
973 741 1106 777 tempore
1164 734 1208 771 ste
1223 735 1268 769 est
1282 734 1337 770 hic
1346 735 1477 778 prar'ens
1502 734 1604 769 nostri
1616 735 1770 780 Gregorii
1786 759 1794 767 .

779 1026 1493 1075 CANONIV.

304 1176 327 1221 Ι
348 1172 462 1240 quis
497 1167 780 1230 Praebendas‚
816 1164 1234 1225 ArchidiaconatuS,
1270 1163 1571 1234 Praepofituras
1605 1199 1618 1225 ,
1663 1166 1737 1215 vel
1769 1167 1921 1234 aliqua
1953 1167 2049 1218 offi-

221 1171 306 1307 S
339 1243 408 1291 cia
441 1239 744 1300 Ecclefiastica
778 1235 1026 1288 vendiderit
1060 1273 1074 1298 ,
1109 1236 1179 1285 vel
1226 1235 1351 1284 aliter
1387 1233 1523 1303 quam
1555 1238 1730 1286 Statura
1764 1235 2049 1287 sanctorum..

220 1315 401 1362 Parrum
435 1313 691 1379 praecipiunt
737 1307 1003 1358 ordinaverit
1039 1342 1052 1366 ‚
1099 1305 1156 1354 ab
1190 1303 1335 1355 officio
1371 1303 1649 1374 suspendatur
1681 1341 1697 1355 .
1748 1310 1948 1370 Dignum
1986 1309 2048 1359 est

216 1384 336 1431 enim
371 1419 384 1443 ,
434 1398 484 1430 ut
516 1381 628 1430 sicut
662 1382 798 1442 gratis
834 1375 1144 1445 Episcopatum
1167 1378 1358 1444 accepit
1392 1412 1406 1438 ‚
1454 1378 1519 1426 ita
1570 1376 1767 1428 membra
1814 1376 2048 1447 ejusdem-⁴

215 1450 506 1519 Episcopatus
551 1452 686 1512 gratis
735 1446 962 1498 distribuat
981 1482 994 1494 .

403 1594 430 1639 S
468 1607 497 1638 c
534 1606 564 1638 H
599 1606 631 1637 0
667 1606 690 1636 L
725 1604 743 1636 1
778 1606 811 1637 0
846 1608 897 1639 N,
1160 1586 1385 1629 1esEcc1efiae,
1413 1588 1468 1622 seu
1481 1589 1602 1622 cuneta
1613 1586 1755 1631 ipsarum
1769 1589 1962 1635 temporales
1972 1591 2047 1635 pos-

1160 1639 1310 1672 sessiones
1337 1638 1370 1672 &
1391 1637 1481 1681 jura.
1508 1637 1635 1672 Eadem
1661 1638 1696 1671 &
1719 1637 1840 1673 Canon
1861 1641 1969 1675 noster
1989 1651 2046 1684 per

1159 1687 1352 1722 Praebendas
1378 1709 1390 1726 ,
1414 1686 1714 1722 Archidiaconatus
1737 1712 1749 1729 ,
1783 1688 2012 1734 Praepofituras
2033 1714 2045 1731 ,

303 1738 435 1776 Arionis
447 1741 575 1775 causam
585 1737 686 1773 habes
699 1738 733 1772 in
746 1737 899 1784 Gregorii
923 1736 1023 1772 nostri
1046 1738 1094 1772 lit·
1157 1738 1284 1782 aliaque
1310 1737 1529 1779 Ecclefiastica
1550 1738 1660 1772 officia
1683 1739 1861 1784 intelligit,
1895 1740 1931 1774 <Sc
1955 1748 2045 1775 vetat

329 1791 405 1826 teris
427 1790 469 1826 ad
494 1792 677 1835 Hugonem
687 1790 845 1823 Diensem
869 1788 1070 1832 Episcopum
1083 1812 1094 1828 ‚
1158 1788 1271 1824 vendi.
1297 1789 1421 1823 Denuo
1441 1788 1532 1823 enim
1544 1788 1680 1822 damnat
1700 1791 1895 1832 grassantem
1908 1800 1988 1826 tunc
2001 1800 2051 1824 ετ·

215 1838 450 1884 Apostolicum
470 1834 508 1875 in
517 1840 626 1874 Gallia
649 1837 813 1885 Legatum
825 1864 836 1880 ‚
861 1839 902 1873 de
914 1840 1008 1873 causa
1030 1839 1093 1872 Ge·
1157 1850 1263 1874 rorem
1274 1861 1287 1886 2
1311 1839 1369 1882 qui
1381 1838 1529 1873 officium
1541 1837 1766 1884 distinguebat
1778 1840 1797 1875 ὲ
1810 1839 1973 1875 beneficio
1983 1865 1995 1881 ,
2011 1840 2046 1876 &

87 1907 149 1939 Lib·
169 1918 197 1944 4·
213 1890 299 1925 rardi
313 1890 415 1925 Eiecti
438 1890 678 1926 Cameracenfis
692 1902 699 1922 :
727 1892 809 1924 Illud
825 1900 972 1923 commune
983 1890 1092 1922 malum
1157 1887 1260 1923 hocce
1269 1887 1410 1923 omnino
1422 1889 1508 1946 poife
1519 1888 1825 1946 vendi-asseverabat
1840 1903 1847 1924 :
1873 1891 1987 1938 Qem
2000 1900 2048 1925 et-

85 1950 137 1988 Ep.
153 1959 201 1979 22.
210 1941 288 1983 pen?
298 1945 389 1975 totius
401 1950 490 1975 terrae
500 1965 510 1981 ‚
535 1942 675 1975 videllcet
686 1942 768 1983 quod
777 1941 894 1973 Altaria
903 1940 1092 1979 venduntur,
1155 1939 1221 1973 iarn
1232 1950 1287 1983 per
1297 1939 1476 1974 Godefredr
1489 1938 1714 1984 Lotharingiae
1726 1941 1832 1976 Ducis
1842 1940 2046 1985 capellanos

83 2104 156 2134 Can,
175 2113 200 2134 1,
214 2090 292 2123 senii
315 2091 453 2133 synodo
473 2089 635 2126 Urbanus
656 2091 815 2124 secundus
841 2102 849 2121 :
885 2088 1018 2130 Ecclefiae
1043 2090 1095 2122 vel

213 1995 305 2024 ettam
326 1991 374 2032 iste
391 1996 423 2024 in
442 1989 491 2034 sut
504 1990 764 2024 Archtdtaconatus
775 1990 862 2032 officio
878 1988 912 2033 se
924 1989 1024 2033 fecffl'e
1036 2001 1092 2022 non
1156 1989 1384 2033 medicatum,
1410 1988 1494 2024 &ab
1504 1990 1722 2024 anterioribus
1733 1989 1955 2026 Pontificibus
1975 1990 2045 2035 jam

212 2041 359 2085 denegat.
386 2041 480 2089 Quid
492 2041 553 2074 fint
565 2040 715 2081 Altaria,
741 2040 879 2083 exponit
898 2040 935 2074 in
947 2039 1106 2083 Ner-naus
1155 2039 1263 2083 saepius
1283 2040 1478 2074 damnatum
1493 2064 1504 2079 ,
1531 2040 1676 2075 Ecclefia
1687 2038 1815 2075 dudum
1836 2051 1906 2076 nou
1927 2042 2046 2085 potuit

1153 2089 1314 2123 eradicare
1325 2114 1333 2122 .
1360 2089 1528 2123 Posterior
1536 2090 1688 2124 Canonis
1699 2101 1770 2133 pars
1794 2090 1940 2126 ostendit
1951 2089 2041 2127 hane

214 2141 345 2172 Dectmae
355 2142 477 2183 vulgari
486 2140 621 2172 vocabulo
630 2145 662 2171 in
673 2141 842 2172 Galliarum
855 2138 995 2180 partibus
1013 2140 1091 2170 Alta·
1131 2127 1380 2229 lvenditionem
1400 2138 1466 2171 illis
1479 2139 1651 2181 praesertim
1664 2139 1823 2173 adhaefiss'e
1838 2141 2011 2184 Episcopis
2025 2163 2039 2182 ,

214 2193 262 2221 ria
271 2198 414 2223 vocantur
425 2215 433 2222 .
461 2188 587 2224 Altaria
600 2213 613 2231 ‚
635 2189 771 2234 inquam
783 2212 796 2230 ‚
819 2197 912 2223 erant
923 2184 1103 2222 parochia
1155 2188 1211 2230 qui
1221 2187 1416 2233 dignitatem
1429 2197 1574 2223 emerant
1589 2212 1599 2220 .

776 2436 1296 2482 CANON
1426 2438 1485 2483 V.

366 2573 651 2623 Rdinationes
685 2611 699 2639 ,
733 2592 830 2641 quae
866 2575 1181 2624 interveniente
1215 2577 1361 2642 pretio
1395 2611 1408 2635 ,
1454 2577 1522 2624 vel
1559 2575 1761 2643 precibus
1794 2612 1807 2636 ‚
1856 2578 1928 2625 vel
1963 2576 2044 2625 ob-

398 2642 547 2711 sequio
584 2644 763 2710 alicujus
799 2636 984 2712 personae
1031 2661 1083 2693 ea
1119 2645 1367 2695 intentione
1416 2645 1612 2714 impenso
1645 2683 1658 2707 ,
1703 2648 1780 2696 vel
1814 2663 1914 2713 quae
1949 2664 2041 2702 non

213 2716 440 2763 communi
486 2712 702 2763 consensuv
736 2715 858 2771 Cleri
916 2718 960 2763 δε
1011 2715 1164 2782 populi
1213 2713 1450 2764 secundum
1499 2718 1750 2765 Canonicas
1797 2713 2039 2766 sanctiones

211 2782 322 2838 fiunt
354 2820 368 2844 ‚
401 2788 446 2833 δε
481 2784 538 2833 ab
574 2785 641 2833 his
675 2821 689 2851 ‚
722 2778 792 2851 ad*
813 2802 925 2851 quos
959 2783 1230 2835 consecratio
1265 2788 1458 2854 pertinet
1491 2823 1505 2846 ‚
1541 2803 1630 2835 non
1667 2785 2010 2853 comprobantur
2029 2824 2044 2848 ‚

212 2851 402 2903 infirmas
435 2858 480 2904 δε
512 2854 654 2904 irritas
687 2853 769 2905 effe
804 2854 1094 2919 dijudicamus
1127 2892 1142 2903 .
1194 2859 1418 2928 Qoniam
1453 2858 1531 2923 qui
1567 2856 1714 2906 taliter
1749 2855 2036 2917 ordinantur,

212 2939 302 2972 non
334 2942 411 2992 per
445 2924 601 2974 ostium
636 2962 649 2987 ‚
696 2924 742 2973 id
776 2925 837 2974 est
869 2961 882 2984 ,
924 2944 1002 2994 per
1035 2926 1257 2975 Christum
1295 2930 1461 2976 intrant
1494 2963 1508 2995 2
1555 2925 1627 2984 sed
1661 2943 1711 2977 ut
1747 2925 1839 2995 ipsa
1874 2930 2036 2981 veritas

204 2991 390 3044 testatur
424 3030 438 3056 ‚
491 2994 604 3046 fures
639 2994 737 3046 sunt
769 3032 784 3063 ,
832 2999 876 3051 &
911 2996 1125 3051 latrones,

399 3139 427 3185 S
464 3153 493 3183 c
527 3156 558 3185 H
593 3154 626 3185 0
660 3156 685 3185 L
719 3156 737 3186 1
772 3155 805 3186 0
840 3155 870 3186 N
893 3174 906 3187 ,
1155 3140 1262 3174 firmat
1282 3138 1333 3174 his
1353 3138 1486 3174 tantum
1508 3139 1597 3176 illius
1608 3138 1862 3179 successoribus,
1886 3143 1938 3183 qut
1953 3139 2033 3174 nullo
2061 3138 2156 3187 1ῑὶὸῶ-

1154 3196 1371 3224 interveniente
1382 3200 1498 3224 munere
1507 3191 1605 3225 Elem
1629 3188 1958 3234 velpromotifuertnt,
1985 3195 2038 3224 vt·-
2061 3181 2162 3219 ιζ1)·34·

215 3270 219 3275 s
1154 3243 1257 3274 dellcet
1277 3242 1297 3273 ἃ
1317 3251 1427 3280 manu,
1452 3240 1490 3274 ab
1502 3240 1634 3284 obsequio
1647 3266 1659 3282 ,
1684 3243 1720 3282 Θ
1739 3242 1894 3284 alinguae.
1922 3244 1948 3273 A
1972 3252 2035 3274 ma-

211 3280 403 3368 HUnc
414 3284 588 3320 Canonem
600 3286 781 3335 Gregorius
805 3286 913 3322 noster
927 3286 1038 3323 laudat
1054 3289 1088 3327 in
1154 3302 1213 3331 nu,
1239 3299 1272 3323 ut
1290 3291 1401 3324 nullum
1415 3297 1548 3332 pretium
1566 3294 1692 3335 prorsas
1718 3294 1738 3326 ᾶ
1757 3289 1814 3333 se,
1837 3291 1889 3325 vel
1911 3291 1952 3324 ab
1974 3293 2035 3324 alio

344 3334 459 3369 litteris
478 3335 519 3370 ad
542 3334 734 3374 Gebuinum
754 3338 1007 3382 Lugdunensem
1031 3337 1090 3374 Ar·
1154 3341 1320 3374 tribuatur.
1347 3339 1390 3372 Ab
1400 3339 1552 3384 obsequio,
1578 3340 1908 3386 utntbtlmdeservittt
1918 3341 2033 3384 factat,

212 3383 453 3428 chiepiscopum
465 3410 476 3426 ,
501 3385 722 3430 quibusistius
741 3387 890 3422 Ecclefiae
910 3388 1002 3431 super
1012 3400 1088 3433 qua·
1149 3390 1222 3431 ficut
1232 3392 1528 3434 quidamintenttone
1542 3391 1676 3434 Ecclefiae
1688 3393 1895 3432 Praelattont„
1921 3399 2032 3433 poten-

213 3439 286 3468 tuor
295 3433 483 3471 Provincias
494 3435 675 3472 Primatum
700 3436 858 3472 instituit.
886 3437 993 3482 Ipsum
1013 3449 1090 3474 con·
1133 3429 1233 3490 {tibus
1250 3439 1386 3484 perfivtts
1403 3439 1499 3484 solent
1517 3442 1652 3484 deferre.
1680 3447 1705 3476 Δ
1728 3443 1852 3486 lingua,
1884 3451 1918 3476 ut
1944 3449 2040 3480 neque

1938 3497 1993 3532 per
