2372 3756
74 711 153 749 Cap·
175 718 189 745 5
197 728 206 738 ·

72 943 137 975 Lib„
172 948 199 974 8.

69 1056 136 1089 Lib.
160 1063 206 1088 16.

67 1096 132 1127 Lib.
160 1106 188 1133 3.

66 1137 98 1168 >F·
118 1143 190 1171 130·

68 1476 130 1507 Lib.
162 1488 196 1514 q·
210 1488 241 1508 t.

69 1528 114 1546 li.

63 1823 136 1862 Li'o»
156 1834 188 1859 ς..
200 1833 230 1855 c.

59 3224 87 3254 F·
108 3234 171 3263 350·

653 177 1286 238 QmNruM'ROMANUM
1322 175 1705 219 Contentum.

261 268 350 314 grius
390 265 640 311 Epiphaniensis
665 288 675 304 ‚
714 272 911 296 memoratus
937 260 1142 302 Procopius,

260 321 397 353 sanstus
413 312 618 362 Augu'stinus
633 339 641 354 ‚
669 325 706 347 ac
719 313 869 347 laudatus
880 311 1021 353 Joannes
1034 309 1140 353 Chry-

260 368 424 402 sostomus
444 392 454 408 ,
494 364 616 400 addens
641 364 673 397 in
696 362 834 398 homilia
859 360 900 394 de
921 359 1140 403 appellatione

259 418 462 452 Coemiterii:
492 417 606 449 Divino
628 410 767 454 munere,
792 421 966 455 quocumque
987 421 1025 442 ex
1052 411 1142 442 latere

258 470 333 502 urbs
354 467 448 506 nostra
470 466 644 499 Sanc‘lorum
664 465 797 505 reliquiis
819 460 1020 494 circumdatur
1043 483 1050 491 .
1078 459 1140 492 Seu

259 519 358 553 variis
381 518 574 551 Sanstorum
602 514 747 548 Bafilicis
768 535 775 542 .
816 510 922 543 Fuisse
951 510 1022 542 istic
1042 510 1140 544 etiarn

260 572 429 607 Martyria,
455 579 523 610 quae
538 570 674 598 Romana
698 560 912 603 appellamur,
938 559 971 592 id
995 559 1038 592 est
1053 584 1063 599 ,
1091 570 1141 592 va-

261 619 325 651 rias
352 618 547 651 Latinorum
579 612 732 647 Ecclefias
757 636 767 651 ‚
804 611 839 644 in
879 609 1026 652 Dialogo
1065 620 1140 642 cum

261 667 458 701 Theodoro>
477 664 636 701 Romanae
674 660 820 695 Ecclefiae
855 660 1011 693 Diacono
1037 658 1141 692 afferit

261 718 428 754 Palladius
449 715 632 757 Episcopus
653 710 972 753 Helenopolitanus.
1001 708 1081 741 Non
1096 710 1142 741 so·

263 767 335 801 lum
362 764 587 806 frequentibus
614 773 704 796 terrae
737 760 883 794 motibus
908 771 945 792 ac
973 758 1141 791 Persarum

261 817 376 855 bellis,
403 815 456 848 sed
479 815 514 848 ὅ(
540 812 671 858 gemina
693 804 751 844 sub
773 811 883 852 impiis
911 808 1078 842 Saracenis
1104 820 1142 842 ac

259 866 381 900 Turcis
400 865 591 909 captivitate
608 863 671 896 fuit
693 859 872 894 admodum
884 868 998 892 vexata
1010 859 1043 892 &
1054 867 1143 891 trun·

258 927 331 950 cata
353 914 537 949 Antiochia
551 939 560 953 ‚
585 914 619 946 ὅ(
630 921 738 945 tamen
753 912 786 943 in
799 910 866 952 ipsa
880 934 890 950 ‚
916 909 996 942 dum
1009 906 1141 941 Christo

259 966 414 1001 Domino
435 963 578 999 reddidit
592 961 792 995 Godefridus
805 957 1030 1003 Lotharingiae
1041 958 1120 990 Dux
1132 982 1142 998 ,

258 1017 353 1050 fuine
376 1025 535 1048 trecentas
560 1012 727 1056 sexaginta
751 1009 907 1043 Ecclefias
918 1009 1091 1042 adfirmant
1106 1009 1139 1040 in

259 1065 569 1108 Hierosolymitana
606 1062 738 1095 historia
761 1059 924 1093 Robertus
950 1057 1138 1091 Monachus

258 1116 365 1150 Sansti
379 1114 552 1159 Remigii,
577 1113 610 1145 δί
624 1111 802 1144 Guibertus
817 1108 927 1142 Abbas
938 1106 1139 1151 Novigenti.

258 1165 431 1199 Baldricus
444 1163 717 1206 Archiepiscopus
730 1158 880 1193 Dolenfis
894 1182 904 1198 ,
929 1158 962 1191 ὃς
977 1158 1137 1201 Magnum

260 1214 370 1261 Belgii
386 1213 581 1249 Chronicon
594 1212 732 1245 asserunt
758 1209 849 1243 fuisse
871 1216 1027 1242 trecentas
1049 1208 1140 1242 dum-

258 1275 350 1300 taxat
362 1266 396 1299 &
406 1264 621 1308 quadraginta
633 1287 639 1294 .

311 1315 356 1348 Et
376 1313 457 1348 hinc
475 1313 517 1348 ad
541 1312 655 1347 omnia
679 1311 747 1344 haec
772 1334 783 1349 ,
809 1309 888 1343 dum
913 1308 954 1342 ad
978 1308 1137 1341 Persicum

260 1365 392 1399 Bellum
414 1365 519 1402 abiit,
544 1362 767 1403 conspicatum
790 1359 1020 1402 Imperatorem
1045 1357 1139 1400 Julia-

260 1426 343 1448 num
359 1412 480 1448 merito
501 1412 586 1446 dixit
608 1412 699 1444 Felix
727 1410 826 1453 Regii
848 1408 988 1441 thesauri
1026 1407 1140 1440 Praefe-

260 1466 331 1498 ctus
343 1476 353 1496 ε
379 1467 455 1496 Ecce
465 1464 556 1504 quam
564 1458 695 1501 pretiosis
707 1457 783 1499 vafis
793 1458 859 1499 filio
870 1461 978 1490 Μανία
999 1456 1140 1495 ministre-

261 1525 329 1546 tur.
356 1513 404 1546 lta
415 1511 595 1544 testaturin
622 1506 840 1544 Ecclesiastica
865 1506 999 1540 historia
1022 1506 1139 1540 Theo-

261 1563 392 1597 doretus
405 1585 416 1602 ,
441 1561 603 1594 affirmans
617 1559 686 1591 vasa
701 1558 758 1591 ista
773 1558 864 1591 fuisse
873 1556 1085 1591 Constantini
1105 1557 1139 1589 ὅ(

256 1611 450 1646 Constantii
460 1611 549 1644 dona
562 1634 570 1641 .
597 1608 697 1654 Qod
711 1608 855 1650 ejusdem
867 1606 1030 1648 Principis
1040 1612 1139 1640 avun-

256 1661 350 1696 culus
361 1661 511 1704 Julianus
524 1671 590 1693 non
605 1658 712 1692 solum
727 1658 813 1690 saera
828 1656 951 1690 ibidem
960 1658 1032 1689 vasa
1047 1680 1056 1695 ,
1083 1657 1135 1690 sed

257 1712 293 1746 &
318 1712 439 1755 quaevis
476 1708 695 1754 pretiofiffima
721 1716 915 1740 ornamenta
944 1707 978 1738 in
1006 1707 1137 1740 Fiscum

256 1758 514 1804 transcripserit,
538 1758 729 1793 eorumdem
751 1756 920 1791 custodem
946 1753 1137 1790 Theodore-

256 1822 332 1846 ‹um
343 1810 573 1854 Presbyterum
590 1809 816 1847 carcer-averit,
843 1817 939 1848 atque
961 1806 1038 1840 ideo
1063 1804 1136 1846 hor-¹

255 1861 357 1895 rende
384 1862 543 1903 percuflus
570 1860 587 1892 ὲ
614 1859 690 1892 Deo
711 1857 807 1892 fuerit
830 1880 842 1895 ‚
864 1855 956 1891 addit
981 1856 1136 1891 Hermias

254 1911 468 1945 zozomenus
490 1935 499 1942 .
540 1909 695 1952 Ejusdem
721 1908 764 1943 rei
788 1905 938 1942 meminit
962 1907 996 1940 in
1022 1918 1134 1950 quarta

255 1963 349 2004 super
362 1958 634 1995 SanCtiMatthaei
657 1957 872 2004 Evangelium
897 1956 1034 1990 homilia
1057 1958 1131 1992 San·

255 2013 326 2045 &us
339 2010 480 2053 Ioannes
492 2009 764 2052 Chrysostomus:
791 2009 866 2041 Cum
875 2008 1022 2050 profanus
1027 2011 1059 2053 J
1061 2010 1132 2041 ulia·

252 2072 312 2093 nus
332 2060 455 2104 sacrata
477 2064 538 2092 Deo
560 2058 636 2102 vasa
659 2060 853 2098 temerando,
880 2059 1050 2091 ebrietatem
1068 2058 1133 2102 suae

253 2116 364 2143 mentis
384 2109 506 2148 ostendit
519 2133 530 2148 ,
556 2109 690 2151 ‚Qua-sior
716 2108 837 2151 Regalis
862 2110 987 2140 AErarii
1000 2117 1053 2149 per
1075 2121 1132 2141 me-

251 2161 336 2191 dium
354 2160 475 2200 repente
486 2158 626 2198 diruptus
640 2158 677 2196 est
694 2183 701 2189 .
728 2160 810 2190 Tunc
820 2162 911 2190 etiam
934 2156 1064 2199 ejusdem
1076 2162 1130 2191 Re-

247 2215 299 2253 gis
311 2210 478 2241 avunculus
490 2231 502 2246 ,
528 2213 654 2239 nominis
670 2218 780 2248 quoque
791 2208 835 2239 illi
848 2213 1046 2241 communione
1066 2219 1129 2240 con-

244 2257 370 2299 juno‘lur
391 2281 402 2297 ,
429 2256 580 2290 vermibus
600 2255 704 2297 exesus
730 2261 845 2288 interiit
867 2281 874 2288 .
911 2257 994 2303 Qae
1014 2258 1127 2291 omnia

248 2307 347 2341 latins
364 2308 460 2340 refert
482 2305 516 2339 in
541 2306 686 2339 sermone
696 2306 736 2338 de
748 2304 898 2339 laudibus
909 2305 1016 2339 Sanffl
1033 2306 1124 2339 Pauli

248 2356 403 2399 Apostoli
417 2381 427 2396 ‚
454 2355 490 2388 in
504 2354 589 2391 libro
610 2357 650 2389 de
672 2356 789 2389 SanRo'
811 2355 977 2397 Episcopo
1001 2356 1124 2398 Babyla

247 2404 419 2440 adversum
430 2405 580 2439 Gentiles
594 2429 605 2445 ‚
633 2405 712 2439 &in
727 2405 890 2439 centefimi
903 2405 1021 2439 decimi
1037 2406 1123 2441 Psal-

247 2456 292 2489 mi
304 2454 566 2494 commentario,
590 2456 778 2489 constanter
801 2455 965 2488 affirmans
981 2458 1055 2489 'non
1076 2457 1123 2490 so-

246 2507 315 2539 lum
327 2505 526 2539 avunculum
540 2505 593 2539 seu
618 2515 767 2548 patruum
791 2505 980 2546 Iulianum,
1013 2506 1065 2540 sed
1087 2507 1122 2540 ἀ

246 2556 445 2603 Qaestorem
457 2555 602 2588 Felicem
622 2555 715 2588 fuisse
724 2557 741 2587 a
754 2556 830 2588 Deo
842 2557 1018 2597 percussos.
1043 2556 1120 2593 Etu-

245 2605 318 2638 dito
349 2602 549 2647 compendio
577 2614 645 2637 rem
675 2605 867 2646 complexus
902 2604 947 2637 est
986 2607 1120 2640 Sanctus

245 2653 473 2698 Theophanes
485 2678 495 2694 ,
519 2653 682 2687 affirmans
691 2654 884 2696 contigisse,
904 2654 984 2687 dum
995 2653 1033 2687 ad
1047 2654 1119 2689 Per·

243 2706 344 2739 sicum
365 2703 493 2738 Bellum
518 2704 721 2746 proficiscens
749 2703 896 2745 Julianus
916 2727 927 2742 ‚
961 2704 1119 2739 divinitus

242 2755 393 2789 exustum
405 2754 564 2796 Serapidis
576 2753 609 2786 in
623 2752 809 2796 Daphnidis
832 2752 984 2787 suburbio
1004 2755 1116 2789 fanum

243 2803 381 2838 credidit
402 2803 493 2836 fuist}
505 2805 522 2836 a
539 2802 736 2837 Christianis
750 2804 915 2836 incensum
928 2827 938 2842 ‚
963 2803 1115 2847 &adjun-

242 2865 341 2898 gens:
369 2859 470 2886 Iratus
483 2857 646 2894 Imperator
661 2878 671 2893 ,
698 2854 782 2886 velut
793 2855 855 2885 Deo
863 2851 970 2886 bellum
991 2855 1116 2888 indiciu-

241 2915 311 2942 rus,
337 2915 476 2946 magnam
488 2902 587 2944 clausit
602 2902 756 2943 Ecclesiam
769 2927 779 2942 ,
806 2905 840 2936 (θ’
861 2913 974 2936 omnem
994 2902 1113 2946 sacram

238 2951 443 2996 ficpelledlilem
448 2953 633 2994 publicavit.
662 2955 712 2985 Ad
722 2964 811 2995 quam
823 2952 893 2991 missi
904 2954 960 2986 duo
982 2958 1111 2989 Comites

241 3004 333 3035 Felix
367 3004 555 3046 &Julianus
577 3003 740 3045 Apoflatae,
767 3009 800 3035 in
821 3001 883 3035 haec
903 3003 995 3036 verba
1015 3013 1109 3047 erupe-

239 3060 328 3085 runt:
357 3049 539 3093 Praesentem
548 3054 711 3094 quamdam
724 3059 867 3086 virtutem
880 3052 928 3085 bic
940 3053 1022 3096 inesse
1035 3055 1109 3087 arbi-

238 3101 415 3140 trabamur,
430 3112 499 3142 quae
525 3113 577 3135 nos
584 3102 770 3144 prohiberet.
798 3103 889 3136 Felix
902 3106 995 3136 vero.-
1016 3106 1111 3138 Viden

237 3152 344 3194 quibus
356 3149 435 3192 vasis
447 3153 553 3184 Mariae
570 3152 632 3193 filio
649 3153 849 3193 ministretur?
875 3156 921 3186 Et
940 3154 1032 3194 paolo
1049 3154 1110 3195 post

235 3203 328 3234 Felix
364 3201 483 3243 quidem
493 3212 632 3244 magnam
637 3199 798 3246 sanguinis
812 3208 876 3236 vim
888 3204 1008 3244 repent?
1017 3205 1053 3237 de
1063 3214 1110 3238 ore

234 3262 390 3291 evomens,
417 3256 597 3283 excruciatus
621 3258 719 3284 vitam
732 3252 837 3292 finivit
849 3264 863 3293 ;
883 3255 1036 3297 Julianus
1055 3258 1109 3287 Co-

1924 191 2011 223 121

1206 257 1301 298 finis,
1332 257 1469 301 ideoque
1492 257 1680 292 detestanda
1701 260 1744 291 est
1771 260 1952 305 Nicephori
1982 261 2077 307 primi

1206 310 1411 351 Imperatoris
1422 309 1569 342 doctrina
1579 334 1589 348 ,
1610 307 1650 341 de
1659 319 1722 351 qua
1733 309 1818 343 idem
1831 311 2075 357 Theophanes&

1205 358 1388 399 Nicephorus
1401 370 1467 399 eos,
1498 359 1598 400 quiab
1610 365 1731 399 antiquo
1752 371 1841 391 aurea
1865 365 1916 394 vel
1935 373 2075 408 argentea

1203 419 1325 450 quaeque
1347 406 1423 451 vasa
1449 412 1507 441 Deo
1526 410 1637 442 devota
1657 407 1859 451 consecrassent
1877 432 1887 448 ‚
1914 418 2075 455 vituperiis

1203 459 1376 502 incessebat,
1402 459 1435 491 &
1457 470 1523 500 quae
1544 469 1619 492 nunc
1632 459 1783 498 poffldcret
1804 458 1930 499 Ecclesia
1953 485 1963 500 ‚
2002 473 2074 495 com-

1203 509 1343 541 munibus
1366 507 1457 550 ufibus
1479 509 1652 550 deputanda
1669 528 1683 549 -,
1706 517 1798 550 prout
1810 511 1841 553 J
1844 510 1919 541 udas
1943 513 2074 544 Domini-

1202 570 1265 591 cum
1291 568 1469 602 unguentum
1486 584 1494 597 ‚
1522 560 1748 591 deblaterahat.
1776 558 2008 593 Nihilominus
2032 561 2073 595 de

1205 610 1344 650 pretiosis
1359 608 1503 642 Ecclefiae
1516 610 1593 642 vasis
1617 621 1656 642 ac
1676 609 1879 643 ornamentis
1900 610 2074 652 pretiosam

1203 659 1384 692 doctrinam
1401 659 1498 692 tradit
1510 658 1658 692 laudatus
1669 658 1924 701 Chrysostomus
1935 660 1968 693 in
1981 661 2074 703 quin-

1203 709 1384 752 quagesima
1397 709 1497 752 prima
1520 709 1612 751 super
1630 708 1737 742 Sancti
1759 707 1908 743 Matthaei
1930 710 2076 754 Evange-

1204 759 1284 791 lium
1300 758 1456 792 homilia:
1485 763 1702 800 Nonputemus
1710 757 1789 801 satis
1799 760 1851 800 effe
1861 760 1944 792 nobis
1965 761 2010 793 ad
2022 758 2073 802 sa-

1202 810 1294 841 lutem
1305 834 1313 848 ‚
1334 809 1363 850 fi
1369 810 1432 842 cum
1443 812 1554 842 viduas
1565 810 1599 843 <St
1611 808 1692 841 orbos
1699 816 1865 850 parentum
1872 807 2052 851 spoliaveris
2062 835 2074 851 ‚

1204 869 1322 890 aureum
1334 861 1453 892 calicem
1463 860 1631 903 &gemmis
1641 869 1779 892 ornatum
1785 857 1882 901 sacrae
1903 858 2011 902 mensae
2031 860 2075 901 of-

1196 907 1283 949 feras
1293 932 1300 939 .
1330 913 1384 941 Vis
1395 909 1446 942 boc
1453 909 1631 951 sacrificium
1643 908 1806 943 honorare?
1831 913 1971 942 Animam
1989 919 2075 943 tuam

1202 957 1305 998 offeras
1317 980 1327 995 ‚
1350 967 1472 1000 propter
1483 972 1572 1001 quam
1585 959 1719 1000 cbristus
1743 961 1912 993 immolatus
1925 959 1963 999 ist
1973 983 1984 1000 ,
2009 971 2074 993 eam

1204 1019 1324 1040 auream
1329 1007 1434 1048 facias
1446 1032 1454 1040 .
1482 1013 1555 1041 Non
1567 1015 1657 1052 igitur
1668 1011 1830 1044 laboremus
1850 1009 1941 1053 solum
1961 1011 2006 1043 ad
2023 1021 2075 1043 aaa·

1203 1068 1255 1090 rea
1272 1056 1349 1099 vasa
1372 1057 1541 1098 offlrenda,
1567 1061 1672 1092 verum
1693 1066 1784 1093 etiam
1803 1062 1895 1094 multo
1919 1067 2013 1104 magis
2035 1062 2074 1094 de

1196 1106 1274 1148 justo
1297 1107 1396 1140 labore
1415 1108 1554 1150 acquifita
1578 1108 1736 1149 offeramus
1755 1135 1762 1141 .
1792 1116 1864 1145 Haec
1886 1116 1964 1143 enim
1982 1121 2073 1143 aurea

1198 1156 1272 1199 sunt
1293 1159 1328 1191 (3·
1349 1157 1478 1201 pretiosa
1498 1182 1510 1199 ,
1549 1169 1616 1200 quae
1636 1165 1772 1192 avaritia
1792 1170 1849 1192 non
1871 1162 2071 1194 maculantur.

1205 1211 1249 1241 Et
1268 1206 1348 1240 'certe
1369 1219 1426 1240 non
1451 1217 1517 1242 erat
1539 1219 1576 1241 ex
1598 1219 1720 1251 argento
1740 1209 1839 1252 mensa
1861 1211 1937 1251 illa,
1963 1223 2013 1245 nec
2036 1222 2073 1244 ex

1199 1269 1270 1290 auro
1294 1259 1343 1290 ille
1366 1258 1448 1291 calix
1476 1283 1488 1299 ,
1525 1269 1580 1299 quo
1605 1259 1740 1297 cbristus
1768 1260 1921 1303 discipulis
1943 1261 2074 1302 praebuit

1198 1306 1283 1350 suum
1301 1305 1476 1351 sanguinem
1489 1332 1496 1339 .
1524 1307 1656 1352 Pretiosa
1675 1319 1777 1342 tamen
1797 1318 1884 1343 erant
1894 1317 2012 1351 omnia,
2038 1313 2074 1345 &¹

1202 1363 1402 1390 venerationis
1421 1359 1532 1399 plena,
1558 1364 1630 1401 quia
1646 1358 1758 1401 spiritu
1777 1359 1995 1393 abundabant.
2018 1364 2074 1395 Vis

1201 1416 1303 1448 corpus
1325 1406 1435 1447 Christi
1457 1407 1624 1442 honorare?
1647 1413 1720 1442 Non
1740 1408 1887 1452 despicias
1912 1409 2008 1453 ipficm
2019 1422 2074 1444 nu·

1203 1458 1273 1489 dum
1285 1481 1296 1496 ,
1322 1468 1414 1500 neque
1425 1456 1500 1491 hunc
1509 1459 1627 1500 quidem
1638 1462 1671 1491 in
1695 1459 1819 1501 Ecclest‘a
1834 1459 1936 1502 sericis
1955 1467 2072 1502 pannis

1202 1509 1312 1540 induas
1324 1531 1334 1547 ,
1355 1507 1438 1548 foris
1463 1517 1564 1541 autem
1576 1507 1696 1552 frigore
1715 1511 1750 1543 Θ·
1768 1511 1906 1544 nuditate
1916 1511 2015 1553 confici
2027 1523 2074 1546 ne-

1196 1559 1296 1600 gligas
1310 1581 1317 1588 .
1345 1559 1409 1600 ,Qui
1421 1563 1501 1591 enim
1512 1558 1594 1590 dixit
1606 1570 1613 1589 :
1641 1558 1746 1592 HOC
1760 1558 1858 1594 'EST
1879 1560 2075 1597 CORPUS

1202 1606 1378 1646 MEUM,
1406 1608 1441 1641 δ’
1467 1618 1528 1639 rem
1540 1605 1628 1648 fimul
1647 1619 1712 1641 cum
1727 1610 1817 1642 verbo
1826 1610 1969 1651 confecit,
1994 1613 2075 1645 idem

1201 1658 1302 1689 dixit:
1331 1655 1653 1692 ESURIENTEM
1674 1657 1746 1691 ME
1760 1658 1985 1700 VlDISTlS,
2009 1661 2077 1696 ET

1202 1706 1309 1741 NON
1346 1706 1558 1741 CIBASTIS
1579 1729 1590 1745 ‚
1616 1705 1684 1740 ET
1711 1708 1763 1742 IN
1801 1709 2077 1755 QUANTUM

1202 1756 1307 1791 NON
1328 1755 1652 1791 FECISTISUNI
1673 1756 1857 1792 EORUM
1877 1759 2079 1796 M1N1M0-

1175 1852 1178 1855 ι
1202 1807 1318 1842 RUM
1328 1831 1339 1848 ,
1367 1807 1467 1853 NEC
1486 1806 1600 1841 M1H1
1613 1807 1641 1840 F
1644 1807 1822 1844 ECISTIS
1832 1834 1841 1842 .
1856 1812 1922 1843 *Hoc
1935 1813 2012 1845 certe
2021 1822 2083 1854 cor·¹

1197 1866 1254 1899 pus
1267 1857 1376 1898 Christi
1387 1870 1444 1893 non
1454 1857 1566 1893 amidio
1580 1882 1591 1898 ‚
1611 1855 1671 1900 sed
1679 1864 1783 1893 anima
1803 1862 1917 1895 munda
1939 1864 2058 1907 indiget
2067 1888 2079 1906 ‚

1197 1910 1275 1942 illud
1283 1918 1379 1943 autem
1389 1912 1480 1945 multa
1493 1921 1564 1946 cura
1574 1908 1610 1945 <r
1617 1920 1727 1958 magna
1738 1913 1894 1956 diligentia
1901 1920 1965 1958 eget
1979 1937 1988 1946 .
2005 1918 2081 1949 Non

1196 1959 1234 1999 est
1256 1961 1325 2003 opus
1350 1960 1449 2003 vafis,
1468 1961 1529 2005 sed
1547 1968 1656 1998 animi:
1675 1970 1794 2000 aureis·
1822 1970 1897 2002 ΗΜ
1916 1964 2001 2006 ἄὶθθ»
2019 1977 2081 1999 '¹⁰7²

1196 2015 1266 2053 quia
1280 2019 1384 2047 vetare
1396 2014 1488 2046 velim
1508 2014 1615 2048 talium
1636 2015 1778 2060 vasorum
1797 2015 1973 2051 oblationem
1986 2039 1998 2056 ,
2021 2014 2086 2059 sed
2123 2030 2133 2035 ·

1195 2067 1268 2102 quia
1281 2063 1403 2105 dignum
1413 2071 1516 2104 putem
1529 2075 1599 2098 ante
1609 2073 1709 2099 omnia
1720 2067 1933 2111 misi-ricordiae
1943 2067 1978 2100 Θ
1997 2066 2080 2101 beni-

1180 2157 1182 2160 ι
1189 2116 1306 2153 gnitati
1317 2111 1552 2145 incumbendum.
1585 2117 1714 2149 Nam&
1726 2116 1803 2159 vasa
1823 2121 1905 2151 Deus
1921 2115 2050 2161 sufi·ipit
2062 2144 2079 2160 ,

1178 2163 1183 2211 j
1187 2159 1246 2202 sed
1253 2160 1306 2192 illa
1317 2162 1411 2194 multo
1423 2168 1519 2205 magis
1534 2163 1699 2207 eigratiosa
1717 2166 1791 2209 sunt
1803 2189 1811 2198 .
1837 2168 1882 2198 Et
1904 2166 1985 2210 vasa
2007 2176 2078 2212 qui·

1177 2210 1260 2264 'dem
1271 2210 1360 2243 danti
1366 2208 1461 2252 fitium
1473 2211 1643 2253 profuerint
1655 2239 1666 2253 ,
1690 2215 1859 2259 benignitas
1879 2220 1951 2252 vero
1974 2224 2071 2254 etiam

1176 2272 1180 2296 ι
1190 2265 1345 2301 accipienti
1358 2285 1364 2292 .
1391 2263 1434 2292 Ee
1445 2259 1493 2294 bic
1503 2264 1622 2304 quidem
1632 2263 1784 2303 ostentatio
1791 2277 2013 2311 nonnumquam
2018 2279 2070 2313 ρο·

1175 2298 1240 2348 ltest
1252 2308 1406 2353 accusari,
1434 2310 1475 2343 ibi
1486 2314 1557 2345 vero
1568 2322 1660 2346 totum
1683 2313 1858 2358 misericordi
1884 2323 1983 2352 animo
2004 2332 2068 2355 con·

1174 2358 1349 2403 imbuitur.
1376 2359 1548 2403 Responde,
1573 2361 1688 2406 quaeso,
1714 2370 1990 2407 quaenamutilitas
1999 2371 2039 2412 est
2053 2398 2065 2414 ,

1173 2410 1175 2439 ἐ
1181 2408 1212 2450 fi
1218 2410 1282 2441 cum
1291 2409 1393 2452 mensa
1402 2413 1468 2451 ejus
1481 2412 1581 2446 multis
1591 2414 1728 2447 calicibus
1740 2422 1836 2450 aureis
1846 2427 1973 2453 ornatur
1982 2445 1992 2461 ,
2003 2422 2065 2466 ipse

1172 2452 1175 2522 ι
1185 2459 1286 2492 inedia
1293 2462 1421 2501 pereat?
1442 2462 1534 2494 Prius
1545 2467 1635 2506 igitur
1647 2462 1742 2507 ipsum
1752 2464 1927 2508 esurientem
1933 2469 2041 2513 satura
2049 2497 2061 2515 ,

1171 2510 1291 2558 ¹'deinde
1301 2521 1341 2542 ex
1353 2512 1487 2553 quadam
1493 2510 1711 2554 fieperabuntia
1733 2516 1865 2560 mensam
1883 2521 1948 2560 eius
1970 2533 2059 2556 orna-

1169 2579 1171 2582 .
1182 2558 1228 2590 bis
1241 2582 1248 2589 .
1276 2561 1403 2593 Calicem
1414 2572 1535 2594 aureum
1539 2561 1624 2603 facis
1632 2587 1643 2603 ,
1666 2565 1700 2597 (Ὗ
1709 2567 1929 2612 aquaefrIgidae
1940 2573 2059 2606 calicem

1182 2614 1208 2640 ei
1218 2619 1276 2641 non
1282 2609 1417 2654 praebes.
1445 2613 1491 2643 Et
1501 2614 1580 2653 quod
1588 2612 1657 2647 hinc
1666 2617 1890 2652 emolumentum
1912 2619 2059 2665 conseque·

1181 2660 1248 2692 ris?
1275 2662 1460 2700 Coopertoria
1469 2659 1575 2704 mensae
1586 2674 1657 2697 auro
1669 2671 1764 2702 nitent
1775 2690 1786 2706 ,
1814 2668 1849 2700 (5
1867 2669 1924 2711 ipſs
1937 2673 2058 2717 neceffa-

1180 2713 1226 2741 ria
1237 2709 1393 2742 velamina
1404 2721 1508 2753 negas.
1542 2714 1630 2755 ,Quid
1638 2718 1728 2757 igitur
1734 2717 1852 2757 praebes
1866 2720 1880 2752 ,>

1229 2760 1282 2792 De
1294 2759 1540 2804 magnificarum
1554 2761 1760 2799 Basilicarum
1773 2767 1992 2807 aedificatione
2002 2773 2055 2809 ad-

1178 2809 1285 2843 firmat
1296 2810 1358 2844 esse
1369 2809 1505 2845 eandem
1516 2810 1676 2846 rationem
1687 2838 1699 2854 ‚
1724 2815 1847 2852 addens
1857 2820 1986 2857 nullum
2010 2823 2054 2858 ob

1177 2859 1253 2893 Deo
1274 2870 1340 2892 non
1364 2860 1474 2894 oblata
1499 2859 1703 2905 hujusmodi,
1731 2867 1853 2902 multos
1873 2880 1984 2907 autem
2007 2874 2053 2908 ob

1175 2920 1242 2942 non
1255 2908 1345 2943 datas
1355 2910 1577 2954 eleemosynas
1590 2914 1623 2945 in
1634 2924 1787 2950 aeternum
1796 2918 1961 2955 damnari.
1981 2923 2053 2956 Pte.

1174 2959 1244 2992 tio'fi
1263 2960 1420 3002 unguenti
1434 2962 1632 3005 superipfius
1651 2967 1870 3003 recumbentis
1890 2982 1986 3015 caput
2005 2974 2049 3007 ef-

1172 3008 1330 3042 fufioncm
1346 3020 1414 3043 non
1425 3011 1494 3044 fieri
1506 3010 1616 3053 jussam
1628 3037 1639 3053 ,
1668 3015 1721 3050 sed
1732 3017 1797 3059 jam
1818 3020 1935 3054 fastam
1957 3021 2049 3057 dum.

1173 3068 1262 3093 taxat
1274 3058 1439 3094 admissam
1453 3062 1566 3096 fuisse&
1583 3064 1733 3099 Domino
1747 3067 1855 3102 scribit
1868 3070 1899 3102 in
1914 3071 1976 3104 alia
1987 3071 2048 3106 ho-

1173 3109 1262 3142 milia
1281 3134 1290 3148 ,
1319 3121 1356 3143 ac
1369 3111 1493 3154 pergit:
1520 3116 1669 3153 ltaque&
1682 3115 1748 3155 tusi
1769 3117 1910 3159 quosdam
1928 3129 2046 3164 praepa-

1170 3159 1242 3201 rasse
1264 3157 1353 3201 sacra
1381 3162 1497 3194 videris
1519 3161 1595 3205 vasa
1619 3187 1629 3203 ‚
1655 3174 1708 3197 aut
1728 3176 1864 3200 ornatum
1885 3173 2043 3211 quemdam

1170 3211 1260 3241 alium
1270 3215 1346 3241 circa
1352 3217 1484 3250 parietes
1499 3211 1689 3254 Ecclefiarum
1702 3216 1735 3248 (9⁸
1743 3223 1922 3257 pavimenta
1943 3222 2043 3264 confe-

1188 3264 1192 3269 .
1327 3267 1330 3270 Ι
2062 3239 2147 3268 Hom·
2169 3242 2218 3272 81'.

1167 3260 1228 3300 ciffe
1238 3282 1246 3296 ,
1274 3261 1330 3292 ηοΙι
1340 3260 1551 3299 reprehendere
1563 3287 1572 3303 ,
1595 3272 1648 3295 aut
1659 3267 1838 3299 venumdari
1842 3270 1950 3307 jubere
1963 3295 1973 3311 ,
1987 3284 2041 3307 aut

233 3311 295 3334 mes
307 3299 371 3342 ipsa
383 3302 431 3333 dte
444 3306 476 3333 in
487 3300 687 3342 difficillimum
699 3303 829 3335 morbum
853 3304 988 3335 incidens
1000 3327 1010 3343 ‚
1035 3305 1107 3338 adeo
1167 3309 1271 3348 destrui
1286 3311 1366 3350 quod
1369 3310 1487 3350 fac‘lum
1499 3310 1536 3350 est
1545 3337 1554 3352 ‚
1582 3324 1618 3345 ne
1628 3318 1757 3346 am‘mum
1780 3318 1845 3357 ejus
1855 3342 1867 3358 ‚
1896 3326 1948 3362 qut
1961 3321 2039 3363 fiam

233 3360 267 3383 ut
279 3353 342 3391 ejus
357 3349 471 3392 viscera
485 3351 554 3383 tabo
566 3349 774 3393 liquescerent}
798 3354 831 3385 <v
856 3363 1042 3387 excrementa
1061 3366 1107 3388 ore
1163 3359 1320 3399 perturbes
1337 3384 1342 3390 .
1369 3361 1387 3391 5
1389 3365 1420 3392 in
1431 3364 1501 3393 vero
1512 3372 1671 3404 antequam
1672 3363 1780 3405 fecerit
1792 3388 1802 3406 ,
1814 3377 1842 3400 te
1855 3369 2037 3412 conflauerit,

231 3410 361 3441 egereret
370 3425 379 3439 ,
406 3406 485 3433 inter
495 3401 605 3432 dolores
618 3399 801 3443 exspiravit.

283 3449 327 3483 Et
338 3450 471 3491 quidem
484 3449 560 3484 huic
571 3451 699 3484 Gentili
712 3452 873 3496 impietati
898 3453 1039 3488 omnino
1062 3456 1105 3488 af·

334 3498 522 3542 cbrss.Lupi
533 3505 630 3543 Opera
645 3503 708 3534 T.V
708 3506 730 3534 1.

1164 3410 1339 3450 pauperibus
1352 3408 1580 3451 offirrejubeto.
1609 3412 1711 3460 Qud
1726 3415 1828 3458 ipsum
1850 3419 1972 3454 eisdem
1995 3423 2042 3455 se·

1168 3459 1198 3491 re
1211 3458 1312 3494 verbis
1324 3460 1439 3503 repetit
1452 3461 1485 3495 in
1496 3460 1633 3497 homilia
1646 3464 1686 3498 de
1697 3469 1901 3511 correptione
1922 3470 1954 3501 &
1979 3469 2039 3505 do-

1597 3513 1627 3547 L
1924 3519 1991 3552 &ri-
