2372 3756
66 245 131 278 tib.
165 257 188 276 x·

67 294 132 323 cap.
154 288 199 316 26.

69 325 102 355 &
111 335 156 360 ²⁷·

69 364 132 395 nb·
160 376 187 394 Ζ·

68 411 134 440 cap·
163 415 188 434 1·

68 446 120 481 Ep.
144 452 207 481 ¹95-

74 488 137 519 196.

78 2329 155 2373 Cap.
174 2342 203 2371 9.

84 3008 154 3042 Libe*
166 3022 193 3043 ι.
213 3018 241 3041 c.

86 3062 133 3087 ⁴⁴·

606 94 901 127 εΕΡτιΜυΜ
926 77 1245 124 Romnum
1281 74 1680 120 Concu-inm

239 164 536 209 Constantinopoli
552 165 679 198 asturus
701 162 827 206 Pelagii
855 159 989 195 secundi
1003 157 1123 192 Diaco-

240 228 322 257 num
335 216 579 260 Apocrisa-rium
595 239 606 255 ,
633 211 741 247 solatii
752 213 848 246 causa
859 213 968 245 secum
993 207 1122 247 duxerit

241 263 565 313 pluresMonachos.,
591 264 749 299 testantur
762 263 796 296 in
807 261 876 304 ejus
890 263 957 299 vita
979 259 1122 303 Joannes
1144 255 1146 293 ὲ

242 320 415 355 Diaconus
429 343 440 359 ,
465 318 548 350 acin
562 314 751 359 Anglicana
772 311 906 346 historia
929 306 1122 343 venerabilis
1144 321 1147 338 ς

242 369 332 406 Beda
346 393 353 401 .
380 363 785 405 ArnaldunaBrixiensem
805 358 1012 406 Monachum
1026 382 1038 399 ,
1063 357 1120 402 qui
1145 378 1147 392 >

242 419 353 464 postea
374 417 569 461 apostatavit
591 415 630 449 ad
659 414 803 458 peffimas
829 409 960 446 haereses
982 433 994 450 ,
1030 408 1123 442 fuisit

243 469 412 505 Gnidonis
423 465 610 505 Cardinalis
635 463 749 508 Legati
773 460 986 496 domesticum
1012 457 1123 492 'scribit

243 521 378 556 Sanetus
389 517 592 555 Bernartius.
618 514 717 548 Plura
739 513 813 546 sunt
830 509 991 554 ejusmodi
1017 518 1121 545 exem-

244 570 315 614 pla.
343 566 455 607 Etiam
479 565 565 609 apud
589 564 718 599 Graecos
743 586 749 593 .
785 561 837 594 Hi
864 561 938 595 illos
959 558 1123 602 appellant

243 617 438 663 syncellos,
469 617 555 652 inter
575 623 660 657 quos
681 612 744 647 fuit
769 609 1037 654 Protosyncellus
1057 618 1125 643 ma·
1145 652 1147 657 Ι

243 680 320 714 gna>
331 667 504 712 dignitatis
515 691 522 698 .
551 665 662 714 Qare
672 662 815 708 Ioannes
825 660 1002 695 Gratianus
1014 659 1047 691 in
1061 657 1125 690 sex-

243 728 314 753 tum
325 717 525 762 Gregotium
544 723 714 758 promotus
723 712 817 756 poffit
840 711 984 746 Fratrem
1008 706 1125 742 Hilde·
1146 705 1148 741 Ῐ

244 769 404 804 brandum
429 766 547 805 creafle
574 764 735 799 Romanae
761 760 909 796 Ecclefiae
946 757 1126 794 subdiaco-

244 830 346 854 num.
373 817 482 859 ipsum
506 814 598 851 enim
615 812 635 846 ὸ.
654 813 753 855 prima
778 811 950 854 juventute
969 806 1061 842 fuisse
1072 806 1125 841 ad-

243 867 399 911 scriptum
417 862 611 903 Christiana
632 860 837 897 clericorum
860 857 1006 899 miiitiae,
1033 856 1125 892 testa-

243 927 298 953 tur
320 917 427 961 Hugo
437 910 706 948 Flaviniacensis.
735 909 805 949 Alii
819 908 946 944 malunt
958 907 1045 942 hunc
1058 918 1126 952 gra·

244 968 324 1002 dum
347 966 396 1000 illi
416 962 569 1006 datum)
593 961 711 1000 Sancto
731 960 845 996 Leone
870 970 961 993 nono
987 983 994 993 ,
1021 955 1123 1005 Qod

244 1018 350 1060 ipsum
373 1014 428 1050 hic
447 1013 601 1048 creaverit
623 1022 715 1044 unum
727 1008 911 1050 &custodibus
926 1010 1037 1042 altaris
1053 1010 1129 1046 Bea-

244 1072 269 1100 ti
282 1069 389 1106 Petri,
414 1065 552 1100 affirmat
564 1060 749 1096 Cardinalis
759 1059 898 1094 Benno.
927 1059 979 1093 Ex
993 1058 1054 1091 isto
1070 1059 1128 1102 igi-

244 1127 297 1150 tur
315 1117 410 1151 fonte
432 1111 678 1150 Hildebrandus
702 1110 818 1144 dilexit
845 1110 975 1148 sextum
1002 1108 1127 1152 Grego-

244 1163 350 1207 sium,
378 1166 413 1202 δι
434 1177 511 1199 cum
535 1163 605 1205 ipso
628 1161 787 1204 profeClus
797 1158 842 1193 est
856 1160 889 1195 in
906 1158 1126 1193 voluntarium

243 1217 382 1250 exilium
406 1239 414 1247 .
455 1213 562 1250 Porro
599 1210 678 1245 sexti
705 1203 866 1253 Gregorii
898 1209 1057 1250 reparatio
1083 1208 1126 1242 est

244 1275 348 1301 unum
371 1265 390 1299 ὲ
412 1263 539 1308 septimi
561 1260 712 1305 Gregorii
726 1259 893 1295 Decnetis:
920 1258 1014 1293 Hinc
1029 1259 1125 1305 ipsam

239 1315 325 1354 duxi
346 1314 579 1359 exponendam
600 1323 639 1347 ac
655 1309 904 1346 'illustr-andam.

247 1537 498 1591 sacerdotalis
508 1535 769 1586 venedibiionis
780 1537 984 1602 antiquitas
995 1571 1009 1596 2
1037 1531 1128 1599 for..

400 1627 492 1670 ma,
516 1606 673 1674 ftnfz‘us
697 1620 928 1674 exponuntur
942 1639 957 1652 .

334 1750 469 1787 Unstos
478 1748 568 1783 hisce
583 1747 646 1782 suis
665 1744 818 1781 Decretis
836 1742 1029 1779 obedientes
1050 1741 1132 1777 Ger-

360 1801 477 1836 maniae
503 1799 644 1844 populos
682 1794 862 1840 Gregorius
887 1794 995 1828 noster
1028 1793 1130 1828 donat

248 1852 444 1899 Apostolica
464 1848 717 1886 benedictione,
740 1844 775 1879 δε
806 1845 842 1879 in
867 1843 1012 1888 praesenti
1039 1844 1127 1882 vita,

248 1905 284 1939 ἀ
304 1903 340 1937 in
365 1902 471 1936 futura
493 1924 502 1932 .
537 1898 631 1933 Hinc
654 1894 871 1932 Sacerdotalis
893 1892 1132 1928 benedictionis

246 1950 449 1989 virtusvenit
459 1948 674 1994 exponenda.
702 1945 850 1995 Qaestio
863 1943 965 1988 prima
976 1943 1046 1992 est,v
1073 1942 1130 1978 An

249 2003 345 2038 istius
365 1999 603 2036 benedictionis
623 2007 695 2032 mos
716 1998 754 2031 fit
775 1995 931 2038 antiquus
952 1995 987 2028 in
1017 1993 1131 2028 Eccle-

246 2054 291 2087 ssa
303 2054 320 2085 ,ἓ
342 2049 541 2095 Respondet>
549 2048 612 2082 esse
621 2045 879 2089 antiquiffimum
892 2069 903 2084 ,
923 2042 942 2076 ἐ
953 2045 1132 2089 Synagoga

248 2110 436 2138 mutuatum
458 2109 511 2142 pet
532 2092 739 2141 Ap0st010s,
765 2094 835 2129 imo
852 2094 1026 2137 peripsum
1038 2089 1134 2126 Chri-

248 2154 334 2187 ssum
352 2149 559 2186 Dominum,
584 2157 621 2181 ac
645 2143 870 2179 introductum
901 2143 937 2177 in
953 2141 1109 2177 Ecclefias
1124 2166 1132 2173 .

250 2202 388 2239 Etenim
411 2195 660 2233 Melchisedech
682 2190 1022 2230 benedixitAbrahae:
1048 2191 1132 2226 Non

250 2253 328 2299 quia
350 2250 424 2284 Rex
442 2256 513 2283 erat
540 2246 648 2283 Salem
670 2270 681 2286 ,
706 2242 761 2279 sed
783 2245 861 2287 quia
882 2240 1036 2278 Sacerdos
1062 2241 1129 2276 Dei

249 2299 431 2339 Altiffimi.
457 2297 503 2331 Et
523 2295 665 2332 Levitici
678 2294 761 2328 liber
771 2292 894 2328 babet.-
921 2296 1019 2326 Aaron
1028 2299 1130 2326 exten-

251 2354 328 2390 dens
349 2359 473 2383 mamam
488 2348 535 2382 ad
549 2346 690 2389 populum
707 2344 912 2379 benedittini.
941 2343 986 2376 Et
1009 2342 1129 2382 demo·

248 2402 357 2436 riente
367 2397 487 2443 Moyse
496 2397 603 2431 scribit
615 2394 694 2429 liber
708 2393 961 2428 Deuteronomii
974 2404 982 2425 ι
1009 2396 1081 2426 Haec
1092 2390 1130 2431 est

251 2442 437 2493 benedifflb,
462 2457 520 2490 qua
530 2445 684 2481 benedixit
693 2442 824 2487 Morsu,
851 2442 934 2476 bomo
955 2445 1013 2476 Dei
1025 2466 1036 2481 ,
1057 2443 1131 2489 filiis

252 2499 318 2546 lsra
334 2499 428 2534 I'ante
435 2504 557 2542 mortem
560 2494 650 2540 suam
660 2521 667 2528 .
697 2494 807 2529 Etiam
820 2493 899 2529 Heli
909 2492 1066 2527 Pontifex
1080 2491 1131 2526 be-

252 2513 381 2648 ?AExit
393 2546 566 2582 Elcanae&
591 2544 684 2581 uxori
705 2546 774 2588 ejus
787 2569 795 2576 .
822 2546 861 2579 ln
884 2540 1028 2587 pluribus
1050 2543 1132 2577 anti·

276 2602 310 2637 ui
331 2596 542 2635 instrumenti
565 2594 647 2629 locis
667 2595 823 2639 leguntur
845 2592 1034 2630 Sacerdotes
1055 2615 1067 2632 ‚
1091 2603 1129 2638 ac

253 2653 355 2692 etiarn
379 2649 489 2694 Reges
509 2645 634 2689 populo
646 2643 864 2682 benedixisse.
892 2641 1032 2690 Qin&
1044 2641 1132 2676 Gen-

252 2703 326 2739 tiles
361 2696 580 2734 Athenienses
614 2693 807 2737 Philippum
833 2691 1040 2727 Macedonia
1068 2691 1135 2727 Re-

253 2763 351 2800 gem,
377 2746 456 2784 dum
467 2747 529 2782 suat
547 2744 750 2789 Reipublicae
762 2742 889 2788 hostem
902 2741 1111 2777 declarabant
1121 2767 1132 2785 ,

252 2803 409 2848 'jusserunt
432 2808 487 2842 per
509 2797 584 2830 suos
607 2795 795 2830 Sacerdotes
816 2791 968 2828 maledici
987 2814 999 2831 ,
1017 2792 1131 2827 &exe-

253 2846 336 2887 crari
355 2861 432 2886 curn
454 2846 518 2882 suis
531 2844 659 2884 liberis,
684 2842 887 2886 Maioribus,
911 2842 1077 2883 exercitu,
1099 2843 1132 2878 δι

255 2902 350 2938 omni
370 2898 515 2944 populo.
542 2897 607 2931 Per
628 2896 702 2930 suos
725 2893 932 2937 Sacerdotes,
957 2891 1038 2926 dnm
1062 2902 1133 2937 pro·

256 2951 331 2995 prim
351 2946 599 2992 Reipubliooein
622 2944 782 2980 sacrificio
804 2942 887 2978 bene
906 2951 1131 2986 precarentur.

256 3000 370 3035 Habes
391 2997 458 3043 h4ae'c
470 2998 505 3032 in
515 3005 629 3042 quarta
641 2994 784 3043 Decede·
793 2993 870 3027 Titi
884 2991 972 3027 Livii
985 3016 993 3024 .
1020 2991 1131 3032 Etiam

257 3050 357 3085 Balac
375 3045 603 3083 Moabitarum
626 3045 723 3086 Rex,
750 3044 808 3086 qui
820 3042 967 3077 Ballaam
978 3040 1131 3079 Ariolum

255 3100 363 3145 'pretio
385 3094 548 3132 conduxit
566 3093 608 3130 ad
628 3092 889 3130 maledicendum
905 3092 1012 3127 Israeli
1028 3116 1039 3134 ,
1065 3103 1131 3131 erat

256 3148 402 3186 Gentilis
411 3172 425 3180 .
434 3146 527 3180 Haec
537 3144 722 3180 benedictio
740 3144 786 3178 est
799 3154 902 3178 unum
913 3154 954 3177 ex
962 3142 1078 3178 anima
1087 3154 1132 3180 te.

255 3198 443 3238 stimoniis,
457 3205 538 3239 ‚quae
556 3194 650 3229 omni
672 3193 803 3230 homini
823 3194 1048 3231 demonstrant
1069 3200 1132 3237 De-

227 3262 313 3294 „um
325 3274 336 3292 ,
364 3250 399 3284 &
418 3247 520 3290 ipsum
540 3243 665 3278 faciunt
684 3244 748 3279 effe
768 3246 956 3281 naturaliter
976 3243 1145 3285 Christis

220 3298 222 3300 ’
252 3313 358 3340 num.
384 3292 1026 3337 ltaloquiturTertullianusinlibr-0(1e
1046 3298 1132 3335 testi·

253 3351 372 3390 nonio
388 3346 527 3386 Animis
536 3370 545 3379 .
570 3344 660 3380 Inter
673 3343 734 3380 ista
744 3345 928 3381 testimonia
937 3343 1060 3383 ibidem
1071 3360 1128 3395 po-

1191 153 1240 187 nit
1253 152 1352 187 etiam
1366 150 1430 187 hoc
1441 156 1564 188 cunetis
1576 154 1755 200 gentilibus
1766 155 1916 190 ufitatum
1928 164 2059 192 votum}

1190 204 1354 237 Benedicat
1383 210 1411 235 te
1425 206 1526 236 Deus:
1554 203 1902 240 Hoccetestimonium
1922 205 2060 239 affirmat

1189 252 1275 297 apud
1289 263 1350 287 nos
1367 250 1571 285 Christianos
1588 253 1650 287 effe
1666 252 1813 294 summum
1837 252 1997 296 disciplinae
2023 255 2059 287 θ

1188 303 1415 347 conversationis
1427 303 1650 335 sacramentum
1659 325 1670 341 ,
1696 303 1729 335 ἀ
1741 303 1885 347 adjungit
1895 303 1937 339 de
1954 302 2060 349 genti-

1189 352 1268 398 bus:
1298 353 1461 387 Benedicat
1482 360 1512 385 te
1533 354 1636 391 Deus,
1662 359 1726 383 tam
1742 350 1835 391 facile
1851 359 2031 393 pronuncias
2044 376 2058 393 ,

1189 406 1278 447 quam
1288 402 1454 443 Christiano
1469 400 1632 445 necesseest.
1661 399 1763 448 Qod
1774 399 1936 443 jurgantes
1956 400 2060 447 Paga

1191 454 1225 488 ni
1239 453 1293 489 fibi
1308 451 1422 488 mutuo
1444 451 1554 495 paffim
1566 451 1748 495 ingererent
1759 449 1809 484 uti
1821 450 1982 485 summum
1993 463 2060 487 ma-

1190 502 1340 539 ledicium
1353 527 1363 546 ,
1381 506 1512 547 Jupiter
1517 499 1555 543 stt
1579 501 1740 534 tibiiratus
1756 523 1767 540 ,
1786 497 1918 534 testatur
1930 499 1963 532 in
1976 499 2061 534 libro

1188 556 1229 588 de
1250 551 1463 591 Idololatria.
1492 552 1533 586 Et
1558 552 1669 586 nescio
1690 561 1789 594 quem
1810 547 2036 583 Christianum
2050 573 2062 590 ,

1189 603 1245 647 qui
1268 601 1441 642 maledisto
1454 601 1644 647 regenerat,
1670 603 1764 634 Immo
1774 598 1853 639 tibi,
1879 598 2067 644 gravissime

1188 653 1332 697 increpat
1345 676 1356 693 ‚
1381 652 1428 688 uti
1441 651 1526 686 falsae
1547 649 1742 686 Divinitatis
1762 648 2044 692 comprobatorem
2059 672 2068 680 .

1190 704 1233 738 Et
1253 703 1458 747 prosequitur
1479 714 1487 734 :
1523 702 1627 743 AEque*
1646 700 1778 734 benedici
1793 708 1851 742 per
1868 702 1945 733 Deos
1971 704 2067 733 natio·

1188 764 1262 787 num
1282 751 1393 792 cbristo
1410 757 1552 793 initiatus
1563 748 1800 793 nonsustinebit‚
1823 757 1857 783 ut
1873 746 1988 792 semper
1997 749 2067 789 reji-

1187 809 1247 840 ciat
1269 803 1454 838 immundam
1474 801 1720 841 benedifflionem,
1744 796 1958 842 &eamfihiin
1971 802 2068 832 Deum

1187 862 1362 888 convertens
1383 853 1538 887 emundet.
1566 852 1709 885 Benedici
1736 857 1793 893 per
1807 851 1886 884 Deos
1911 855 2067 882 nationum

1189 901 1226 942 est
1249 902 1387 936 maledici
1402 911 1458 944 per
1479 905 1574 935 Deum
1587 926 1594 933 .
1621 903 1708 935 sicui
1719 901 1826 936 dedero
1838 897 2039 943 eleemosinam
2055 921 2067 938 ,

1189 953 1241 988 vel
1259 952 1377 995 aliquid
1385 950 1544 993 praestitero
1570 950 1702 994 beneficit
1723 975 1734 991 ‚
1761 951 1795 985 ὑ·
1818 950 1867 985 ille
1888 949 1964 983 mihi
1988 952 2067 983 Deos

1189 999 1256 1044 suos
1270 1026 1281 1042 ‚
1305 1003 1360 1035 vel
1376 1003 1504 1036 c'oioniae
1523 1004 1650 1036 Genium
1669 1026 1679 1042 ‚
1700 1005 1847 1046 propitios
1873 1004 2068 1042 imprecetur,

1182 1053 1254 1092 jam
1271 1051 1381 1084 oblatio
1400 1063 1465 1084 mea
1485 1054 1537 1085 vel
1553 1058 1684 1092 operatio
1700 1051 1849 1084 zdolorum
1872 1048 1963 1082 bonor
1984 1054 2043 1082 erit
2055 1071 2069 1088 ,

1188 1111 1243 1142 pet·
1253 1113 1320 1144 quae
1330 1100 1536 1135 benediciionis
1537 1106 1676 1144 gratiam
1686 1099 1851 1143 compensat
1862 1122 1870 1130 -
1900 1100 1961 1134 Uti
1972 1096 2069 1132 Chri-

1195 1150 1442 1187 stianimendici
1450 1162 1507 1194 pro
1529 1159 1662 1194 accepta
1680 1151 1884 1193 eleemosyna
1906 1148 2045 1184 reddunt
2056 1170 2071 1188 ,

1193 1203 1334 1233 Dominus
1345 1205 1442 1241 Deus,
1466 1208 1520 1238 aut
1529 1202 1602 1233 talis
1613 1201 1667 1234 vel
1675 1202 1747 1234 talis
1756 1199 1883 1235 sandus
1906 1199 1964 1232 tibi
1985 1198 2070 1233 bene·

1194 1252 1274 1283 dicat
1293 1274 1304 1290 ,
1342 1250 1388 1284 ita
1412 1250 1554 1295 gentiles
1578 1249 1758 1287 reddebant
1777 1274 1789 1292 ,
1827 1250 1994 1294 Benedicat
2013 1247 2069 1281 tibi

1188 1304 1333 1344 Jupiter,
1358 1306 1497 1334 civitatis
1521 1303 1634 1335 Genius
1656 1324 1669 1342 ‚
1704 1307 1758 1334 aut
1776 1305 1844 1342 quis
1870 1300 1949 1333 alius
1964 1295 2070 1341 falfits

1195 1354 1294 1385 Deus.
1323 1348 1453 1394 Nempe
1474 1348 1542 1384 haec
1565 1349 1748 1387 benedictio
1767 1349 1815 1385 est
1833 1348 1929 1385 omni
1939 1347 2072 1383 homini

1193 1399 1380 1436 communis
1399 1425 1411 1441 ,
1444 1401 1538 1436 omni
1559 1400 1675 1434 animae
1693 1400 1842 1437 naturale
1861 1399 1904 1435 de
1923 1399 2002 1434 Deo
2027 1409 2074 1432 te·

1194 1450 1385 1485 stimonium
1398 1474 1409 1490 ,
1435 1449 1525 1494 quod
1548 1461 1673 1497 pagana
1685 1450 1816 1487 coecitas
1826 1449 2010 1494 frequenter
2021 1447 2079 1483 de·

1193 1500 1279 1533 torsit
1301 1500 1336 1533 in
1359 1501 1415 1536 sua
1427 1499 1611 1541 daemonia,
1636 1500 1669 1536 ἀ
1681 1498 1998 1544 Christianajustitia
2009 1498 2079 1533 red·

1193 1548 1277 1583 didit
1300 1549 1434 1585 Divinae
1455 1549 1640 1593 Maiestati.
1664 1549 1745 1585 Huc
1768 1550 1868 1586 etiam
1878 1549 1957 1584 facit
1968 1548 2078 1584 noster

1193 1599 1363 1634 Psalmus:
1390 1603 1437 1633 Et
1459 1611 1518 1633 nott
1537 1600 1681 1636 dixerunt
1700 1606 1750 1643 qui
1763 1598 1968 1644 praeteribant
1981 1623 1992 1640 ‚
2018 1602 2080 1633 Be·

1195 1649 1321 1682 nedie'Jio
1341 1652 1463 1681 Domini
1479 1647 1574 1693 super
1593 1645 1648 1683 vos
1664 1675 1671 1682 .
1699 1649 1852 1694 Exponit
1865 1650 1998 1684 Sanetus
2012 1648 2082 1683 Au-

1193 1698 1363 1743 gustinus:
1390 1697 1491 1737 Nostis
1504 1702 1654 1738 Fratres,
1674 1700 1794 1743 quando
1802 1698 2006 1741 tranfiturper
2015 1707 2081 1741 ope-

1192 1755 1295 1782 rantes
1307 1771 1318 1788 ,
1343 1746 1381 1787 est
1393 1747 1567 1791 consuetudo
1579 1773 1590 1788 ,
1616 1756 1651 1781 ut
1658 1750 1778 1782 dicatur
1786 1749 1852 1782 iliis
1864 1772 1876 1788 ‚
1902 1749 2080 1784 Benedictio

1192 1800 1311 1835 Domini
1323 1796 1417 1842 super
1434 1809 1507 1831 vos.
1535 1801 1583 1831 Et
1598 1804 1696 1843 magis
1717 1796 1770 1838 ista
1781 1797 1957 1843 consuetudo
1967 1806 2032 1833 erat
2045 1804 2080 1831 in

1187 1857 1274 1892 gente
1289 1849 1496 1892 Judaeorum.
1520 1851 1622 1882 Nemo
1643 1847 1791 1892 tranfibat
1805 1872 1817 1890 ,
1842 1848 2013 1883 &videbat
2024 1850 2081 1882 ali-

1192 1909 1264 1940 quos
1281 1897 1385 1940 facete
1403 1899 1527 1940 aliquod
1545 1905 1619 1940 opus
1649 1904 1682 1931 in
1703 1910 1775 1943 agro
1787 1899 1880 1933 velen
1888 1904 1999 1941 vinea,
2027 1900 2084 1933 vel

1193 1954 1226 1985 in
1247 1947 1349 1991 meffe,
1374 1948 1426 1981 vet
1444 1949 1561 1992 aliquid
1566 1946 1724 1991 ejttsmodi:
1751 1953 1825 1982 Non
1833 1949 1940 1983 licebat
1953 1948 2079 1990 transtra

1187 1996 1250 2039 fine
1270 1998 1470 2032 benedieitone
1492 2023 1501 2031 .
1527 1998 1610 2033 Non
1632 1998 1763 2033 rantum
1783 2009 1840 2044 per
1862 1999 2077 2040 Sacerdotes,

1193 2047 1248 2082 sed
1271 2048 1371 2083 etiam
1394 2059 1449 2092 per
1469 2048 1618 2092 quemvis
1638 2047 1812 2084 hominem
1841 2049 1917 2085 data
1945 2048 2079 2085 benedi-

1194 2097 1260 2132 &io
1282 2097 1328 2131 est
1352 2098 1438 2140 apud
1456 2108 1558 2132 omne
1580 2097 1756 2135 hominum
1773 2109 1881 2145 genus
1898 2098 1983 2134 adeo
1992 2102 2080 2135 anti-

1195 2157 1259 2190 qua
1279 2145 1323 2180 8ο
1337 2146 1519 2182 familiaris.

1244 2196 1347 2244 Qod
1369 2195 1459 2239 hunc
1466 2196 1680 2231 sacerdotalis
1693 2198 1864 2241 praesertim
1876 2197 2076 2234 benedictio«

1195 2245 1246 2280 nis
1266 2257 1392 2282 morem
1416 2246 1482 2290 ipse
1501 2247 1660 2282 Sacerdos
1681 2248 1771 2283 Deus
1785 2249 1818 2282 in
1834 2248 2012 2285 Ecclesiam
2025 2251 2076 2285 in·

1177 2295 1345 2337 duxerit,
1370 2297 1508 2331 affirmat
1525 2297 1561 2330 in
1583 2297 1769 2341 Evangelio
1791 2298 1926 2334 Sanetus
1945 2301 2074 2345 Lucas,

1197 2345 1237 2380 de
1259 2347 1331 2389 ipso
1351 2346 1387 2380 in
1398 2346 1530 2382 Coelum
1541 2346 1759 2383 adscendente
1771 2346 1912 2384 scribens
1923 2363 1934 2384 .-
1959 2351 2073 2385 Eleva-

1174 2426 1176 2430 ,
1194 2401 1235 2428 tis
1247 2396 1383 2430 manibus
1393 2397 1548 2431 benedixit
1556 2402 1599 2430 eis
1613 2422 1619 2429 .
1647 2398 1692 2431 Et
1702 2396 1768 2432 haec
1789 2398 1898 2434 Sansti
1920 2399 2073 2436 Matthaei

1198 2445 1314 2481 verba:
1341 2450 1423 2480 Tunc
1432 2447 1524 2481 oblati
1539 2446 1613 2491 sunt
1634 2453 1661 2481 ei
1681 2449 1831 2490 parvuli,
1848 2457 1883 2483 ui·
1900 2461 2006 2485 manus
2028 2458 2072 2485 eis

1195 2501 1381 2539 imponeret,
1408 2499 1444 2531 ό·
1466 2505 1583 2538 oraret,
1610 2495 1744 2540 disi-ipuli
1760 2506 1857 2533 autem
1876 2501 2071 2544 increpabant

1196 2557 1261 2579 eos.
1290 2547 1545 2581 Commentatur
1566 2548 1701 2582 Sanstus
1721 2549 1971 2592 Hieronymus:
1996 2555 2072 2586 Non

1198 2598 1255 2638 quo
1275 2598 1386 2631 nollent
1410 2598 1578 2631 salvatoris
1597 2598 1633 2631 ά·
1652 2608 1744 2631 manu
1767 2600 1802 2633 θ
1820 2610 1890 2634 voce
1915 2600 2048 2636 benedici
2059 2626 2072 2643 ,

1194 2644 1251 2689 fid
1261 2652 1400 2688 quoniam
1410 2647 1535 2680 necdum
1543 2645 1682 2681 babentes
1695 2647 2003 2693 pleniffimamfidem,
2014 2660 2072 2694 pu-
2086 2632 2161 2672 Cap.
2182 2641 2227 2670 ¹⁹⁴

1199 2703 1297 2729 tarent
1317 2707 1384 2729 eum
1406 2701 1439 2729 in
1454 2694 1677 2741 similitudinem
1694 2696 1864 2740 bominum,
1889 2699 2072 2740 offerentium

1200 2751 1420 2789 importunitate
1444 2746 1560 2790 lassari.
1584 2746 1729 2783 Proinde
1739 2747 1798 2785 ista
1809 2748 1992 2786 benedictio
2001 2761 2072 2786 erat

1200 2795 1475 2831 vocalisorationi
1512 2797 1650 2840 species,
1678 2796 1840 2842 fiebatque
1859 2799 1892 2836 &
1914 2811 2014 2836 manu
2036 2802 2073 2837 δε

1200 2857 1293 2880 voce.
1325 2844 1475 2882 Unde&
1500 2858 1521 2880 n
1534 2845 1624 2881 libris
1633 2847 1674 2882 de
1685 2847 1856 2891 Baptismo
1867 2849 1981 2885 scribit
1994 2852 2073 2887 San·

1199 2900 1266 2932 &us
1285 2896 1492 2942 Augustinus
1510 2908 1519 2930 :
1545 2898 1637 2940 ‚Quid
1653 2896 1692 2938 est
1712 2908 1819 2932 manus
1837 2898 1995 2943 impost‘tio,
2019 2898 2076 2942 nlfi
2087 2903 2219 2943 Las-342.

1198 2945 1382 2991 oratiosuper
1392 2945 1567 2980 bominem?
1593 2946 1636 2981 Et
1647 2947 1807 2990 ejusmodi
1832 2949 1877 2985 est
1900 2950 2010 2989 omnis
2031 2952 2072 2984 ri·
2091 2949 2138 2975 ¹⁶·

1197 2998 1294 3033 tualis
1309 2995 1565 3038 Sacerdotalium
1585 3007 1744 3033 manuum
1755 2998 1918 3042 impositio
1932 3023 1940 3032 .
1966 2999 2012 3034 Et
2023 2999 2072 3034 in-

1197 3059 1245 3083 ter
1268 3047 1368 3089 istos,
1394 3045 1513 3090 quibus
1538 3046 1706 3082 Dominus
1731 3059 1867 3083 manum
1894 3048 2069 3092 imposuit,

1197 3097 1346 3145 parvulos
1356 3096 1448 3132 fuiffe
1457 3096 1609 3131 sancium
1621 3097 1804 3139 Martyrem
1814 3097 1977 3143 Ignatium
1986 3100 2072 3134 Ωιτ·

1195 3150 1227 3185 ci
1255 3147 1441 3183 constanter
1459 3144 1595 3180 credunt
1608 3170 1619 3187 ,
1646 3146 1817 3190 scribitque
1836 3146 1898 3181 hac
1918 3147 1959 3183 de
1977 3160 2010 3185 re
2033 3150 2069 3185 in

1196 3196 1430 3244 m2rginalibus
1439 3195 1478 3230 ad
1490 3196 1638 3230 estavam
1649 3195 1818 3239 Synodum
1832 3195 1964 3234 scholiis
1975 3198 2066 3235 Ana-

1196 3251 1301 3286 stafius
1313 3247 1471 3282 Romanae
1491 3245 1642 3281 Eceiefiae
1663 3245 1934 3282 Bibliothecarius
1950 3263 1962 3286 .·
1987 3253 2063 3291 Tra.

1195 3303 1271 3335 dunt
1292 3302 1392 3336 Graeci
1403 3319 1415 3336 ,
1441 3296 1521 3338 quod
1539 3296 1713 3338 parvulus,
1733 3305 1828 3341 quem·
1846 3301 1991 3339 Dominus
2010 3308 2070 3340 ad·

1195 3347 1440 3388 vocatumftatuit
1457 3351 1491 3380 in
1512 3347 1608 3382 meato
1618 3347 1719 3381 dicent
1733 3369 1746 3388 ,
1770 3345 1844 3389 Nisi
1859 3352 1992 3396 converfi
2000 3354 2068 3396 fin·-

1274 3411 1278 3419 ·
1935 3408 2023 3447 ritis,
