2352 3756
73 1285 139 1316 Lib·
174 1289 210 1317 '2-

73 1334 151 1364 Csspv—
179 1336 209 1364 5.

83 2846 147 2877 libi.
171 2855 197 2882 ς.

83 2895 150 2925 cap.
171 2896 215 2921 μμ

589 84 1221 134 Α(;’”5ΑτιειτΑ(;τῐοΝυΜ
1258 85 1729 134 INDULGENTHS.

252 182 319 215 ὡς
329 175 524 213 authoritate
538 176 665 209 fulciret
677 198 687 214 ,
715 170 944 206 Tertullianus
958 167 1142 202 ›calumnia-

253 239 325 264 tur.
339 230 440 263 Hunc
451 228 540 261 enim
551 226 725 268 respiciunt
736 223 770 256 &
783 221 847 254 haec
859 221 926 262 ejus
940 219 1037 253 verba
1053 220 1141 250 :Vin-

253 282 323 314 enta
349 280 448 312 induit
474 276 572 310 adbuc
592 275 692 308 mollia
711 297 722 313 ,
766 281 841 304 novo
862 267 997 309 custodiae
1014 278 1120 312 genere
1133 291 1140 298 .

256 329 455 373 ‘Nempeisti
478 324 648 370 spontanei
668 325 703 358 δε
727 319 1036 375 Pseudo-Martyres
1057 316 1140 351 mol-

257 379 323 415 litis
335 378 552 415 tranabantur
565 400 577 416 ,
601 374 700 418 idque
708 372 743 406 in
756 371 857 414 libera
867 368 1016 403 custodia
1030 393 1037 399 .

309 428 414 478 Qiod
431 429 534 462 homo
555 423 766 460 Montanista
788 419 1006 454 calumnietur
1019 416 1139 474 .E⁶⁶¹‘?’

253 481 357 519 fiam,
383 480 470 512 lucet
489 489 533 512 ex
554 475 696 510 adducto
718 470 824 506 Sandi
849 469 1029 513 Augustini
1053 467 1138 500 testi-

255 530 394 564 monio.
423 527 558 561 Etenim
572 526 619 560 uti
643 523 828 558 Mensurius
849 517 1137 562 Carthagi‘nenfis,

258 581 304 614 ita
315 578 425 620 quivis
444 578 527 611 alius
545 577 580 609 in
605 573 744 609 Ecclefia
763 567 938 605 catholica
958 567 1138 611 Episcopus

255 630 336 663 istos
348 627 653 669 Pseudo-Martyres
664 623 727 657 fuit
739 622 860 664 semper
870 618 1046 653 ele-testatus
1056 641 1067 671 q.
1096 616 1138 649 Et

259 678 325 713 haec
336 677 507 721 disciplina
520 677 565 712 est
577 686 642 709 una
665 685 707 708 ex
730 668 915 716 originibus
936 665 1138 721 Donatistici

256 728 470 764 Schismatis.
501 727 554 761 Ex
576 727 640 769 ipsa
658 723 748 756 enim
772 719 988 757 Caecilianus,
1015 714 1137 748 laudati

257 778 424 813 Mensurii
436 777 545 811 adduc
559 773 823 813 Archidiaconus
835 794 845 808 ,
871 768 1059 810 opulentam
1073 775 1140 798 mu-

251 828 374 861 lierem
389 826 556 860 Lucillam
571 847 581 862 ,
599 823 688 866 quod
713 819 853 854 necdum
874 815 1140 872 vindicati-Mar·

254 877 341 920 tyris
352 876 419 910 offa
441 881 666 911 veneraretur,
691 870 823 914 arguit,
850 876 947 911 atque
966 876 1012 900 ita
1034 875 1141 898 incur-

258 926 301 961 rit
313 925 402 960 illius
414 924 530 959 odium
542 950 549 957 .
577 920 681 970 Qod
695 919 871 954 Catholica
885 916 1026 950 Ecclesia
1038 926 1141 971 carce-

258 978 339 1010 ratis
363 974 568 1018 Martyribus
590 973 726 1016 popinas
747 967 915 1004 exhiberet
940 991 950 1007 ‚
974 966 1018 1000 est
1040 975 1142 999 etiarn

258 1025 396 1070 inlignis
414 1025 593 1060 calumnia.
623 1023 812 1057 Carceratos
826 1017 986 1060 Martyres
998 1016 1051 1049 illa
1065 1015 1141 1049 sem-

261 1071 494 1119 perhdnoravit
518 1084 614 1118 atque
624 1072 724 1107 aluit.
753 1070 805 1103 Ex
833 1067 897 1102 hac
919 1067 1009 1122 enim
1031 1065 1140 1109 regula

263 1126 333 1168 ipse
342 1124 450 1160 adhuc
470 1124 679 1160 orthodoxus
692 1119 888 1163 Septimius,
915 1116 1055 1167 gentiles
1078 1125 1140 1171 'nu-

263 1177 347 1218 ptias
369 1175 521 1211 fidelibus
537 1173 754 1208 interdicens,
777 1168 892 1211 scripsit
915 1166 955 1200 ad
979 1174 1139 1218 propriam

266 1236 401 1260 uxorem
423 1239 431 1258 z
459 1228 542 1269 ,Quis
557 1223 689 1269 gentilis
711 1227 742 1253 tn
765 1229 904 1253 carcerem
923 1218 967 1248 ad
983 1214 1141 1258 osculanda

265 1277 389 1310 vincula
400 1279 541 1314 Martyris
565 1283 683 1316 reptare
705 1281 841 1304 uxorem
860 1272 994 1310 patietur
1008 1267 1023 1297 ,ἓ
1051 1266 1141 1299 Nota

265 1338 407 1367 vocem,
432 1330 580 1367 Reptare.
610 1325 650 1356 Et
663 1320 887 1355 orthodoxum
915 1317 955 1350 ad
977 1316 1141 1360 Martyres

265 1376 387 1410 librum
400 1377 440 1409 lic
463 1372 609 1408 inchoat:
643 1377 724 1404 Inter
744 1376 842 1402 carnis
866 1368 1032 1404 alimenta,
1058 1367 1141 1399 bene-

264 1426 340 1460 ἄνθε’
350 1429 495 1465 Martyres
506 1422 662 1466 defig'nati,
686 1432 756 1467 θαι
768 1418 850 1453 vobis
869 1419 902 1451 (θ’
926 1419 1054 1448 Domina
1079 1418 1144 1447 Ma·

263 1487 312 1510 rer
326 1475 453 1515 Ecclefia
474 1476 511 1506 de
529 1472 663 1506 uberibus
679 1469 741 1513 suis
757 1494 767 1509 ,
795 1471 829 1502 <5
847 1466 948 1511 singuli
965 1466 1084 1508 fratres
1106 1466 1143 1499 de

265 1526 370 1568 opibus
376 1523 441 1567 ficis
453 1547 457 1550 -
463 1526 592 1565 propriis
612 1527 645 1554 in
668 1529 810 1553 carcerem
825 1515 1051 1560 subministrant
1063 1539 1073 1555 ,
1098 1526 1142 1560 ca·

260 1581 327 1618 pin
336 1574 525 1617 anquirit-&a
539 1571 621 1605 nobis
631 1594 641 1608 ‚
666 1570 748 1612 quad
760 1568 861 1610 facias
872 1565 1064 1609 adsparsum
1076 1576 1142 1607 quo-

265 1635 319 1667 que
333 1625 517 1658 educandum
531 1646 538 1653 .
565 1625 695 1653 Carnem
718 1623 797 1661 ent'rn
813 1615 975 1660 saginari,
1002 1617 1036 1649 ὃ*
1056 1618 1143 1658 th'ri-

262 1684 332 1708 ·tum
343 1673 448 1718 esurire
461 1684 516 1705 non
532 1669 666 1713 prodest.
694 1668 738 1701 Et
749 1667 788 1700 ad
814 1667 874 1699 suae
897 1664 1041 1698 Ecclesia
1059 1664 1146 1697 Pres'

265 1723 402 1765 byteros
423 1734 459 1756 ac
490 1723 660 1756 Diaconos
687 1717 793 1750 scribit
814 1715 889 1748 exul
916 1716 1049 1748 Sanetus
1077 1714 1141 1756 Cy·

266 1774 417 1816 prianus:
444 1773 474 1804 51·
479 1771 594 1811 fratres
603 1778 659 1811 pro
672 1767 824 1800 dilet‘i‘ione
832 1765 889 1807 sua
898 1762 1080 1806 cupidisunt
1101 1764 1146 1796 ad

265 1823 498 1857 conveniendum
509 1822 543 1859 (st
554 1818 736 1859 vifitandum
747 1815 924 1858 confessores
938 1814 1024 1846 bonos
1038 1837 1048 1852 ,
1073 1825 1143 1856 quos

261 1873 428 1913 illustravit
441 1873 512 1911 jam
529 1867 656 1914 glor-tofis
669 1872 766 1899 initiis
783 1869 898 1897 Divina
918 1865 1051 1906 dignatio
1063 1887 1073 1901 ,
1099 1873 1144 1896 ta-

265 1933 334 1955 men
355 1923 439 1954 caute*
461 1919 532 1959 hoc,
559 1920 592 1951 6
618 1929 673 1949 non
691 1917 896 1960 glomeratim,
917 1924 967 1946 nec
990 1922 1044 1954 per
1071 1914 1144 1946 rnul-

263 1973 426 2005 altudinem
442 1969 530 2011 simul
542 1967 683 2008 ,tundam
701 1975 775 2007 puto
798 1964 847 2007 effe
864 1963 1039 2004 faciendum
1059 1989 1069 2003 ‚
1108 1974 1145 1995 ne

263 2033 304 2055 ex
327 2021 376 2053 hoc
396 2018 460 2061 ipso
483 2020 604 2051 invidia
624 2021 776 2049 concitetur
800 2037 811 2052 ,
838 2016 871 2047 Θ·
892 2015 1060 2045 introeundi
1080 2014 1144 2044 adi·

266 2081 316 2103 ms
340 2072 516 2112 denegetur,
545 2068 580 2100 θ
609 2067 681 2098 dum
704 2062 887 2106 insatiabiles
914 2064 1041 2096 multum
1066 2066 1144 2094 volu-

264 2132 333 2153 mus
346 2144 356 2160 ,
381 2129 475 2153 totum
490 2117 653 2160 perdamus
679 2140 686 2146 .

266 2170 357 2208 dete,
381 2177 417 2201 ut
437 2179 502 2201 cum
523 2167 754 2206 temperamento
776 2162 827 2195 hoc
845 2161 938 2194 turias
963 2168 1015 2205 agi
1042 2163 1146 2202 P‘fft,

266 2225 312 2251 tta
332 2228 365 2251 ut
390 2216 552 2255 Presbyteri
571 2225 683 2256 quoque
696 2238 705 2252 ,
731 2218 782 2254 qui
806 2212 865 2245 illic
891 2212 976 2252 apud
998 2211 1143 2254 Confeffo-

263 2279 313 2301 res
333 2267 480 2309 offerunt,
501 2263 609 2307 finguli
631 2275 696 2295 cam
711 2260 835 2305 fingulis
859 2263 997 2293 Diaconis
1018 2268 1076 2301 per
1097 2268 1142 2294 vi-

263 2329 311 2351 ces
336 2319 486 2350 alternent
509 2340 515 2347 .
547 2316 631 2356 ‚Quia
652 2313 686 2346 &⁴
708 2317 831 2352 mutatio
847 2309 1042 2353 personarum
1065 2335 1076 2351 ‚
1111 2313 1145 2345 ό·

262 2367 424 2406 vteiffitudo
444 2368 679 2398 convenientium
705 2367 812 2394 minuit
833 2362 987 2394 invidiam
1011 2385 1017 2391 .
1056 2361 1158 2405 Erga,

264 2425 442 2451 carceratos
458 2414 621 2456 Martyres
650 2423 717 2446 erat
751 2410 834 2445 adeo
857 2410 961 2444 zelosa
992 2401 1158 2444 omniumi

264 2467 367 2510 pietas
388 2489 399 2506 ,
436 2472 472 2498 ut
506 2462 674 2497 turmatim
699 2461 817 2506 singuli
840 2470 1041 2494 accurrerent
1067 2471 1143 2494 cum

262 2514 456 2550 muneribus
473 2535 484 2553 ,
521 2524 557 2547 ac
579 2512 764 2556 Episcopali
786 2510 950 2554 Praecepto
971 2509 1156 2559 debuerintl

262 2566 450 2609 temperari.
480 2563 522 2596 Et
542 2561 619 2596 hinc
639 2561 723 2595 inter
746 2559 905 2600 crimina,
931 2558 976 2592 ob
993 2570 1063 2603 quae
1076 2559 1155 2594 Cae-J

262 2616 422 2650 cilianum
449 2610 742 2656 Carthaginensem
774 2608 1061 2650 Archiepiscopum
1088 2610 1154 2646 ‹ie-2

261 2666 397 2710 gradare
416 2661 588 2696 attentavit
610 2660 739 2694 factiosa
763 2658 1014 2692 Donatistarum
1037 2659 1153 2702 Syno„

260 2718 323 2750 dus
336 2740 348 2756 ,
368 2714 430 2749 suit
444 2714 477 2747 δε
491 2711 553 2745 hoc
568 2723 575 2743 :
592 2713 674 2754 ,Quia
684 2711 747 2742 ciem
758 2708 821 2750 esset
836 2711 983 2740 Diaconus
993 2730 1003 2746 ,
1029 2709 1153 2754 villum}

1911 99 2003 148 265

1201 171 1260 198 rior
1272 189 1283 204 ,
1308 165 1441 207 carnifice
1452 168 1591 198 crudelior
1602 192 1611 207 ,
1635 170 1769 203 idoneum
1779 170 1898 214 sceleris
1919 170 1966 213 sui
1988 177 2074 206 mini-

1193 215 1290 255 strum
1301 217 1464 248 Diaconum
1469 213 1557 259 suum
1568 216 1653 258 elegit
1664 222 1858 254 Caecil‘ianum
1871 246 1880 261 ‚
1890 224 2022 262 idemque
2032 224 2073 255 lo·

1202 278 1237 297 ra
1251 268 1285 299 (ff
1297 265 1390 308 flagra
1400 276 1464 298 cum
1473 270 1601 297 armatis
1613 266 1769 307 anteferes
1781 276 1901 303 carceris
1910 279 1999 312 ponte
2008 294 2019 311 ‚
2038 279 2072 305 ut

1203 315 1241 348 ab
1252 315 1374 359 ingreffu
1383 325 1472 357 atque
1483 316 1567 348 aditu
1576 314 1691 348 cunctos
1702 339 1711 354 ,
1733 323 1786 358 qut
1792 320 1904 357 vieum
1910 329 2073 364 porumque

1202 371 1233 399 in
1241 376 1381 399 carcerem
1393 365 1573 404 Martyribus
1583 364 1750 405 afferebant
1767 389 1777 404 ,
1798 375 1890 409 gravi
1901 371 2018 409 affl-Hos
2027 377 2074 404 ὶη.

1196 418 1283 456 ‚iuria
1288 413 1472 459 propulsaret
1488 441 1491 446 .
1506 418 1551 448 Et
1561 414 1779 448 caedebantur‘a
1792 417 1947 450 caecilraeno
1957 421 2072 462 paffim,

1202 472 1251 508 qui
1262 468 1305 499 ad
1315 467 1437 499 alendos
1448 469 1592 504 Martyres
1604 465 1763 498 veniebant
1775 477 1781 496 :
1809 465 1979 499 sitientibus
1991 471 2071 503 intas

1203 522 1234 548 in
1246 518 1373 549 vinculis
1385 514 1599 558 confessoribus
1613 540 1621 553 ,
1645 517 1747 556 pocula
1766 514 1982 559 frangebantur
2003 527 2071 553 ante

1201 572 1325 599 carceris
1336 566 1443 598 limina
1454 590 1466 606 ,
1490 565 1544 598 cibi
1550 566 1653 607 paffim
1662 566 1814 598 lacerandi
1823 565 1947 599 canibus
1952 565 2074 611 sparge-

1203 616 1328 649 bantur.
1358 615 1559 659 Huiusmodi
1571 616 1661 658 plura
1674 615 1812 649 affirmat
1823 625 1945 658 patrata
1955 616 1996 651 ab
2014 617 2076 651 Ar-

1203 664 1399 699 chidiacono
1413 666 1609 699 Caeciliano.
1638 665 1803 699 Existimo
1823 664 1913 707 quod
1934 667 2075 711 grandes

1202 717 1370 750 turmatim
1382 715 1607 750 multitudines
1617 715 1656 748 ad
1667 724 1845 749 carceratos
1853 716 2014 760 Martyres
2023 727 2076 751 ac-

1203 770 1315 800 cedere
1342 766 1538 800 Caecilianus
1558 764 1758 809 prohibuerit
1784 790 1792 798 .
1832 764 2009 801 Praesertim
2031 766 2074 802 ad

1205 816 1508 860 Pseudo-Martyres
1519 839 1530 855 ‚
1554 825 1694 860 quorum
1715 815 1851 864 popinas
1870 816 1903 849 &
1913 816 1992 850 aiias
2006 817 2075 852 ine-

1202 868 1285 908 ptias
1297 865 1490 910 nobissupra
1501 866 1660 909 descripsit
1670 876 1711 899 ex
1722 865 1881 900 Mensurii
1901 865 2018 901 litteris
2040 867 2072 901 S.

1206 915 1426 959 Augustinus.
1441 917 1482 950 Et
1497 916 1581 950 istud
1595 915 1736 950 omnino
1749 916 1909 959 spe-stabat
1921 915 1963 950 ad
1974 916 2074 951 Caeci-

1204 965 1282 998 liani
1295 964 1569 1001 Archidiaconale
1579 967 1722 1002 officium
1734 993 1741 999 .
1767 965 1871 1016 Qdd
1893 966 1980 1000 enim
1994 967 2075 1001 Dia-

1203 1015 1280 1049 coni
1293 1038 1305 1055 ,
1317 1015 1485 1058 praesertim
1503 1016 1765 1052 Archidiaconus
1777 1041 1788 1057 ,
1807 1016 1973 1051 carceratis
1985 1017 2074 1052 Con-

1203 1064 1368 1100 fefforibus
1378 1068 1552 1111 praeessent,
1563 1080 1674 1103 eorum
1687 1067 1860 1111 spiritualia
1869 1080 1906 1103 ac
1917 1078 2075 1113 tempora·

1206 1116 1246 1148 lia
1256 1115 1453 1161 dirigerent,
1480 1118 1513 1152 &
1526 1119 1599 1161 ipsis
1610 1118 1811 1163 singulariter
1821 1119 1861 1153 de
1872 1118 1954 1154 vistu
1968 1119 2076 1163 provi-

1191 1164 1314 1201 ³detent
1328 1194 1338 1207 ‚
1351 1168 1506 1202 testantur
1516 1170 1604 1211 plura
1619 1168 1806 1211 Martyrum
1821 1168 1903 1203 Acta
1917 1194 1927 1209 ,
1939 1169 2075 1212 antiqua

1205 1216 1301 1251 Gesta
1312 1229 1425 1252 contra
1437 1219 1616 1260 Sylvanum
1631 1216 1836 1253 Cirthensem
1850 1219 2050 1263 Episcopum
2064 1243 2078 1260 ,

1205 1278 1304 1300 unum
1317 1267 1334 1301 ὲ
1347 1267 1564 1303 Schismaticis
1575 1267 2012 1312 MajoriniOi-dinatoribus,
2025 1280 2078 1303 va-

1207 1317 1259 1350 riis
1271 1317 1303 1350 in
1319 1317 1471 1360 Epistolis
1484 1318 1617 1352 sandius
1639 1318 1825 1362 Cyprianus
1842 1343 1852 1358 ,
1878 1320 1912 1352 δε
1923 1319 2078 1362 antiquus

1208 1366 1337 1400 Author
1350 1367 1635 1403 Constitutionum
1646 1367 1941 1412 Apostolicarum.
1959 1368 2004 1402 Et
2016 1379 2080 1402 cer-

1205 1417 1235 1449 te
1245 1427 1284 1449 ex
1299 1417 1492 1460 Apostolico
1504 1417 1695 1452 Constituto
1706 1419 1851 1453 Diaconi
1867 1420 1942 1452 sunt
1965 1418 2082 1453 Eccle-

1206 1466 1332 1500 siasticae
1344 1466 1523 1501 substantiae
1533 1467 1765 1515 dispensatores
1777 1493 1787 1508 ,
1813 1480 1853 1502 ac-
1869 1468 2008 1503 Prie-festi
2022 1469 2083 1503 Ec·

1205 1516 1446 1551 clefiasticarum
1459 1519 1640 1552 mensarum
1651 1543 1658 1550 .
1687 1517 1731 1550 Et
1743 1518 1786 1552 ad
1803 1517 1860 1552 has
1880 1529 1979 1554 nemo
2001 1519 2078 1563 plus

1204 1566 1281 1609 juris
1292 1566 1389 1601 babet
1401 1591 1411 1606 ,
1438 1566 1533 1611 quam
1547 1568 1700 1602 carcerati
1714 1566 1922 1602 Confeflores
1936 1591 1944 1601 .

1258 1616 1416 1651 Notanda
1427 1618 1502 1651 sunt
1522 1617 1628 1651 Sansti
1650 1616 1812 1660 Cypriani
1836 1617 1935 1652 verba
1947 1631 1958 1650 .-
1985 1620 2084 1651 Bonos

1207 1664 1386 1708 eonfeffores
1400 1690 1406 1697 .
1430 1666 1557 1701 Contra
1572 1666 1775 1701 Tertulliani
1788 1667 1988 1702 calumniam
2000 1669 2083 1704 affir-

1207 1724 1298 1747 mant
1311 1713 1662 1750 Pseudo—Confeffores
1673 1717 1759 1759 apud
1772 1716 1979 1759 Cyprianum
1991 1718 2086 1751 fuisse

1208 1763 1329 1799 nullius
1340 1764 1491 1807 ponderis
1506 1790 1512 1797 .
1536 1764 1638 1811 Qiod
1649 1763 1765 1799 eodem
1778 1766 1854 1800 loco
1866 1767 1988 1801 fuerint
1998 1767 2088 1810 apud

1208 1813 1414 1848 Mensurium
1427 1839 1438 1855 ,
1464 1814 1671 1858 reflaturjam
1686 1815 1822 1850 adducta
1837 1816 2087 1852 Donatistarum

1209 1865 1239 1896 in
1253 1863 1467 1898 Caecilianum
1475 1865 1638 1899 calumnia
1648 1889 1655 1897 .
1668 1866 1781 1910 Pergit
1790 1866 1994 1910 Cyprianus:
2004 1869 2088 1911 ‚Quor

1206 1912 1576 1958 illustravitjamgloriofis
1589 1919 1686 1948 initiis
1697 1918 1815 1949 Divina
1825 1917 1959 1960 dignatio
1971 1942 1978 1949 .
2007 1918 2086 1951 Lar-

1205 1963 1278 2008 gius
1292 1965 1430 2008 exponit
1444 1966 1477 1996 in
1490 1965 1552 1998 alia
1564 1965 1605 1999 ad
1618 1966 1688 1999 suos
1697 1965 1905 2009 Presbyteros
1917 1978 1955 2001 ac
1966 1966 2090 2002 Diaco-

1205 2024 1264 2047 nos
1276 2014 1430 2057 epistola:
1443 2017 1639 2058 ,Quamquam
1648 2014 1743 2059 sciam
1755 2026 1808 2049 vos
1817 2017 1929 2050 litteris
1941 2022 2015 2058 meis
2019 2017 2090 2057 fre·
2107 2043 2127 2073 Ε

1201 2073 1324 2103 quenter
1337 2066 1503 2097 admonitos
1511 2067 1562 2107 effic
1571 2090 1580 2104 ‚
1596 2074 1628 2098 ut
1635 2065 1760 2110 gloriosa
1770 2077 1839 2100 voce
1851 2070 2012 2101 Dominam
2023 2079 2088 2101 con<
2130 2053 2157 2083 p'
2180 2053 2195 2082 3
2201 2055 2229 2080 7·

727 2110 872 2154 Consulite
897 2115 965 2154 ergo
991 2113 1024 2145 (rs
1044 2117 1143 2153 provi-
1194 2112 1275 2153 feffis
1285 2137 1295 2152 ,
1310 2114 1343 2145 (y
1352 2120 1385 2145 in
1396 2124 1509 2146 carcere
1516 2111 1674 2152 constitutis
1686 2120 1783 2147 omnis
1795 2117 1953 2160 dillgentia
1962 2118 2086 2158 prebea-

1201 2171 1249 2194 tur
1264 2175 1276 2195 .-
1301 2172 1402 2195 tamen
1416 2163 1576 2195 identidem
1588 2163 1671 2196 vobis
1683 2164 1817 2197 incumbo
1828 2176 1889 2206 ‚ce
1899 2168 1975 2209 quid
1982 2169 2028 2199 ad
2036 2179 2084 2201 cu-

1201 2223 1268 2243 ram
1282 2210 1351 2252 defit
1365 2218 1409 2245 eis
1424 2236 1433 2251 ,
1451 2213 1558 2254 quibus
1571 2215 1616 2245 ad
1631 2214 1760 2257 gloriam
1780 2213 1859 2247 nibil
1877 2216 1968 2256 deest.
1997 2216 2081 2252 Non

1198 2251 1553 2304 qdosviscommendat
1564 2272 1743 2297 carceratos
1767 2264 1974 2300 Constffores
1989 2290 1999 2306 ‚
2026 2267 2081 2301 sed

1200 2310 1285 2344 fotos
1294 2308 1438 2356 gioriosa
1455 2322 1534 2346 voce
1547 2314 1735 2346 Dominum
1750 2315 1913 2349 confessos
1924 2340 1932 2355 ,
1961 2316 2079 2359 quibus

1202 2359 1285 2394 nihil
1299 2361 1377 2396 desit
1389 2361 1429 2395 ad
1440 2361 1580 2405 gloriam
1598 2388 1604 2394 .
1628 2363 1706 2397 Hoc
1718 2363 1763 2397 est
1779 2389 1789 2405 ,
1799 2365 1854 2408 qui
1867 2365 1896 2398 fir
1910 2365 2010 2399 firmis
2019 2365 2078 2400 do·

1203 2412 1365 2445 cumentis
1382 2411 1648 2447 demonstrassent
1663 2424 1755 2447 veros
1779 2414 2003 2450 Confessores.
2032 2417 2076 2451 Et

1204 2460 1252 2494 his
1267 2461 1358 2496 nullo
1369 2461 1471 2495 modo
1483 2462 1637 2505 popinam
1649 2460 1827 2499 exhibebat
1838 2474 1939 2499 mater
1961 2466 2075 2501 Eccle-

1203 2511 1262 2544 lia.
1290 2512 1461 2555 insigniter
1484 2511 1548 2546 hoc
1570 2512 1691 2547 docent
1713 2514 1866 2557 antiqua,
1895 2527 1966 2558 quae
1990 2516 2075 2550 Lau·

1202 2561 1323 2594 tentius
1343 2561 1453 2594 Surius
1474 2562 1577 2596 edidit
1600 2586 1610 2602 ,
1645 2563 1678 2597 δε
1700 2563 1867 2598 Dominus
1888 2565 2072 2601 Cardinalis

1201 2610 1358 2644 Baronius
1394 2611 1536 2645 correxit
1563 2635 1573 2651 ,
1612 2611 1845 2648 Africanorum
1881 2615 2069 2659 Martyrum

1201 2662 1277 2694 Aeta
1294 2683 1304 2700 ,
1332 2660 1366 2693 in
1389 2661 1509 2704 quibus
1529 2660 1568 2694 ad
1591 2662 1751 2706 passurum
1772 2663 1965 2698 Flavianum
1986 2666 2068 2701 dicit

1201 2710 1394 2754 Episcopus:
1422 2712 1528 2744 Laudo
1548 2720 1577 2744 te
1599 2734 1611 2750 ,
1640 2718 1716 2754 quia
1739 2724 1821 2746 nemo
1839 2713 1874 2753 lt‘c
1895 2718 2068 2754 Martyrium

256 2765 377 2807 adferri
400 2761 575 2801 Martyribus
599 2767 631 2793 in
655 2758 779 2799 custodia
790 2804 793 2805 γ
803 2757 961 2797 constitutis
967 2757 1139 2803 prohibuisse
1151 2785 1153 2805 3
1197 2764 1284 2793 duxit
1296 2784 1303 2791 .
1335 2764 1379 2792 Et
1389 2763 1456 2794 vere
1469 2772 1566 2794 nemo.
1599 2765 1686 2794 Nam
1698 2771 1729 2796 ut
1740 2769 1875 2798 omittam
1883 2771 2005 2799 carceris
2017 2766 2067 2799 ab·
2085 2769 2117 2796 A.
2142 2775 2209 2797 ιω.

255 2815 412 2849 dicebatur
425 2839 431 2845 .
460 2813 506 2846 Ira
519 2813 552 2845 in
563 2810 751 2845 collationis
765 2807 931 2841 breviculo
945 2807 1052 2841 scribit
1062 2810 1138 2843 San·
1149 2829 1152 2861 9
1190 2811 1362 2850 fiinentiam
1366 2809 1545 2853 singularem
1555 2835 1565 2850 ,
1587 2811 1621 2845 ὑ
1631 2821 1662 2844 ut
1673 2813 1879 2855 accipientibus
1890 2822 2005 2849 caeteris
2015 2819 2067 2850 vel

254 2868 326 2898 <stus
339 2863 558 2907 Augustinus.
588 2860 615 2894 A
621 2857 884 2903 pud'Gabrielem
899 2858 1152 2899 Albaspinaeuml
1195 2862 1336 2892 modicum
1346 2860 1441 2892 cibum
1451 2885 1462 2900 ,
1487 2866 1536 2902 qui
1548 2862 1586 2893 de
1592 2860 1728 2904 sordibus
1736 2870 1870 2904 penurlae
1879 2864 1990 2906 fiscalis
2013 2878 2064 2899 ex-

254 2915 362 2948 exstat
384 2914 602 2958 fragmentum
622 2917 662 2944 εκ
686 2907 818 2942 historia
840 2906 998 2941 Passionis
1017 2906 1152 2966 finito-f

1194 2909 1346 2943 hibebatur
1359 2933 1368 2949 ‚
1389 2908 1469 2953 solus
1482 2907 1513 2952 se
1523 2910 1561 2943 ab
1583 2910 1644 2954 ipsit
1664 2913 1776 2946 modico
1794 2920 1935 2947 continuit
1946 2940 1956 2956 ,
1982 2922 2061 2948 tanti

254 2975 330 2999 rum
351 2963 488 3003 Datin,
512 2959 702 3000 Saturnini,
729 2956 845 2992 Felicis
864 2981 874 2996 ,
901 2956 1045 3000 Ampelii
1064 2981 1074 2997 ,
1099 2959 1134 2993 ἀ
1193 2959 1305 2993 habens
1312 2961 1438 3001 jejuniis
1451 2961 1900 3006 multis&leg1timisfaiigari,
1928 2966 2060 2997 dummo-

257 3015 401 3049 aliorum
428 3010 615 3054 Martyrum
638 3009 872 3043 Africanorum
895 3006 952 3039 sub
980 3006 1132 3043 Anulino

259 3061 485 3100 Proconsule,
510 3059 624 3104 scripta
636 3070 691 3103 pet
714 3058 878 3102 quendam
905 3056 1137 3094 Donatistam„

258 3115 341 3149 Haee
363 3111 569 3144 Mensurium
595 3110 793 3153 Episcopum
820 3108 948 3140 accusat
972 3107 1012 3140 de
1036 3108 1131 3142 tradi-

257 3163 362 3200 tionis
381 3161 543 3199 crimine,
569 3159 603 3193 &
623 3158 775 3202 adjungit
797 3169 805 3189 :
842 3159 906 3199 ,Qui
928 3156 1129 3193 combustorum

256 3216 398 3251 librorum
414 3215 536 3244 veniam
556 3210 577 3240 ἃ
601 3207 781 3246 Martyribus
799 3205 915 3249 poscere
940 3216 974 3238 ac
992 3208 1128 3247 implora-

255 3277 288 3300 re
312 3262 472 3300 debuerat,
498 3266 532 3292 ut
553 3257 661 3292 deliiia
673 3255 731 3299 sua
750 3256 912 3297 majoribus
934 3255 1060 3299 flagitiis
1084 3269 1126 3290 cu-

230 3301 232 3303 ·
256 3314 405 3350 mulares,
431 3321 461 3342 eo
485 3313 583 3340 animo
599 3305 749 3349 Jaeviebat
769 3312 800 3338 in
813 3309 956 3343 Martyres
972 3330 981 3345 ,
1006 3317 1061 3348 quo
1075 3310 1126 3338 Di-

257 3370 349 3399 vinas
370 3360 539 3395 tradiderat
565 3357 658 3400 leges.
685 3359 810 3390 Etenim
830 3355 878 3392 hic
901 3353 1126 3400 Tyrannoseve.

344 3408 459 3449 christ.
471 3412 551 3450 Lupi
563 3411 659 3450 Opera
675 3407 709 3439 Τ.
719 3409 769 3440 VI.

1193 3012 1229 3042 do
1238 3010 1308 3042 alios
1319 3016 1439 3051 proprio
1449 3010 1528 3044 vitiu
1534 3008 1703 3054 saginaret.
1732 3012 1776 3045 Et
1799 3013 1884 3055 apud
1905 3015 2058 3049 &nestum

1192 3059 1394 3101 Cyprianum
1406 3060 1619 3095 incarceratus
1630 3061 1757 3104 Martyr
1769 3062 1933 3096 Lucianus
1951 3063 2059 3099 scribit

1190 3109 1229 3143 ad
1253 3109 1444 3143 Celerinum
1467 3110 1692 3144 confessorem
1708 3124 1719 3143 .·
1748 3116 1820 3144 Ante
1837 3112 1900 3144 dies
1920 3112 1979 3145 080
2000 3122 2057 3156 per

1188 3161 1250 3192 dies
1272 3165 1399 3200 quinque
1417 3160 1527 3192 medior
1549 3161 1691 3192 modicum
1707 3166 1798 3201 panis
1809 3166 1971 3202 accepimus
1985 3187 1996 3204 ,
2022 3165 2057 3198 ὦ*

1186 3219 1296 3252 aquam
1315 3210 1358 3240 ad
1377 3207 1561 3251 mensuram.
1593 3209 1636 3242 Et
1659 3209 1693 3243 in
1717 3210 1831 3244 litteris
1842 3210 1881 3245 ad
1894 3211 2055 3248 Nemesia-

1188 3270 1263 3292 num
1277 3269 1311 3291 ac
1323 3259 1403 3292 alios
1414 3259 1447 3292 in
1460 3258 1598 3293 metallis
1611 3257 1816 3293 Confeffores
1840 3260 1907 3303 ipse
1919 3262 2054 3306 Cypria-

1186 3321 1245 3343 nus
1267 3309 1350 3341 intei·
1370 3308 1448 3342 alias
1473 3333 1484 3348 ,
1509 3308 1626 3350 quibus
1652 3307 1721 3342 istic
1743 3309 1949 3345 Confeffotes
1975 3313 2053 3346 sole-

1186 3358 1262 3393 bant
1271 3359 1377 3394 vexati
1389 3383 1400 3399 ‚
1410 3358 1627 3399 calamitates,
1640 3361 1734 3399 ponit
1744 3359 1778 3396 &
1790 3359 1874 3396 hanc
1885 3374 1897 3395 .-
1910 3364 2002 3395 Panir
2016 3366 2052 3396 il·
2071 3360 2123 3396 ΕΡ·
2143 3367 2189 3393 77·

1636 3409 1665 3446 Ζ
1964 3412 2002 3444 lie

2076 3133 2122 3167 Ep.
2145 3134 2192 3159 κζ
