<?xml version="1.0" encoding="UTF-8"?>
<!DOCTYPE html PUBLIC "-//W3C//DTD XHTML 1.0 Transitional//EN"
    "http://www.w3.org/TR/xhtml1/DTD/xhtml1-transitional.dtd">
<html xmlns="http://www.w3.org/1999/xhtml" xml:lang="en" lang="en">
 <head>
  <title>
</title>
<meta http-equiv="Content-Type" content="text/html;charset=utf-8" />
  <meta name='ocr-system' content='tesseract 3.04.00' />
  <meta name='ocr-capabilities' content='ocr_page ocr_carea ocr_par ocr_line ocrx_word'/>
</head>
<body>
  <div class='ocr_page' id='page_1' title='image "./operaomniastudio06lupuuoft/operaomniastudio06lupuuoft_0381.png"; bbox 0 0 2352 3756; ppageno 0'>
   <div class='ocr_carea' id='block_1_1' title="bbox 428 88 2014 158">
    <p class='ocr_par' dir='ltr' id='par_1_1' title="bbox 428 88 2014 158">
     <span class='ocr_line' id='line_1_1' title="bbox 428 88 2014 158; baseline 0.002 -23"><span class='ocrx_word' id='word_1_1' title='bbox 428 109 505 137; x_wconf 67' lang='lat' dir='ltr'>De</span> <span class='ocrx_word' id='word_1_2' title='bbox 545 91 818 134; x_wconf 69' lang='lat' dir='ltr'>ROMANA</span> <span class='ocrx_word' id='word_1_3' title='bbox 857 88 1295 131; x_wconf 80' lang='lat' dir='ltr'>EP13COPORUM</span> <span class='ocrx_word' id='word_1_4' title='bbox 1328 104 1861 139; x_wconf 72' lang='lat' dir='ltr'>CONSECRATIONE.</span> <span class='ocrx_word' id='word_1_5' title='bbox 1910 102 2014 158; x_wconf 68' lang='lat'>371*</span> 
     </span>
    </p>
   </div>
   <div class='ocr_carea' id='block_1_2' title="bbox 221 168 1130 2414">
    <p class='ocr_par' dir='ltr' id='par_1_2' title="bbox 221 168 1130 2414">
     <span class='ocr_line' id='line_1_2' title="bbox 247 168 1130 216; baseline -0.011 -6"><span class='ocrx_word' id='word_1_6' title='bbox 247 174 330 211; x_wconf 89' lang='lat' dir='ltr'>.&#39;dum</span> <span class='ocrx_word' id='word_1_7' title='bbox 346 189 356 208; x_wconf 89' lang='lat'><em>:</em></span> <span class='ocrx_word' id='word_1_8' title='bbox 382 174 561 216; x_wconf 71' lang='lat' dir='ltr'><em>sophronius</em></span> <span class='ocrx_word' id='word_1_9' title='bbox 573 174 724 216; x_wconf 83' lang='lat' dir='ltr'>quondam</span> <span class='ocrx_word' id='word_1_10' title='bbox 745 169 926 202; x_wconf 74' lang='lat' dir='ltr'>Pamarcha</span> <span class='ocrx_word' id='word_1_11' title='bbox 938 194 949 209; x_wconf 87' lang='lat'>,</span> <span class='ocrx_word' id='word_1_12' title='bbox 972 168 1028 210; x_wconf 84' lang='lat' dir='ltr'>sub</span> <span class='ocrx_word' id='word_1_13' title='bbox 1050 171 1130 209; x_wconf 85' lang='lat' dir='ltr'>cujus</span> 
     </span>
     <span class='ocr_line' id='line_1_3' title="bbox 255 219 1130 269; baseline -0.008 -11"><span class='ocrx_word' id='word_1_14' title='bbox 255 224 529 269; x_wconf 77' lang='lat' dir='ltr'>Dioetefifungebar</span> <span class='ocrx_word' id='word_1_15' title='bbox 541 223 728 257; x_wconf 67' lang='lat' dir='ltr'>sacerdotale</span> <span class='ocrx_word' id='word_1_16' title='bbox 738 221 857 262; x_wconf 74' lang='lat' dir='ltr'>officium</span> <span class='ocrx_word' id='word_1_17' title='bbox 869 246 878 260; x_wconf 88' lang='lat'>‚</span> <span class='ocrx_word' id='word_1_18' title='bbox 898 219 1014 258; x_wconf 84' lang='lat' dir='ltr'>studuit</span> <span class='ocrx_word' id='word_1_19' title='bbox 1034 231 1130 251; x_wconf 83' lang='lat' dir='ltr'>meam</span> 
     </span>
     <span class='ocr_line' id='line_1_4' title="bbox 251 271 1124 313; baseline -0.01 -5"><span class='ocrx_word' id='word_1_20' title='bbox 251 277 459 309; x_wconf 72' lang='lat' dir='ltr'><em>Humilitatem</em></span> <span class='ocrx_word' id='word_1_21' title='bbox 487 277 530 307; x_wconf 88' lang='lat' dir='ltr'>ad</span> <span class='ocrx_word' id='word_1_22' title='bbox 551 275 627 306; x_wconf 84' lang='lat' dir='ltr'>hanc</span> <span class='ocrx_word' id='word_1_23' title='bbox 652 271 840 313; x_wconf 71' lang='lat' dir='ltr'>apostolicam</span> <span class='ocrx_word' id='word_1_24' title='bbox 860 271 987 311; x_wconf 82' lang='lat' dir='ltr'>dirigere</span> <span class='ocrx_word' id='word_1_25' title='bbox 1007 271 1124 302; x_wconf 75' lang='lat' dir='ltr'>Sedem.</span> 
     </span>
     <span class='ocr_line' id='line_1_5' title="bbox 251 320 1128 369; baseline -0.01 -10"><span class='ocrx_word' id='word_1_26' title='bbox 251 326 294 359; x_wconf 90' lang='lat' dir='ltr'>Et</span> <span class='ocrx_word' id='word_1_27' title='bbox 308 326 371 359; x_wconf 75' lang='lat' dir='ltr'>haec</span> <span class='ocrx_word' id='word_1_28' title='bbox 396 325 539 369; x_wconf 80' lang='lat' dir='ltr'>epistolae</span> <span class='ocrx_word' id='word_1_29' title='bbox 570 323 778 363; x_wconf 75' lang='lat' dir='ltr'>subscriptio:</span> <span class='ocrx_word' id='word_1_30' title='bbox 808 320 976 361; x_wconf 78' lang='lat' dir='ltr'>Stephanus</span> <span class='ocrx_word' id='word_1_31' title='bbox 994 328 1049 360; x_wconf 86' lang='lat' dir='ltr'>per</span> <span class='ocrx_word' id='word_1_32' title='bbox 1074 322 1128 352; x_wconf 83' lang='lat' dir='ltr'>Dei</span> 
     </span>
     <span class='ocr_line' id='line_1_6' title="bbox 250 368 1127 420; baseline -0.01 -11"><span class='ocrx_word' id='word_1_33' title='bbox 250 376 478 420; x_wconf 73' lang='lat' dir='ltr'>misericordiam</span> <span class='ocrx_word' id='word_1_34' title='bbox 506 372 670 416; x_wconf 72' lang='lat' dir='ltr'><em>Episcopus</em></span> <span class='ocrx_word' id='word_1_35' title='bbox 694 369 826 409; x_wconf 82' lang='lat' dir='ltr'>Dorenfis</span> <span class='ocrx_word' id='word_1_36' title='bbox 840 394 850 408; x_wconf 90' lang='lat'>,</span> <span class='ocrx_word' id='word_1_37' title='bbox 877 371 912 402; x_wconf 69' lang='lat'>(9&#39;</span> <span class='ocrx_word' id='word_1_38' title='bbox 929 376 1046 410; x_wconf 86' lang='lat' dir='ltr'>primus</span> <span class='ocrx_word' id='word_1_39' title='bbox 1055 368 1127 411; x_wconf 82' lang='lat' dir='ltr'>san-</span> 
     </span>
     <span class='ocr_line' id='line_1_7' title="bbox 251 419 1126 468; baseline -0.013 -6"><span class='ocrx_word' id='word_1_40' title='bbox 251 430 307 462; x_wconf 74' lang='lat' dir='ltr'>c&#39;lae</span> <span class='ocrx_word' id='word_1_41' title='bbox 324 428 428 468; x_wconf 78' lang='lat' dir='ltr'>synodi</span> <span class='ocrx_word' id='word_1_42' title='bbox 444 424 503 468; x_wconf 91' lang='lat' dir='ltr'>sub</span> <span class='ocrx_word' id='word_1_43' title='bbox 515 422 762 466; x_wconf 76' lang='lat' dir='ltr'>Hierosolymitani</span> <span class='ocrx_word' id='word_1_44' title='bbox 777 419 965 452; x_wconf 76' lang='lat' dir='ltr'>Patriarchae</span> <span class='ocrx_word' id='word_1_45' title='bbox 977 421 1052 452; x_wconf 82' lang='lat' dir='ltr'>Sede</span> <span class='ocrx_word' id='word_1_46' title='bbox 1063 431 1126 453; x_wconf 78' lang='lat' dir='ltr'>con-</span> 
     </span>
     <span class='ocr_line' id='line_1_8' title="bbox 246 467 1127 519; baseline -0.012 -8"><span class='ocrx_word' id='word_1_47' title='bbox 246 474 367 519; x_wconf 77' lang='lat' dir='ltr'>stitutus</span> <span class='ocrx_word' id='word_1_48' title='bbox 381 503 388 510; x_wconf 91' lang='lat'><strong><em>.</em></strong></span> <span class='ocrx_word' id='word_1_49' title='bbox 419 477 472 510; x_wconf 81' lang='lat' dir='ltr'>Ad</span> <span class='ocrx_word' id='word_1_50' title='bbox 486 475 626 518; x_wconf 79' lang='lat' dir='ltr'>epistolae</span> <span class='ocrx_word' id='word_1_51' title='bbox 639 483 735 514; x_wconf 86' lang='lat' dir='ltr'>caput</span> <span class='ocrx_word' id='word_1_52' title='bbox 749 471 779 502; x_wconf 89' lang='lat' dir='ltr'>se</span> <span class='ocrx_word' id='word_1_53' title='bbox 792 469 901 503; x_wconf 81' lang='lat' dir='ltr'>titulat</span> <span class='ocrx_word' id='word_1_54' title='bbox 919 472 1056 501; x_wconf 86' lang='lat' dir='ltr'>Primum</span> <span class='ocrx_word' id='word_1_55' title='bbox 1072 467 1127 511; x_wconf 90' lang='lat' dir='ltr'>sub</span> 
     </span>
     <span class='ocr_line' id='line_1_9' title="bbox 248 518 1126 565; baseline -0.013 -4"><span class='ocrx_word' id='word_1_56' title='bbox 248 528 437 563; x_wconf 78' lang='lat' dir='ltr'>sacerdotali</span> <span class='ocrx_word' id='word_1_57' title='bbox 452 526 528 560; x_wconf 82' lang='lat' dir='ltr'><em>Sede</em></span> <span class='ocrx_word' id='word_1_58' title='bbox 552 520 817 565; x_wconf 77' lang='lat' dir='ltr'>Hierosolymitanae</span> <span class='ocrx_word' id='word_1_59' title='bbox 840 518 1004 561; x_wconf 76' lang='lat' dir='ltr'>Dioecefios;</span> <span class='ocrx_word' id='word_1_60' title='bbox 1033 518 1126 552; x_wconf 84' lang='lat' dir='ltr'>Istius</span> 
     </span>
     <span class='ocr_line' id='line_1_10' title="bbox 245 569 1125 615; baseline -0.018 1"><span class='ocrx_word' id='word_1_61' title='bbox 245 577 490 615; x_wconf 79' lang='lat' dir='ltr'>Patriarchatus</span> <span class='ocrx_word' id='word_1_62' title='bbox 512 573 825 608; x_wconf 79' lang='lat' dir='ltr'>Proro-Thronum.</span> <span class='ocrx_word' id='word_1_63' title='bbox 855 569 1020 602; x_wconf 86' lang='lat' dir='ltr'>Existimo</span> <span class='ocrx_word' id='word_1_64' title='bbox 1033 569 1125 602; x_wconf 88' lang='lat' dir='ltr'>illum</span> 
     </span>
     <span class='ocr_line' id='line_1_11' title="bbox 248 619 1124 665; baseline -0.018 0"><span class='ocrx_word' id='word_1_65' title='bbox 248 632 341 665; x_wconf 64' lang='lat' dir='ltr'>fuisse</span> <span class='ocrx_word' id='word_1_66' title='bbox 365 629 521 662; x_wconf 88' lang='lat' dir='ltr'>seniorem</span> <span class='ocrx_word' id='word_1_67' title='bbox 546 622 727 656; x_wconf 65' lang='lat' dir='ltr'>Provinciae</span> <span class='ocrx_word' id='word_1_68' title='bbox 738 619 1006 663; x_wconf 71' lang='lat' dir='ltr'>suffraganeum.</span> <span class='ocrx_word' id='word_1_69' title='bbox 1037 620 1124 652; x_wconf 89' lang='lat' dir='ltr'>Nam</span> 
     </span>
     <span class='ocr_line' id='line_1_12' title="bbox 244 668 1123 715; baseline -0.018 0"><span class='ocrx_word' id='word_1_70' title='bbox 244 683 283 715; x_wconf 65' lang='grc' dir='ltr'>’ὃς</span> <span class='ocrx_word' id='word_1_71' title='bbox 306 679 338 712; x_wconf 89' lang='lat' dir='ltr'>hi</span> <span class='ocrx_word' id='word_1_72' title='bbox 358 680 390 712; x_wconf 89' lang='lat' dir='ltr'>in</span> <span class='ocrx_word' id='word_1_73' title='bbox 406 676 535 711; x_wconf 83' lang='lat' dir='ltr'>Latinis</span> <span class='ocrx_word' id='word_1_74' title='bbox 547 670 734 707; x_wconf 79' lang='lat' dir='ltr'>Provinciis</span> <span class='ocrx_word' id='word_1_75' title='bbox 761 669 869 712; x_wconf 86' lang='lat' dir='ltr'>paffim</span> <span class='ocrx_word' id='word_1_76' title='bbox 892 670 1020 702; x_wconf 87' lang='lat' dir='ltr'>fuerunt</span> <span class='ocrx_word' id='word_1_77' title='bbox 1047 668 1123 701; x_wconf 90' lang='lat' dir='ltr'>Pro-</span> 
     </span>
     <span class='ocr_line' id='line_1_13' title="bbox 250 718 1124 766; baseline -0.021 -1"><span class='ocrx_word' id='word_1_78' title='bbox 250 728 431 765; x_wconf 79' lang='lat' dir='ltr'>to·Throni</span> <span class='ocrx_word' id='word_1_79' title='bbox 446 751 456 766; x_wconf 91' lang='lat'><strong>‚</strong></span> <span class='ocrx_word' id='word_1_80' title='bbox 484 727 536 759; x_wconf 90' lang='lat' dir='ltr'>seu</span> <span class='ocrx_word' id='word_1_81' title='bbox 557 723 735 756; x_wconf 74' lang='lat' dir='ltr'>primates.</span> <span class='ocrx_word' id='word_1_82' title='bbox 766 719 821 753; x_wconf 90' lang='lat' dir='ltr'>Ut</span> <span class='ocrx_word' id='word_1_83' title='bbox 844 727 879 752; x_wconf 85' lang='lat' dir='ltr'>ut</span> <span class='ocrx_word' id='word_1_84' title='bbox 901 719 936 750; x_wconf 84' lang='lat' dir='ltr'>fit</span> <span class='ocrx_word' id='word_1_85' title='bbox 950 742 960 758; x_wconf 89' lang='lat'>,</span> <span class='ocrx_word' id='word_1_86' title='bbox 989 718 1046 750; x_wconf 83' lang='lat' dir='ltr'>ista</span> <span class='ocrx_word' id='word_1_87' title='bbox 1065 719 1124 751; x_wconf 84' lang='lat' dir='ltr'>Le-</span> 
     </span>
     <span class='ocr_line' id='line_1_14' title="bbox 249 768 1123 825; baseline -0.018 -10"><span class='ocrx_word' id='word_1_88' title='bbox 249 781 342 825; x_wconf 86' lang='lat' dir='ltr'>gatio</span> <span class='ocrx_word' id='word_1_89' title='bbox 367 776 518 820; x_wconf 81' lang='lat' dir='ltr'>Stephani</span> <span class='ocrx_word' id='word_1_90' title='bbox 540 775 676 807; x_wconf 81' lang='lat' dir='ltr'>virtutes</span> <span class='ocrx_word' id='word_1_91' title='bbox 699 772 817 803; x_wconf 84' lang='lat' dir='ltr'>fecerat</span> <span class='ocrx_word' id='word_1_92' title='bbox 846 778 939 801; x_wconf 85' lang='lat' dir='ltr'>notas</span> <span class='ocrx_word' id='word_1_93' title='bbox 961 768 1123 801; x_wconf 85' lang='lat' dir='ltr'>Romanae</span> 
     </span>
     <span class='ocr_line' id='line_1_15' title="bbox 248 817 1122 864; baseline -0.015 0"><span class='ocrx_word' id='word_1_94' title='bbox 248 830 399 864; x_wconf 84' lang='lat' dir='ltr'>Ecclefiae</span> <span class='ocrx_word' id='word_1_95' title='bbox 413 852 420 859; x_wconf 92' lang='lat'><strong><em>.</em></strong></span> <span class='ocrx_word' id='word_1_96' title='bbox 449 828 489 859; x_wconf 89' lang='lat' dir='ltr'>Ei</span> <span class='ocrx_word' id='word_1_97' title='bbox 505 823 668 858; x_wconf 86' lang='lat' dir='ltr'>Martinus</span> <span class='ocrx_word' id='word_1_98' title='bbox 684 819 830 861; x_wconf 75' lang='lat' dir='ltr'>injunxit</span> <span class='ocrx_word' id='word_1_99' title='bbox 845 841 855 856; x_wconf 92' lang='lat'><strong>,</strong></span> <span class='ocrx_word' id='word_1_100' title='bbox 883 828 917 850; x_wconf 91' lang='lat' dir='ltr'>ut</span> <span class='ocrx_word' id='word_1_101' title='bbox 931 818 1031 851; x_wconf 86' lang='lat' dir='ltr'>suain</span> <span class='ocrx_word' id='word_1_102' title='bbox 1045 817 1122 851; x_wconf 80' lang='lat' dir='ltr'>istos</span> 
     </span>
     <span class='ocr_line' id='line_1_16' title="bbox 247 867 1122 914; baseline -0.015 1"><span class='ocrx_word' id='word_1_103' title='bbox 247 880 387 914; x_wconf 87' lang='lat' dir='ltr'>intrusos</span> <span class='ocrx_word' id='word_1_104' title='bbox 407 887 444 909; x_wconf 82' lang='lat' dir='ltr'>ac</span> <span class='ocrx_word' id='word_1_105' title='bbox 463 874 610 907; x_wconf 84' lang='lat' dir='ltr'>titulares</span> <span class='ocrx_word' id='word_1_106' title='bbox 628 871 806 912; x_wconf 75' lang='lat' dir='ltr'>Episcopus</span> <span class='ocrx_word' id='word_1_107' title='bbox 826 867 967 900; x_wconf 87' lang='lat' dir='ltr'>Decreta</span> <span class='ocrx_word' id='word_1_108' title='bbox 977 869 1122 911; x_wconf 85' lang='lat' dir='ltr'>exseque-</span> 
     </span>
     <span class='ocr_line' id='line_1_17' title="bbox 247 917 1123 968; baseline -0.015 -3"><span class='ocrx_word' id='word_1_109' title='bbox 247 941 334 965; x_wconf 86' lang='lat' dir='ltr'>retur</span> <span class='ocrx_word' id='word_1_110' title='bbox 358 952 368 968; x_wconf 91' lang='lat'>,</span> <span class='ocrx_word' id='word_1_111' title='bbox 394 938 432 960; x_wconf 82' lang='lat' dir='ltr'>ae</span> <span class='ocrx_word' id='word_1_112' title='bbox 455 924 583 966; x_wconf 85' lang='lat' dir='ltr'>insuper</span> <span class='ocrx_word' id='word_1_113' title='bbox 605 920 639 953; x_wconf 89' lang='lat' dir='ltr'>in</span> <span class='ocrx_word' id='word_1_114' title='bbox 662 918 782 952; x_wconf 68' lang='lat' dir='ltr'>cunetis</span> <span class='ocrx_word' id='word_1_115' title='bbox 799 917 963 961; x_wconf 86' lang='lat' dir='ltr'>utriusque</span> <span class='ocrx_word' id='word_1_116' title='bbox 985 918 1123 952; x_wconf 83' lang='lat' dir='ltr'>Patriar-</span> 
     </span>
     <span class='ocr_line' id='line_1_18' title="bbox 246 968 1120 1014; baseline -0.021 -1"><span class='ocrx_word' id='word_1_117' title='bbox 246 979 360 1014; x_wconf 83' lang='lat' dir='ltr'>chatus</span> <span class='ocrx_word' id='word_1_118' title='bbox 386 974 538 1010; x_wconf 87' lang='lat' dir='ltr'>Ecclefiis</span> <span class='ocrx_word' id='word_1_119' title='bbox 557 970 759 1005; x_wconf 82' lang='lat' dir='ltr'>consecraret</span> <span class='ocrx_word' id='word_1_120' title='bbox 782 977 907 1007; x_wconf 90' lang='lat' dir='ltr'>novos,</span> <span class='ocrx_word' id='word_1_121' title='bbox 933 978 1031 1011; x_wconf 87' lang='lat' dir='ltr'>atque</span> <span class='ocrx_word' id='word_1_122' title='bbox 1044 968 1120 1002; x_wconf 85' lang='lat' dir='ltr'>Car.</span> 
     </span>
     <span class='ocr_line' id='line_1_19' title="bbox 244 1017 1119 1068; baseline -0.013 -5"><span class='ocrx_word' id='word_1_123' title='bbox 244 1029 368 1063; x_wconf 85' lang='lat' dir='ltr'>dinales</span> <span class='ocrx_word' id='word_1_124' title='bbox 390 1025 566 1068; x_wconf 80' lang='lat' dir='ltr'>Episcopos</span> <span class='ocrx_word' id='word_1_125' title='bbox 589 1022 623 1054; x_wconf 89' lang='lat'>&amp;</span> <span class='ocrx_word' id='word_1_126' title='bbox 643 1018 791 1052; x_wconf 88' lang='lat' dir='ltr'>Clericos</span> <span class='ocrx_word' id='word_1_127' title='bbox 805 1041 812 1048; x_wconf 90' lang='lat'><strong><em>.</em></strong></span> <span class='ocrx_word' id='word_1_128' title='bbox 841 1017 917 1050; x_wconf 85' lang='lat' dir='ltr'>Hac</span> <span class='ocrx_word' id='word_1_129' title='bbox 941 1017 983 1051; x_wconf 82' lang='lat' dir='ltr'>de</span> <span class='ocrx_word' id='word_1_130' title='bbox 1004 1030 1035 1052; x_wconf 91' lang='lat' dir='ltr'>re</span> <span class='ocrx_word' id='word_1_131' title='bbox 1048 1020 1119 1053; x_wconf 50' lang='lat' dir='ltr'>scri‘</span> 
     </span>
     <span class='ocr_line' id='line_1_20' title="bbox 244 1066 1120 1120; baseline -0.016 -6"><span class='ocrx_word' id='word_1_132' title='bbox 244 1080 292 1113; x_wconf 88' lang='lat' dir='ltr'>bit</span> <span class='ocrx_word' id='word_1_133' title='bbox 305 1078 344 1111; x_wconf 86' lang='lat' dir='ltr'>ad</span> <span class='ocrx_word' id='word_1_134' title='bbox 357 1077 516 1120; x_wconf 85' lang='lat' dir='ltr'>Joannem</span> <span class='ocrx_word' id='word_1_135' title='bbox 527 1067 763 1112; x_wconf 74' lang='lat' dir='ltr'>philadelphiae</span> <span class='ocrx_word' id='word_1_136' title='bbox 776 1066 993 1110; x_wconf 82' lang='lat' dir='ltr'>Episcopum:</span> <span class='ocrx_word' id='word_1_137' title='bbox 1021 1076 1120 1110; x_wconf 80' lang='lat' dir='ltr'>Hanc,</span> 
     </span>
     <span class='ocr_line' id='line_1_21' title="bbox 241 1117 1119 1170; baseline -0.017 -10"><span class='ocrx_word' id='word_1_138' title='bbox 241 1131 355 1170; x_wconf 81' lang='lat' dir='ltr'>utique</span> <span class='ocrx_word' id='word_1_139' title='bbox 378 1133 541 1159; x_wconf 85' lang='lat' dir='ltr'>novorum</span> <span class='ocrx_word' id='word_1_140' title='bbox 563 1120 742 1154; x_wconf 84' lang='lat' dir='ltr'>&amp;realium</span> <span class='ocrx_word' id='word_1_141' title='bbox 758 1117 989 1160; x_wconf 88' lang='lat' dir='ltr'>Episcoporum</span> <span class='ocrx_word' id='word_1_142' title='bbox 1001 1119 1119 1153; x_wconf 68' lang='lat' dir='ltr'>&amp;Cle-</span> 
     </span>
     <span class='ocr_line' id='line_1_22' title="bbox 242 1166 1116 1213; baseline -0.023 1"><span class='ocrx_word' id='word_1_143' title='bbox 242 1180 387 1213; x_wconf 84' lang='lat' dir='ltr'>ricorum</span> <span class='ocrx_word' id='word_1_144' title='bbox 409 1171 687 1208; x_wconf 80' lang='lat' dir='ltr'>consecrationem</span> <span class='ocrx_word' id='word_1_145' title='bbox 701 1193 711 1207; x_wconf 90' lang='lat'>,</span> <span class='ocrx_word' id='word_1_146' title='bbox 737 1168 770 1200; x_wconf 54' lang='grc' dir='ltr'>(θ’</span> <span class='ocrx_word' id='word_1_147' title='bbox 786 1168 875 1208; x_wconf 78' lang='lat' dir='ltr'>prius</span> <span class='ocrx_word' id='word_1_148' title='bbox 897 1166 1056 1208; x_wconf 61' lang='lat' dir='ltr'>apostolica</span> <span class='ocrx_word' id='word_1_149' title='bbox 1067 1172 1116 1201; x_wconf 67' lang='lat' dir='ltr'>se-</span> 
     </span>
     <span class='ocr_line' id='line_1_23' title="bbox 243 1216 1117 1268; baseline -0.016 -5"><span class='ocrx_word' id='word_1_150' title='bbox 243 1231 295 1262; x_wconf 83' lang='lat' dir='ltr'>des</span> <span class='ocrx_word' id='word_1_151' title='bbox 317 1227 381 1260; x_wconf 85' lang='lat' dir='ltr'>baec</span> <span class='ocrx_word' id='word_1_152' title='bbox 396 1225 463 1268; x_wconf 80' lang='lat' dir='ltr'>fieri</span> <span class='ocrx_word' id='word_1_153' title='bbox 480 1230 535 1265; x_wconf 82' lang='lat' dir='ltr'>per</span> <span class='ocrx_word' id='word_1_154' title='bbox 553 1219 737 1261; x_wconf 78' lang='lat' dir='ltr'>Stephanum</span> <span class='ocrx_word' id='word_1_155' title='bbox 756 1216 893 1249; x_wconf 59' lang='lat' dir='ltr'>dilectum</span> <span class='ocrx_word' id='word_1_156' title='bbox 913 1217 1117 1260; x_wconf 70' lang='lat' dir='ltr'>coepiscopum</span> 
     </span>
     <span class='ocr_line' id='line_1_24' title="bbox 234 1265 1115 1320; baseline -0.019 -9"><span class='ocrx_word' id='word_1_157' title='bbox 234 1280 339 1320; x_wconf 81' lang='lat' dir='ltr'>jufflt,</span> <span class='ocrx_word' id='word_1_158' title='bbox 359 1274 417 1317; x_wconf 87' lang='lat' dir='ltr'>sed</span> <span class='ocrx_word' id='word_1_159' title='bbox 439 1273 490 1306; x_wconf 86' lang='lat' dir='ltr'>boc</span> <span class='ocrx_word' id='word_1_160' title='bbox 507 1270 641 1316; x_wconf 86' lang='lat' dir='ltr'>salutare</span> <span class='ocrx_word' id='word_1_161' title='bbox 665 1265 843 1310; x_wconf 83' lang='lat' dir='ltr'>Propofitum</span> <span class='ocrx_word' id='word_1_162' title='bbox 864 1268 908 1299; x_wconf 87' lang='lat' dir='ltr'>ad</span> <span class='ocrx_word' id='word_1_163' title='bbox 926 1267 1059 1308; x_wconf 77' lang='lat' dir='ltr'>effec‘lum</span> <span class='ocrx_word' id='word_1_164' title='bbox 1069 1281 1115 1302; x_wconf 85' lang='lat' dir='ltr'>ve.</span> 
     </span>
     <span class='ocr_line' id='line_1_25' title="bbox 243 1316 1116 1369; baseline -0.013 -8"><span class='ocrx_word' id='word_1_165' title='bbox 243 1335 309 1362; x_wconf 84' lang='lat' dir='ltr'>nire</span> <span class='ocrx_word' id='word_1_166' title='bbox 323 1325 538 1369; x_wconf 81' lang='lat' dir='ltr'>prohibuerunt</span> <span class='ocrx_word' id='word_1_167' title='bbox 550 1345 562 1360; x_wconf 88' lang='lat'>‚</span> <span class='ocrx_word' id='word_1_168' title='bbox 586 1324 636 1362; x_wconf 84' lang='lat' dir='ltr'>qui</span> <span class='ocrx_word' id='word_1_169' title='bbox 647 1320 720 1353; x_wconf 86' lang='lat' dir='ltr'>talia</span> <span class='ocrx_word' id='word_1_170' title='bbox 727 1316 883 1360; x_wconf 87' lang='lat' dir='ltr'>prohibere</span> <span class='ocrx_word' id='word_1_171' title='bbox 893 1318 998 1361; x_wconf 88' lang='lat' dir='ltr'>dignos</span> <span class='ocrx_word' id='word_1_172' title='bbox 1007 1316 1116 1362; x_wconf 74' lang='lat' dir='ltr'>seipsos</span> 
     </span>
     <span class='ocr_line' id='line_1_26' title="bbox 239 1365 1116 1421; baseline -0.019 -9"><span class='ocrx_word' id='word_1_173' title='bbox 239 1377 472 1421; x_wconf 80' lang='lat' dir='ltr'>perhibuerunt.</span> <span class='ocrx_word' id='word_1_174' title='bbox 501 1374 567 1415; x_wconf 72' lang='lat' dir='ltr'>,Qui</span> <span class='ocrx_word' id='word_1_175' title='bbox 585 1378 642 1412; x_wconf 86' lang='lat' dir='ltr'>pro</span> <span class='ocrx_word' id='word_1_176' title='bbox 665 1367 816 1402; x_wconf 84' lang='lat' dir='ltr'>arbitratu</span> <span class='ocrx_word' id='word_1_177' title='bbox 834 1365 888 1410; x_wconf 89' lang='lat' dir='ltr'>suo</span> <span class='ocrx_word' id='word_1_178' title='bbox 897 1378 953 1407; x_wconf 87' lang='lat' dir='ltr'>ea,</span> <span class='ocrx_word' id='word_1_179' title='bbox 979 1380 1046 1411; x_wconf 84' lang='lat' dir='ltr'>quae</span> <span class='ocrx_word' id='word_1_180' title='bbox 1057 1370 1116 1402; x_wconf 85' lang='lat' dir='ltr'>edi.</span> 
     </span>
     <span class='ocr_line' id='line_1_27' title="bbox 237 1417 1114 1471; baseline -0.021 -9"><span class='ocrx_word' id='word_1_181' title='bbox 237 1429 387 1471; x_wconf 78' lang='lat' dir='ltr'>ficationis</span> <span class='ocrx_word' id='word_1_182' title='bbox 406 1423 483 1468; x_wconf 84' lang='lat' dir='ltr'>sunt</span> <span class='ocrx_word' id='word_1_183' title='bbox 494 1447 505 1464; x_wconf 91' lang='lat'>,</span> <span class='ocrx_word' id='word_1_184' title='bbox 532 1430 601 1455; x_wconf 84' lang='lat' dir='ltr'>nota</span> <span class='ocrx_word' id='word_1_185' title='bbox 613 1426 638 1453; x_wconf 90' lang='lat' dir='ltr'>ei</span> <span class='ocrx_word' id='word_1_186' title='bbox 650 1420 767 1452; x_wconf 79' lang='lat' dir='ltr'>omnino</span> <span class='ocrx_word' id='word_1_187' title='bbox 779 1429 835 1450; x_wconf 91' lang='lat' dir='ltr'>non</span> <span class='ocrx_word' id='word_1_188' title='bbox 841 1417 978 1459; x_wconf 84' lang='lat' dir='ltr'>fecerunt</span> <span class='ocrx_word' id='word_1_189' title='bbox 994 1443 999 1449; x_wconf 91' lang='lat'>.</span> <span class='ocrx_word' id='word_1_190' title='bbox 1022 1423 1114 1452; x_wconf 89' lang='lat' dir='ltr'>Nem.</span> 
     </span>
     <span class='ocr_line' id='line_1_28' title="bbox 238 1467 1115 1519; baseline -0.011 -7"><span class='ocrx_word' id='word_1_191' title='bbox 238 1480 280 1519; x_wconf 72' lang='lat' dir='ltr'>pe</span> <span class='ocrx_word' id='word_1_192' title='bbox 302 1481 458 1517; x_wconf 86' lang='lat' dir='ltr'>Praecepta</span> <span class='ocrx_word' id='word_1_193' title='bbox 478 1472 670 1506; x_wconf 83' lang='lat' dir='ltr'>demandatae</span> <span class='ocrx_word' id='word_1_194' title='bbox 693 1474 769 1502; x_wconf 84' lang='lat' dir='ltr'>vicis</span> <span class='ocrx_word' id='word_1_195' title='bbox 784 1468 945 1509; x_wconf 80' lang='lat' dir='ltr'>Apostolicae</span> <span class='ocrx_word' id='word_1_196' title='bbox 956 1467 1045 1510; x_wconf 86' lang='lat' dir='ltr'>hujus</span> <span class='ocrx_word' id='word_1_197' title='bbox 1057 1474 1115 1502; x_wconf 88' lang='lat' dir='ltr'>Ca-</span> 
     </span>
     <span class='ocr_line' id='line_1_29' title="bbox 241 1517 1114 1567; baseline -0.011 -6"><span class='ocrx_word' id='word_1_198' title='bbox 241 1527 357 1560; x_wconf 82' lang='lat' dir='ltr'>rbedrae</span> <span class='ocrx_word' id='word_1_199' title='bbox 368 1550 380 1567; x_wconf 88' lang='lat'>,</span> <span class='ocrx_word' id='word_1_200' title='bbox 405 1523 511 1567; x_wconf 86' lang='lat' dir='ltr'>quibus</span> <span class='ocrx_word' id='word_1_201' title='bbox 524 1522 621 1565; x_wconf 78' lang='lat' dir='ltr'>juffus</span> <span class='ocrx_word' id='word_1_202' title='bbox 634 1519 671 1560; x_wconf 86' lang='lat' dir='ltr'>est</span> <span class='ocrx_word' id='word_1_203' title='bbox 683 1518 830 1552; x_wconf 70' lang='lat' dir='ltr'>elec‘liones</span> <span class='ocrx_word' id='word_1_204' title='bbox 841 1517 988 1558; x_wconf 85' lang='lat' dir='ltr'>ibifacere</span> <span class='ocrx_word' id='word_1_205' title='bbox 999 1530 1094 1552; x_wconf 87' lang='lat' dir='ltr'>eorum</span> <span class='ocrx_word' id='word_1_206' title='bbox 1105 1542 1114 1558; x_wconf 90' lang='lat'>,</span> 
     </span>
     <span class='ocr_line' id='line_1_30' title="bbox 239 1567 1112 1619; baseline -0.01 -10"><span class='ocrx_word' id='word_1_207' title='bbox 239 1582 291 1619; x_wconf 79' lang='lat' dir='ltr'>qui</span> <span class='ocrx_word' id='word_1_208' title='bbox 312 1577 355 1610; x_wconf 86' lang='lat' dir='ltr'>ad</span> <span class='ocrx_word' id='word_1_209' title='bbox 373 1584 474 1609; x_wconf 87' lang='lat' dir='ltr'>curam</span> <span class='ocrx_word' id='word_1_210' title='bbox 496 1570 727 1611; x_wconf 83' lang='lat' dir='ltr'>Christianiffimi</span> <span class='ocrx_word' id='word_1_211' title='bbox 752 1568 853 1610; x_wconf 84' lang='lat' dir='ltr'>populi</span> <span class='ocrx_word' id='word_1_212' title='bbox 883 1570 1008 1612; x_wconf 85' lang='lat' dir='ltr'>eligendi</span> <span class='ocrx_word' id='word_1_213' title='bbox 1023 1567 1112 1612; x_wconf 86' lang='lat' dir='ltr'>sunt.</span> 
     </span>
     <span class='ocr_line' id='line_1_31' title="bbox 239 1617 1113 1663; baseline -0.009 -4"><span class='ocrx_word' id='word_1_214' title='bbox 239 1626 421 1659; x_wconf 76' lang='lat' dir='ltr'>solummodo</span> <span class='ocrx_word' id='word_1_215' title='bbox 444 1630 543 1656; x_wconf 87' lang='lat' dir='ltr'>autem</span> <span class='ocrx_word' id='word_1_216' title='bbox 561 1626 586 1653; x_wconf 86' lang='lat' dir='ltr'>ei</span> <span class='ocrx_word' id='word_1_217' title='bbox 598 1618 843 1663; x_wconf 78' lang='lat' dir='ltr'>fignificaverunt</span> <span class='ocrx_word' id='word_1_218' title='bbox 863 1618 899 1650; x_wconf 89' lang='lat' dir='ltr'>de</span> <span class='ocrx_word' id='word_1_219' title='bbox 921 1617 1090 1659; x_wconf 79' lang='lat' dir='ltr'>depositione</span> <span class='ocrx_word' id='word_1_220' title='bbox 1103 1643 1113 1659; x_wconf 92' lang='lat'>‚</span> 
     </span>
     <span class='ocr_line' id='line_1_32' title="bbox 238 1669 1113 1711; baseline -0.01 -2"><span class='ocrx_word' id='word_1_221' title='bbox 238 1682 371 1709; x_wconf 71' lang='lat' dir='ltr'>timorem</span> <span class='ocrx_word' id='word_1_222' title='bbox 384 1676 503 1706; x_wconf 75' lang='lat' dir='ltr'>Domini</span> <span class='ocrx_word' id='word_1_223' title='bbox 515 1671 636 1702; x_wconf 69' lang='lat' dir='ltr'>minime</span> <span class='ocrx_word' id='word_1_224' title='bbox 646 1672 804 1710; x_wconf 78' lang='lat' dir='ltr'>cogitantes</span> <span class='ocrx_word' id='word_1_225' title='bbox 820 1691 826 1698; x_wconf 92' lang='lat'>.</span> <span class='ocrx_word' id='word_1_226' title='bbox 846 1669 997 1709; x_wconf 76' lang='lat' dir='ltr'>,Quoniam</span> <span class='ocrx_word' id='word_1_227' title='bbox 1011 1674 1113 1711; x_wconf 79' lang='lat' dir='ltr'>igitur,</span> 
     </span>
     <span class='ocr_line' id='line_1_33' title="bbox 236 1714 1112 1763; baseline -0.015 -5"><span class='ocrx_word' id='word_1_228' title='bbox 236 1735 271 1758; x_wconf 75' lang='lat' dir='ltr'>ut</span> <span class='ocrx_word' id='word_1_229' title='bbox 293 1722 474 1763; x_wconf 74' lang='lat' dir='ltr'>nostidilec‘le</span> <span class='ocrx_word' id='word_1_230' title='bbox 488 1724 616 1756; x_wconf 80' lang='lat' dir='ltr'>Frater,</span> <span class='ocrx_word' id='word_1_231' title='bbox 642 1722 674 1749; x_wconf 84' lang='lat' dir='ltr'>in</span> <span class='ocrx_word' id='word_1_232' title='bbox 684 1714 908 1756; x_wconf 71' lang='lat' dir='ltr'>&lt;edificationem</span> <span class='ocrx_word' id='word_1_233' title='bbox 916 1723 1010 1759; x_wconf 82' lang='lat' dir='ltr'>magis</span> <span class='ocrx_word' id='word_1_234' title='bbox 1021 1719 1112 1758; x_wconf 65' lang='lat' dir='ltr'>quam</span> 
     </span>
     <span class='ocr_line' id='line_1_34' title="bbox 237 1764 1112 1814; baseline -0.013 -6"><span class='ocrx_word' id='word_1_235' title='bbox 237 1781 270 1807; x_wconf 69' lang='lat' dir='ltr'>in</span> <span class='ocrx_word' id='word_1_236' title='bbox 296 1772 516 1814; x_wconf 67' lang='lat' dir='ltr'>destrutiionem</span> <span class='ocrx_word' id='word_1_237' title='bbox 536 1770 556 1800; x_wconf 76' lang='grc' dir='ltr'><em>ἃ</em></span> <span class='ocrx_word' id='word_1_238' title='bbox 584 1771 708 1800; x_wconf 88' lang='lat' dir='ltr'>Domino</span> <span class='ocrx_word' id='word_1_239' title='bbox 732 1764 905 1807; x_wconf 72' lang='lat' dir='ltr'>potestatem</span> <span class='ocrx_word' id='word_1_240' title='bbox 931 1772 1112 1806; x_wconf 77' lang='lat' dir='ltr'>accepimus,</span> 
     </span>
     <span class='ocr_line' id='line_1_35' title="bbox 231 1812 1113 1864; baseline -0.014 -6"><span class='ocrx_word' id='word_1_241' title='bbox 231 1824 329 1864; x_wconf 81' lang='lat' dir='ltr'>fludio</span> <span class='ocrx_word' id='word_1_242' title='bbox 350 1822 405 1855; x_wconf 86' lang='lat' dir='ltr'>tibi</span> <span class='ocrx_word' id='word_1_243' title='bbox 418 1821 456 1862; x_wconf 80' lang='lat' dir='ltr'>stt</span> <span class='ocrx_word' id='word_1_244' title='bbox 478 1831 532 1858; x_wconf 89' lang='lat' dir='ltr'>ea,</span> <span class='ocrx_word' id='word_1_245' title='bbox 559 1827 625 1859; x_wconf 79' lang='lat' dir='ltr'>quae</span> <span class='ocrx_word' id='word_1_246' title='bbox 637 1813 843 1856; x_wconf 65' lang='lat' dir='ltr'>aedificationis</span> <span class='ocrx_word' id='word_1_247' title='bbox 852 1812 947 1855; x_wconf 90' lang='lat' dir='ltr'>sunt,</span> <span class='ocrx_word' id='word_1_248' title='bbox 976 1821 1113 1855; x_wconf 83' lang='lat' dir='ltr'>operari,</span> 
     </span>
     <span class='ocr_line' id='line_1_36' title="bbox 235 1863 1112 1912; baseline -0.014 -5"><span class='ocrx_word' id='word_1_249' title='bbox 235 1876 309 1907; x_wconf 85' lang='lat' dir='ltr'>dato</span> <span class='ocrx_word' id='word_1_250' title='bbox 326 1872 381 1905; x_wconf 88' lang='lat' dir='ltr'>tibi</span> <span class='ocrx_word' id='word_1_251' title='bbox 398 1879 455 1912; x_wconf 82' lang='lat' dir='ltr'>per</span> <span class='ocrx_word' id='word_1_252' title='bbox 474 1881 526 1901; x_wconf 85' lang='lat' dir='ltr'>nos</span> <span class='ocrx_word' id='word_1_253' title='bbox 539 1870 604 1903; x_wconf 81' lang='lat' dir='ltr'>ejus</span> <span class='ocrx_word' id='word_1_254' title='bbox 617 1863 780 1909; x_wconf 73' lang='lat' dir='ltr'>Discipulos</span> <span class='ocrx_word' id='word_1_255' title='bbox 794 1863 948 1905; x_wconf 78' lang='lat' dir='ltr'>Apostoltco</span> <span class='ocrx_word' id='word_1_256' title='bbox 960 1867 1112 1907; x_wconf 80' lang='lat' dir='ltr'>Praecepto</span> 
     </span>
     <span class='ocr_line' id='line_1_37' title="bbox 235 1917 1111 1965; baseline -0.014 -9"><span class='ocrx_word' id='word_1_257' title='bbox 235 1925 271 1957; x_wconf 65' lang='lat'><em>&amp;</em></span> <span class='ocrx_word' id='word_1_258' title='bbox 284 1921 427 1965; x_wconf 81' lang='lat' dir='ltr'>potestate</span> <span class='ocrx_word' id='word_1_259' title='bbox 436 1943 453 1959; x_wconf 77' lang='lat'>,.</span> <span class='ocrx_word' id='word_1_260' title='bbox 474 1920 508 1951; x_wconf 75' lang='lat'>&lt;5</span> <span class='ocrx_word' id='word_1_261' title='bbox 515 1922 617 1959; x_wconf 83' lang='lat' dir='ltr'>gratia</span> <span class='ocrx_word' id='word_1_262' title='bbox 630 1917 734 1958; x_wconf 81' lang='lat' dir='ltr'>dignos</span> <span class='ocrx_word' id='word_1_263' title='bbox 744 1922 916 1956; x_wconf 85' lang='lat' dir='ltr'>promovere</span> <span class='ocrx_word' id='word_1_264' title='bbox 926 1924 1111 1954; x_wconf 83' lang='lat' dir='ltr'>nequaquam</span> 
     </span>
     <span class='ocr_line' id='line_1_38' title="bbox 234 1960 1110 2011; baseline -0.011 -5"><span class='ocrx_word' id='word_1_265' title='bbox 234 1973 374 2011; x_wconf 82' lang='lat' dir='ltr'>dubites,</span> <span class='ocrx_word' id='word_1_266' title='bbox 400 1969 444 2002; x_wconf 83' lang='lat' dir='ltr'>ad</span> <span class='ocrx_word' id='word_1_267' title='bbox 464 1967 692 2000; x_wconf 79' lang='lat' dir='ltr'>incolumitatem</span> <span class='ocrx_word' id='word_1_268' title='bbox 711 1965 745 1997; x_wconf 69' lang='grc'>6·</span> <span class='ocrx_word' id='word_1_269' title='bbox 767 1960 955 2004; x_wconf 70' lang='lat' dir='ltr'>securitatem</span> <span class='ocrx_word' id='word_1_270' title='bbox 976 1961 1110 2003; x_wconf 81' lang='lat' dir='ltr'>Ecclefiae</span> 
     </span>
     <span class='ocr_line' id='line_1_39' title="bbox 233 2011 1110 2057; baseline -0.015 -2"><span class='ocrx_word' id='word_1_271' title='bbox 233 2021 398 2056; x_wconf 61' lang='lat' dir='ltr'>Catholicae</span> <span class='ocrx_word' id='word_1_272' title='bbox 410 2044 417 2050; x_wconf 95' lang='lat'><em>.</em></span> <span class='ocrx_word' id='word_1_273' title='bbox 444 2018 489 2051; x_wconf 83' lang='lat' dir='ltr'>Et</span> <span class='ocrx_word' id='word_1_274' title='bbox 501 2016 535 2048; x_wconf 87' lang='lat' dir='ltr'>in</span> <span class='ocrx_word' id='word_1_275' title='bbox 546 2014 682 2057; x_wconf 84' lang='lat' dir='ltr'>epistola</span> <span class='ocrx_word' id='word_1_276' title='bbox 695 2012 735 2045; x_wconf 87' lang='lat' dir='ltr'>ad</span> <span class='ocrx_word' id='word_1_277' title='bbox 744 2011 981 2045; x_wconf 75' lang='lat' dir='ltr'>pantaleonem</span> <span class='ocrx_word' id='word_1_278' title='bbox 997 2025 1004 2043; x_wconf 90' lang='lat'>:</span> <span class='ocrx_word' id='word_1_279' title='bbox 1031 2011 1110 2043; x_wconf 84' lang='lat' dir='ltr'>Cha-</span> 
     </span>
     <span class='ocr_line' id='line_1_40' title="bbox 231 2060 1108 2105; baseline -0.016 0"><span class='ocrx_word' id='word_1_280' title='bbox 231 2079 311 2105; x_wconf 85' lang='lat' dir='ltr'>ritas</span> <span class='ocrx_word' id='word_1_281' title='bbox 334 2079 386 2103; x_wconf 88' lang='lat' dir='ltr'>tua</span> <span class='ocrx_word' id='word_1_282' title='bbox 408 2077 465 2100; x_wconf 86' lang='lat' dir='ltr'>non</span> <span class='ocrx_word' id='word_1_283' title='bbox 490 2065 590 2098; x_wconf 79' lang='lat' dir='ltr'>debuit</span> <span class='ocrx_word' id='word_1_284' title='bbox 611 2068 656 2096; x_wconf 83' lang='lat' dir='ltr'>ita</span> <span class='ocrx_word' id='word_1_285' title='bbox 679 2060 710 2103; x_wconf 88' lang='lat' dir='ltr'>se</span> <span class='ocrx_word' id='word_1_286' title='bbox 728 2071 827 2105; x_wconf 79' lang='lat' dir='ltr'>gerere</span> <span class='ocrx_word' id='word_1_287' title='bbox 849 2062 998 2094; x_wconf 74' lang='lat' dir='ltr'>adversus</span> <span class='ocrx_word' id='word_1_288' title='bbox 1021 2073 1108 2100; x_wconf 86' lang='lat' dir='ltr'>eum,</span> 
     </span>
     <span class='ocr_line' id='line_1_41' title="bbox 233 2109 1107 2164; baseline -0.014 -10"><span class='ocrx_word' id='word_1_289' title='bbox 233 2118 285 2164; x_wconf 69' lang='lat' dir='ltr'>&#39;qui</span> <span class='ocrx_word' id='word_1_290' title='bbox 307 2121 346 2153; x_wconf 81' lang='lat' dir='ltr'>ab</span> <span class='ocrx_word' id='word_1_291' title='bbox 368 2116 524 2160; x_wconf 77' lang='lat' dir='ltr'>Apostolica</span> <span class='ocrx_word' id='word_1_292' title='bbox 548 2114 619 2147; x_wconf 81' lang='lat' dir='ltr'>Sede</span> <span class='ocrx_word' id='word_1_293' title='bbox 631 2111 729 2154; x_wconf 72' lang='lat' dir='ltr'>missus</span> <span class='ocrx_word' id='word_1_294' title='bbox 741 2110 827 2154; x_wconf 73' lang='lat' dir='ltr'>esset,</span> <span class='ocrx_word' id='word_1_295' title='bbox 852 2109 1032 2152; x_wconf 72' lang='lat' dir='ltr'>Stephanum</span> <span class='ocrx_word' id='word_1_296' title='bbox 1047 2114 1107 2143; x_wconf 89' lang='lat' dir='ltr'>Deo</span> 
     </span>
     <span class='ocr_line' id='line_1_42' title="bbox 227 2159 1106 2209; baseline -0.015 -4"><span class='ocrx_word' id='word_1_297' title='bbox 227 2171 387 2204; x_wconf 76' lang='lat' dir='ltr'>amabilem</span> <span class='ocrx_word' id='word_1_298' title='bbox 397 2164 572 2209; x_wconf 78' lang='lat' dir='ltr'>Episcopum</span> <span class='ocrx_word' id='word_1_299' title='bbox 586 2160 775 2203; x_wconf 74' lang='lat' dir='ltr'>Dorylensium</span> <span class='ocrx_word' id='word_1_300' title='bbox 784 2165 921 2193; x_wconf 81' lang='lat' dir='ltr'>civitatis</span> <span class='ocrx_word' id='word_1_301' title='bbox 931 2183 943 2198; x_wconf 85' lang='lat'>,</span> <span class='ocrx_word' id='word_1_302' title='bbox 966 2170 1019 2192; x_wconf 86' lang='lat' dir='ltr'>aut</span> <span class='ocrx_word' id='word_1_303' title='bbox 1030 2159 1106 2203; x_wconf 80' lang='lat' dir='ltr'>ejus-</span> 
     </span>
     <span class='ocr_line' id='line_1_43' title="bbox 226 2209 1106 2257; baseline -0.017 -2"><span class='ocrx_word' id='word_1_304' title='bbox 226 2223 310 2254; x_wconf 82' lang='lat' dir='ltr'>modi</span> <span class='ocrx_word' id='word_1_305' title='bbox 332 2221 369 2253; x_wconf 92' lang='lat' dir='ltr'>de</span> <span class='ocrx_word' id='word_1_306' title='bbox 386 2229 417 2252; x_wconf 88' lang='lat' dir='ltr'>eo</span> <span class='ocrx_word' id='word_1_307' title='bbox 439 2217 482 2249; x_wconf 80' lang='lat' dir='ltr'>ad</span> <span class='ocrx_word' id='word_1_308' title='bbox 504 2226 555 2248; x_wconf 79' lang='lat' dir='ltr'>nos</span> <span class='ocrx_word' id='word_1_309' title='bbox 571 2222 626 2257; x_wconf 87' lang='lat' dir='ltr'>per</span> <span class='ocrx_word' id='word_1_310' title='bbox 644 2217 801 2254; x_wconf 81' lang='lat' dir='ltr'>propriam</span> <span class='ocrx_word' id='word_1_311' title='bbox 823 2211 995 2243; x_wconf 77' lang='lat' dir='ltr'>relationem</span> <span class='ocrx_word' id='word_1_312' title='bbox 1010 2209 1106 2252; x_wconf 84' lang='lat' dir='ltr'>trans-</span> 
     </span>
     <span class='ocr_line' id='line_1_44' title="bbox 228 2260 1101 2308; baseline -0.014 -5"><span class='ocrx_word' id='word_1_313' title='bbox 228 2276 366 2308; x_wconf 87' lang='lat' dir='ltr'>mittere,</span> <span class='ocrx_word' id='word_1_314' title='bbox 391 2277 454 2301; x_wconf 81' lang='lat' dir='ltr'>cum</span> <span class='ocrx_word' id='word_1_315' title='bbox 477 2266 643 2299; x_wconf 74' lang='lat' dir='ltr'>salvatoris</span> <span class='ocrx_word' id='word_1_316' title='bbox 665 2260 753 2301; x_wconf 74' lang='lat' dir='ltr'>nostri</span> <span class='ocrx_word' id='word_1_317' title='bbox 782 2261 958 2293; x_wconf 78' lang='lat' dir='ltr'>mandatum</span> <span class='ocrx_word' id='word_1_318' title='bbox 983 2261 1017 2292; x_wconf 88' lang='lat' dir='ltr'>id</span> <span class='ocrx_word' id='word_1_319' title='bbox 1043 2272 1101 2292; x_wconf 87' lang='lat' dir='ltr'>non</span> 
     </span>
     <span class='ocr_line' id='line_1_45' title="bbox 221 2308 1100 2363; baseline -0.015 -9"><span class='ocrx_word' id='word_1_320' title='bbox 221 2321 325 2363; x_wconf 85' lang='lat' dir='ltr'>facere</span> <span class='ocrx_word' id='word_1_321' title='bbox 342 2317 450 2360; x_wconf 80' lang='lat' dir='ltr'>jubeat</span> <span class='ocrx_word' id='word_1_322' title='bbox 470 2340 480 2355; x_wconf 91' lang='lat'>‚</span> <span class='ocrx_word' id='word_1_323' title='bbox 503 2313 559 2357; x_wconf 87' lang='lat' dir='ltr'>sed</span> <span class='ocrx_word' id='word_1_324' title='bbox 577 2316 736 2355; x_wconf 84' lang='lat' dir='ltr'>praecipiat</span> <span class='ocrx_word' id='word_1_325' title='bbox 763 2315 889 2343; x_wconf 77' lang='lat' dir='ltr'>invicem</span> <span class='ocrx_word' id='word_1_326' title='bbox 904 2308 1014 2351; x_wconf 67' lang='lat' dir='ltr'>sincere²</span> <span class='ocrx_word' id='word_1_327' title='bbox 1033 2311 1100 2342; x_wconf 87' lang='lat' dir='ltr'>dili-</span> 
     </span>
     <span class='ocr_line' id='line_1_46' title="bbox 224 2361 1099 2414; baseline -0.014 -11"><span class='ocrx_word' id='word_1_328' title='bbox 224 2382 314 2414; x_wconf 85' lang='lat' dir='ltr'>gere.</span> <span class='ocrx_word' id='word_1_329' title='bbox 341 2371 466 2400; x_wconf 86' lang='lat' dir='ltr'>Etenim</span> <span class='ocrx_word' id='word_1_330' title='bbox 493 2365 544 2398; x_wconf 82' lang='lat' dir='ltr'>illa</span> <span class='ocrx_word' id='word_1_331' title='bbox 568 2364 724 2405; x_wconf 83' lang='lat' dir='ltr'>diligenter</span> <span class='ocrx_word' id='word_1_332' title='bbox 747 2361 947 2402; x_wconf 78' lang='lat' dir='ltr'>expendentes</span> <span class='ocrx_word' id='word_1_333' title='bbox 968 2384 978 2399; x_wconf 91' lang='lat'>,</span> <span class='ocrx_word' id='word_1_334' title='bbox 1015 2371 1099 2392; x_wconf 85' lang='lat' dir='ltr'>vana</span> 
     </span>
    </p>
   </div>
   <div class='ocr_carea' id='block_1_3' title="bbox 1116 166 1153 2243">
    <p class='ocr_par' dir='ltr' id='par_1_3' title="bbox 1116 166 1153 2243">
     <span class='ocr_line' id='line_1_47' title="bbox 1135 166 1153 334; baseline 0 -94"><span class='ocrx_word' id='word_1_335' title='bbox 1135 166 1153 334; x_wconf 95' lang='lat' dir='ltr'>   </span> 
     </span>
     <span class='ocr_line' id='line_1_48' title="bbox 1135 334 1152 545; baseline 0 -99"><span class='ocrx_word' id='word_1_336' title='bbox 1135 334 1152 545; x_wconf 95' lang='lat' dir='ltr'>    </span> 
     </span>
     <span class='ocr_line' id='line_1_49' title="bbox 1135 545 1150 588; baseline 0 3168"><span class='ocrx_word' id='word_1_337' title='bbox 1135 545 1150 588; x_wconf 95' lang='lat' dir='ltr'> </span> 
     </span>
     <span class='ocr_line' id='line_1_50' title="bbox 1128 588 1149 887; baseline 0 0"><span class='ocrx_word' id='word_1_338' title='bbox 1128 588 1149 887; x_wconf 95' lang='lat' dir='ltr'>      </span> 
     </span>
     <span class='ocr_line' id='line_1_51' title="bbox 1126 887 1145 1093; baseline 0 0"><span class='ocrx_word' id='word_1_339' title='bbox 1126 887 1145 1093; x_wconf 95' lang='lat' dir='ltr'>    </span> 
     </span>
     <span class='ocr_line' id='line_1_52' title="bbox 1123 1093 1143 1294; baseline 0 0"><span class='ocrx_word' id='word_1_340' title='bbox 1123 1093 1143 1294; x_wconf 95' lang='lat' dir='ltr'>    </span> 
     </span>
     <span class='ocr_line' id='line_1_53' title="bbox 1116 1294 1140 2243; baseline 0 0"><span class='ocrx_word' id='word_1_341' title='bbox 1116 1294 1140 2243; x_wconf 95' lang='lat' dir='ltr'>   </span> 
     </span>
    </p>
   </div>
   <div class='ocr_carea' id='block_1_4' title="bbox 1165 168 2077 2355">
    <p class='ocr_par' dir='ltr' id='par_1_4' title="bbox 1191 168 2070 605">
     <span class='ocr_line' id='line_1_54' title="bbox 1196 168 2066 220; baseline 0.013 -19"><span class='ocrx_word' id='word_1_342' title='bbox 1196 168 1301 202; x_wconf 77' lang='lat' dir='ltr'>larunt</span> <span class='ocrx_word' id='word_1_343' title='bbox 1317 183 1326 202; x_wconf 90' lang='lat'>.·</span> <span class='ocrx_word' id='word_1_344' title='bbox 1357 170 1437 202; x_wconf 86' lang='lat' dir='ltr'>Eam</span> <span class='ocrx_word' id='word_1_345' title='bbox 1452 183 1571 213; x_wconf 78' lang='lat' dir='ltr'>partem</span> <span class='ocrx_word' id='word_1_346' title='bbox 1583 199 1592 214; x_wconf 91' lang='lat'>,</span> <span class='ocrx_word' id='word_1_347' title='bbox 1620 186 1690 218; x_wconf 81' lang='lat' dir='ltr'>quae</span> <span class='ocrx_word' id='word_1_348' title='bbox 1701 176 1913 210; x_wconf 88' lang='lat' dir='ltr'>creandorum</span> <span class='ocrx_word' id='word_1_349' title='bbox 1937 177 2066 220; x_wconf 81' lang='lat' dir='ltr'>Episco-</span> 
     </span>
     <span class='ocr_line' id='line_1_55' title="bbox 1198 219 2068 266; baseline 0.014 -16"><span class='ocrx_word' id='word_1_350' title='bbox 1198 230 1313 261; x_wconf 87' lang='lat' dir='ltr'>porum</span> <span class='ocrx_word' id='word_1_351' title='bbox 1326 219 1515 262; x_wconf 84' lang='lat' dir='ltr'>potestatem</span> <span class='ocrx_word' id='word_1_352' title='bbox 1527 233 1563 255; x_wconf 89' lang='lat' dir='ltr'>ac</span> <span class='ocrx_word' id='word_1_353' title='bbox 1576 226 1763 259; x_wconf 80' lang='lat' dir='ltr'>mandatum</span> <span class='ocrx_word' id='word_1_354' title='bbox 1786 226 1883 260; x_wconf 84' lang='lat' dir='ltr'>dabat</span> <span class='ocrx_word' id='word_1_355' title='bbox 1893 250 1903 266; x_wconf 93' lang='lat'>‚</span> <span class='ocrx_word' id='word_1_356' title='bbox 1931 226 2068 260; x_wconf 82' lang='lat' dir='ltr'>abstule-</span> 
     </span>
     <span class='ocr_line' id='line_1_56' title="bbox 1198 271 2067 313; baseline 0.008 -11"><span class='ocrx_word' id='word_1_357' title='bbox 1198 280 1271 303; x_wconf 84' lang='lat' dir='ltr'>runt</span> <span class='ocrx_word' id='word_1_358' title='bbox 1288 281 1325 302; x_wconf 90' lang='lat' dir='ltr'>ac</span> <span class='ocrx_word' id='word_1_359' title='bbox 1338 271 1499 312; x_wconf 76' lang='lat' dir='ltr'>raserunt3</span> <span class='ocrx_word' id='word_1_360' title='bbox 1528 272 1726 313; x_wconf 79' lang='lat' dir='ltr'>reliquerunt</span> <span class='ocrx_word' id='word_1_361' title='bbox 1741 276 1804 308; x_wconf 84' lang='lat' dir='ltr'>sola</span> <span class='ocrx_word' id='word_1_362' title='bbox 1819 277 1851 308; x_wconf 88' lang='lat' dir='ltr'>in</span> <span class='ocrx_word' id='word_1_363' title='bbox 1870 277 2008 309; x_wconf 85' lang='lat' dir='ltr'>intrusos</span> <span class='ocrx_word' id='word_1_364' title='bbox 2029 287 2067 310; x_wconf 82' lang='lat' dir='ltr'>ac</span> 
     </span>
     <span class='ocr_line' id='line_1_57' title="bbox 1195 319 2067 368; baseline 0.007 -16"><span class='ocrx_word' id='word_1_365' title='bbox 1195 319 1358 362; x_wconf 77' lang='lat' dir='ltr'>depositos</span> <span class='ocrx_word' id='word_1_366' title='bbox 1374 320 1553 363; x_wconf 79' lang='lat' dir='ltr'>Episcopus</span> <span class='ocrx_word' id='word_1_367' title='bbox 1567 320 1705 355; x_wconf 87' lang='lat' dir='ltr'>Decreta</span> <span class='ocrx_word' id='word_1_368' title='bbox 1717 347 1724 354; x_wconf 90' lang='lat'>.</span> <span class='ocrx_word' id='word_1_369' title='bbox 1752 326 1832 359; x_wconf 82' lang='lat' dir='ltr'>Haec</span> <span class='ocrx_word' id='word_1_370' title='bbox 1845 325 1909 359; x_wconf 78' lang='lat' dir='ltr'>sola</span> <span class='ocrx_word' id='word_1_371' title='bbox 1934 324 2067 368; x_wconf 80' lang='lat' dir='ltr'>Stepha-</span> 
     </span>
     <span class='ocr_line' id='line_1_58' title="bbox 1196 369 2070 415; baseline 0.009 -13"><span class='ocrx_word' id='word_1_372' title='bbox 1196 381 1240 403; x_wconf 92' lang='lat' dir='ltr'>no</span> <span class='ocrx_word' id='word_1_373' title='bbox 1254 370 1458 404; x_wconf 88' lang='lat' dir='ltr'>tradiderunt</span> <span class='ocrx_word' id='word_1_374' title='bbox 1472 395 1478 401; x_wconf 89' lang='lat'>.</span> <span class='ocrx_word' id='word_1_375' title='bbox 1508 369 1660 403; x_wconf 77' lang='lat' dir='ltr'>Secundo</span> <span class='ocrx_word' id='word_1_376' title='bbox 1673 394 1683 409; x_wconf 92' lang='lat'>‚</span> <span class='ocrx_word' id='word_1_377' title='bbox 1710 382 1903 415; x_wconf 84' lang='lat' dir='ltr'>exceperunt</span> <span class='ocrx_word' id='word_1_378' title='bbox 1915 375 2070 410; x_wconf 73' lang='lat' dir='ltr'>adversus</span> 
     </span>
     <span class='ocr_line' id='line_1_59' title="bbox 1194 419 2066 467; baseline 0.008 -14"><span class='ocrx_word' id='word_1_379' title='bbox 1194 419 1351 463; x_wconf 83' lang='lat' dir='ltr'>Stephani</span> <span class='ocrx_word' id='word_1_380' title='bbox 1364 421 1532 463; x_wconf 86' lang='lat' dir='ltr'>personam</span> <span class='ocrx_word' id='word_1_381' title='bbox 1543 445 1553 460; x_wconf 92' lang='lat'>,</span> <span class='ocrx_word' id='word_1_382' title='bbox 1579 420 1730 462; x_wconf 85' lang='lat' dir='ltr'>&amp;ipsum</span> <span class='ocrx_word' id='word_1_383' title='bbox 1751 420 1791 454; x_wconf 87' lang='lat' dir='ltr'>de</span> <span class='ocrx_word' id='word_1_384' title='bbox 1814 425 1942 467; x_wconf 86' lang='lat' dir='ltr'>magnis</span> <span class='ocrx_word' id='word_1_385' title='bbox 1958 437 1999 458; x_wconf 82' lang='lat' dir='ltr'>ac</span> <span class='ocrx_word' id='word_1_386' title='bbox 2021 427 2066 460; x_wconf 83' lang='lat' dir='ltr'>fa·</span> 
     </span>
     <span class='ocr_line' id='line_1_60' title="bbox 1195 468 2066 513; baseline 0.006 -11"><span class='ocrx_word' id='word_1_387' title='bbox 1195 470 1314 504; x_wconf 82' lang='lat' dir='ltr'>bulofis</span> <span class='ocrx_word' id='word_1_388' title='bbox 1324 470 1517 504; x_wconf 82' lang='lat' dir='ltr'>criminibus</span> <span class='ocrx_word' id='word_1_389' title='bbox 1527 468 1611 513; x_wconf 87' lang='lat' dir='ltr'>apud</span> <span class='ocrx_word' id='word_1_390' title='bbox 1635 468 1833 503; x_wconf 86' lang='lat' dir='ltr'>Pontificem</span> <span class='ocrx_word' id='word_1_391' title='bbox 1853 473 1925 505; x_wconf 89' lang='lat' dir='ltr'>sunt</span> <span class='ocrx_word' id='word_1_392' title='bbox 1945 474 2066 509; x_wconf 85' lang='lat' dir='ltr'>calum-</span> 
     </span>
     <span class='ocr_line' id='line_1_61' title="bbox 1195 519 2064 563; baseline 0.005 -10"><span class='ocrx_word' id='word_1_393' title='bbox 1195 521 1295 553; x_wconf 84' lang='lat' dir='ltr'>niati.</span> <span class='ocrx_word' id='word_1_394' title='bbox 1325 521 1369 555; x_wconf 90' lang='lat' dir='ltr'>Et</span> <span class='ocrx_word' id='word_1_395' title='bbox 1389 519 1508 555; x_wconf 88' lang='lat' dir='ltr'>horum</span> <span class='ocrx_word' id='word_1_396' title='bbox 1530 532 1615 554; x_wconf 91' lang='lat' dir='ltr'>unus</span> <span class='ocrx_word' id='word_1_397' title='bbox 1634 520 1699 554; x_wconf 89' lang='lat' dir='ltr'>fuit</span> <span class='ocrx_word' id='word_1_398' title='bbox 1710 519 1771 554; x_wconf 84' lang='lat' dir='ltr'>iste</span> <span class='ocrx_word' id='word_1_399' title='bbox 1780 521 1970 563; x_wconf 84' lang='lat' dir='ltr'>nescioquis</span> <span class='ocrx_word' id='word_1_400' title='bbox 1980 523 2064 559; x_wconf 83' lang='lat' dir='ltr'>Pan-</span> 
     </span>
     <span class='ocr_line' id='line_1_62' title="bbox 1191 570 1317 605; baseline -0.016 -1"><span class='ocrx_word' id='word_1_401' title='bbox 1191 570 1317 605; x_wconf 89' lang='lat' dir='ltr'>taleon.</span> 
     </span>
    </p>

    <p class='ocr_par' dir='ltr' id='par_1_5' title="bbox 1165 618 2077 2355">
     <span class='ocr_line' id='line_1_63' title="bbox 1241 618 2063 666; baseline 0.002 -12"><span class='ocrx_word' id='word_1_402' title='bbox 1241 621 1322 666; x_wconf 84' lang='lat' dir='ltr'>Qae</span> <span class='ocrx_word' id='word_1_403' title='bbox 1332 621 1444 655; x_wconf 83' lang='lat' dir='ltr'>omnia</span> <span class='ocrx_word' id='word_1_404' title='bbox 1456 645 1466 661; x_wconf 89' lang='lat'>‚</span> <span class='ocrx_word' id='word_1_405' title='bbox 1492 621 1524 654; x_wconf 90' lang='lat'>&amp;</span> <span class='ocrx_word' id='word_1_406' title='bbox 1537 631 1578 654; x_wconf 85' lang='lat' dir='ltr'>ex</span> <span class='ocrx_word' id='word_1_407' title='bbox 1600 618 1674 663; x_wconf 86' lang='lat' dir='ltr'>ipfis</span> <span class='ocrx_word' id='word_1_408' title='bbox 1697 629 1808 655; x_wconf 83' lang='lat' dir='ltr'>natam</span> <span class='ocrx_word' id='word_1_409' title='bbox 1827 619 2063 657; x_wconf 78' lang='lat' dir='ltr'>desolationem</span> 
     </span>
     <span class='ocr_line' id='line_1_64' title="bbox 1190 668 2065 712; baseline 0.003 -10"><span class='ocrx_word' id='word_1_410' title='bbox 1190 671 1395 705; x_wconf 76' lang='lat' dir='ltr'>considerans</span> <span class='ocrx_word' id='word_1_411' title='bbox 1406 668 1606 704; x_wconf 86' lang='lat' dir='ltr'>Theodorus</span> <span class='ocrx_word' id='word_1_412' title='bbox 1617 670 1724 704; x_wconf 68' lang='lat' dir='ltr'>Sancti</span> <span class='ocrx_word' id='word_1_413' title='bbox 1736 670 1916 705; x_wconf 83' lang='lat' dir='ltr'>Theodosii</span> <span class='ocrx_word' id='word_1_414' title='bbox 1929 670 2042 705; x_wconf 83' lang='lat' dir='ltr'>Abbas</span> <span class='ocrx_word' id='word_1_415' title='bbox 2053 695 2065 712; x_wconf 92' lang='lat'>‚</span> 
     </span>
     <span class='ocr_line' id='line_1_65' title="bbox 1190 718 2066 764; baseline 0.001 -10"><span class='ocrx_word' id='word_1_416' title='bbox 1190 730 1263 754; x_wconf 87' lang='lat' dir='ltr'>cum</span> <span class='ocrx_word' id='word_1_417' title='bbox 1277 722 1357 764; x_wconf 72' lang='lat' dir='ltr'>joan</span> <span class='ocrx_word' id='word_1_418' title='bbox 1364 733 1403 754; x_wconf 89' lang='lat' dir='ltr'>ne</span> <span class='ocrx_word' id='word_1_419' title='bbox 1415 745 1425 760; x_wconf 92' lang='lat'>,</span> <span class='ocrx_word' id='word_1_420' title='bbox 1455 718 1622 764; x_wconf 84' lang='lat' dir='ltr'>Stephano</span> <span class='ocrx_word' id='word_1_421' title='bbox 1634 745 1644 760; x_wconf 95' lang='lat'>,</span> <span class='ocrx_word' id='word_1_422' title='bbox 1671 730 1707 753; x_wconf 87' lang='lat' dir='ltr'>ac</span> <span class='ocrx_word' id='word_1_423' title='bbox 1716 720 1861 754; x_wconf 84' lang='lat' dir='ltr'>Leontio</span> <span class='ocrx_word' id='word_1_424' title='bbox 1873 745 1883 762; x_wconf 88' lang='lat'>,</span> <span class='ocrx_word' id='word_1_425' title='bbox 1912 722 1975 755; x_wconf 90' lang='lat' dir='ltr'>suis</span> <span class='ocrx_word' id='word_1_426' title='bbox 1987 721 2066 756; x_wconf 91' lang='lat' dir='ltr'>Mo-</span> 
     </span>
     <span class='ocr_line' id='line_1_66' title="bbox 1190 769 2065 812; baseline 0.002 -9"><span class='ocrx_word' id='word_1_427' title='bbox 1190 769 1303 804; x_wconf 86' lang='lat' dir='ltr'>nachis</span> <span class='ocrx_word' id='word_1_428' title='bbox 1314 797 1324 812; x_wconf 93' lang='lat'>,</span> <span class='ocrx_word' id='word_1_429' title='bbox 1345 770 1473 805; x_wconf 84' lang='lat' dir='ltr'>acceffit</span> <span class='ocrx_word' id='word_1_430' title='bbox 1490 770 1637 803; x_wconf 90' lang='lat' dir='ltr'>Romam</span> <span class='ocrx_word' id='word_1_431' title='bbox 1649 793 1659 810; x_wconf 90' lang='lat'><em>‚</em></span> <span class='ocrx_word' id='word_1_432' title='bbox 1685 770 1717 803; x_wconf 90' lang='lat'>&amp;</span> <span class='ocrx_word' id='word_1_433' title='bbox 1727 772 1840 804; x_wconf 70' lang='lat' dir='ltr'>consta</span> <span class='ocrx_word' id='word_1_434' title='bbox 1854 771 1965 805; x_wconf 87' lang='lat' dir='ltr'>retulit</span> <span class='ocrx_word' id='word_1_435' title='bbox 1974 770 2065 806; x_wconf 86' lang='lat' dir='ltr'>Mar-</span> 
     </span>
     <span class='ocr_line' id='line_1_67' title="bbox 1189 818 2064 856; baseline 0.001 -2"><span class='ocrx_word' id='word_1_436' title='bbox 1189 820 1261 854; x_wconf 89' lang='lat' dir='ltr'>tino</span> <span class='ocrx_word' id='word_1_437' title='bbox 1274 820 1449 856; x_wconf 87' lang='lat' dir='ltr'>Pontifici.</span> <span class='ocrx_word' id='word_1_438' title='bbox 1478 821 1549 854; x_wconf 87' lang='lat' dir='ltr'>Hic</span> <span class='ocrx_word' id='word_1_439' title='bbox 1559 830 1616 854; x_wconf 87' lang='lat' dir='ltr'>eos</span> <span class='ocrx_word' id='word_1_440' title='bbox 1627 821 1689 854; x_wconf 90' lang='lat' dir='ltr'>suae</span> <span class='ocrx_word' id='word_1_441' title='bbox 1700 818 1869 854; x_wconf 78' lang='lat' dir='ltr'>adversum</span> <span class='ocrx_word' id='word_1_442' title='bbox 1882 820 2064 856; x_wconf 87' lang='lat' dir='ltr'>Monothe·</span> 
     </span>
     <span class='ocr_line' id='line_1_68' title="bbox 1188 868 2063 915; baseline 0.002 -11"><span class='ocrx_word' id='word_1_443' title='bbox 1188 871 1260 904; x_wconf 90' lang='lat' dir='ltr'>litas</span> <span class='ocrx_word' id='word_1_444' title='bbox 1272 870 1479 906; x_wconf 86' lang='lat' dir='ltr'>Lateranenfi</span> <span class='ocrx_word' id='word_1_445' title='bbox 1492 868 1629 914; x_wconf 86' lang='lat' dir='ltr'>synodo</span> <span class='ocrx_word' id='word_1_446' title='bbox 1641 869 1791 905; x_wconf 90' lang='lat' dir='ltr'>adhibuit</span> <span class='ocrx_word' id='word_1_447' title='bbox 1804 894 1815 910; x_wconf 91' lang='lat'>‚</span> <span class='ocrx_word' id='word_1_448' title='bbox 1835 871 1984 915; x_wconf 85' lang='lat' dir='ltr'>purgavit</span> <span class='ocrx_word' id='word_1_449' title='bbox 1994 872 2063 906; x_wconf 90' lang='lat' dir='ltr'>Ste-</span> 
     </span>
     <span class='ocr_line' id='line_1_69' title="bbox 1188 918 2063 965; baseline 0 -11"><span class='ocrx_word' id='word_1_450' title='bbox 1188 918 1333 964; x_wconf 87' lang='lat' dir='ltr'>phanum</span> <span class='ocrx_word' id='word_1_451' title='bbox 1346 922 1543 965; x_wconf 80' lang='lat' dir='ltr'>Episcopum</span> <span class='ocrx_word' id='word_1_452' title='bbox 1558 921 1609 960; x_wconf 88' lang='lat'>,&amp;</span> <span class='ocrx_word' id='word_1_453' title='bbox 1620 931 1728 955; x_wconf 84' lang='lat' dir='ltr'>tamen</span> <span class='ocrx_word' id='word_1_454' title='bbox 1740 931 1779 954; x_wconf 85' lang='lat' dir='ltr'>ex</span> <span class='ocrx_word' id='word_1_455' title='bbox 1789 921 1888 955; x_wconf 80' lang='lat' dir='ltr'>caulis</span> <span class='ocrx_word' id='word_1_456' title='bbox 1898 920 1946 954; x_wconf 87' lang='lat' dir='ltr'>illi</span> <span class='ocrx_word' id='word_1_457' title='bbox 1958 920 2063 954; x_wconf 84' lang='lat' dir='ltr'>abstu-</span> 
     </span>
     <span class='ocr_line' id='line_1_70' title="bbox 1185 970 2060 1015; baseline 0 -11"><span class='ocrx_word' id='word_1_458' title='bbox 1185 970 1224 1004; x_wconf 83' lang='lat' dir='ltr'>lit</span> <span class='ocrx_word' id='word_1_459' title='bbox 1239 970 1447 1014; x_wconf 85' lang='lat' dir='ltr'>Apostolicas</span> <span class='ocrx_word' id='word_1_460' title='bbox 1460 971 1563 1011; x_wconf 86' lang='lat' dir='ltr'>vices,</span> <span class='ocrx_word' id='word_1_461' title='bbox 1583 981 1636 1004; x_wconf 85' lang='lat' dir='ltr'>eas</span> <span class='ocrx_word' id='word_1_462' title='bbox 1658 970 1824 1005; x_wconf 86' lang='lat' dir='ltr'>transtulit</span> <span class='ocrx_word' id='word_1_463' title='bbox 1842 971 1876 1005; x_wconf 90' lang='lat' dir='ltr'>in</span> <span class='ocrx_word' id='word_1_464' title='bbox 1898 971 2060 1015; x_wconf 84' lang='lat' dir='ltr'>Joannem</span> 
     </span>
     <span class='ocr_line' id='line_1_71' title="bbox 1187 1019 2062 1065; baseline 0.001 -12"><span class='ocrx_word' id='word_1_465' title='bbox 1187 1020 1476 1065; x_wconf 88' lang='lat' dir='ltr'>Archiepiscopum</span> <span class='ocrx_word' id='word_1_466' title='bbox 1489 1019 1742 1062; x_wconf 85' lang='lat' dir='ltr'>Philadelphiae,</span> <span class='ocrx_word' id='word_1_467' title='bbox 1767 1020 1908 1054; x_wconf 88' lang='lat' dir='ltr'>munivit</span> <span class='ocrx_word' id='word_1_468' title='bbox 1917 1021 2062 1063; x_wconf 90' lang='lat' dir='ltr'>encycli-</span> 
     </span>
     <span class='ocr_line' id='line_1_72' title="bbox 1185 1069 2063 1112; baseline 0 -7"><span class='ocrx_word' id='word_1_469' title='bbox 1185 1072 1232 1105; x_wconf 87' lang='lat' dir='ltr'>cis</span> <span class='ocrx_word' id='word_1_470' title='bbox 1253 1070 1294 1105; x_wconf 87' lang='lat' dir='ltr'>ad</span> <span class='ocrx_word' id='word_1_471' title='bbox 1317 1081 1450 1106; x_wconf 88' lang='lat' dir='ltr'>ornnem</span> <span class='ocrx_word' id='word_1_472' title='bbox 1478 1069 1665 1104; x_wconf 83' lang='lat' dir='ltr'>Antiochiae</span> <span class='ocrx_word' id='word_1_473' title='bbox 1687 1082 1724 1104; x_wconf 88' lang='lat' dir='ltr'>ac</span> <span class='ocrx_word' id='word_1_474' title='bbox 1742 1070 1982 1112; x_wconf 81' lang='lat' dir='ltr'>Hierosolymae</span> <span class='ocrx_word' id='word_1_475' title='bbox 2000 1070 2063 1105; x_wconf 83' lang='lat' dir='ltr'>Pa-</span> 
     </span>
     <span class='ocr_line' id='line_1_73' title="bbox 1186 1119 2061 1164; baseline -0.001 -9"><span class='ocrx_word' id='word_1_476' title='bbox 1186 1121 1395 1155; x_wconf 83' lang='lat' dir='ltr'>triarchatum</span> <span class='ocrx_word' id='word_1_477' title='bbox 1420 1121 1531 1155; x_wconf 83' lang='lat' dir='ltr'>litteris</span> <span class='ocrx_word' id='word_1_478' title='bbox 1540 1145 1551 1160; x_wconf 93' lang='lat'>,</span> <span class='ocrx_word' id='word_1_479' title='bbox 1581 1119 1639 1153; x_wconf 84' lang='lat' dir='ltr'>has</span> <span class='ocrx_word' id='word_1_480' title='bbox 1651 1121 1733 1153; x_wconf 80' lang='lat' dir='ltr'>misit</span> <span class='ocrx_word' id='word_1_481' title='bbox 1745 1132 1799 1164; x_wconf 88' lang='lat' dir='ltr'>per</span> <span class='ocrx_word' id='word_1_482' title='bbox 1809 1120 1932 1154; x_wconf 60' lang='lat' dir='ltr'>didium</span> <span class='ocrx_word' id='word_1_483' title='bbox 1945 1120 2061 1155; x_wconf 89' lang='lat' dir='ltr'>Theo-</span> 
     </span>
     <span class='ocr_line' id='line_1_74' title="bbox 1184 1169 2058 1214; baseline 0 -10"><span class='ocrx_word' id='word_1_484' title='bbox 1184 1170 1300 1205; x_wconf 87' lang='lat' dir='ltr'>dorum</span> <span class='ocrx_word' id='word_1_485' title='bbox 1313 1197 1322 1212; x_wconf 94' lang='lat'>,</span> <span class='ocrx_word' id='word_1_486' title='bbox 1335 1172 1369 1205; x_wconf 89' lang='lat'>&amp;</span> <span class='ocrx_word' id='word_1_487' title='bbox 1380 1172 1508 1214; x_wconf 88' lang='lat' dir='ltr'>insuper</span> <span class='ocrx_word' id='word_1_488' title='bbox 1518 1170 1640 1213; x_wconf 78' lang='lat' dir='ltr'>scripfit</span> <span class='ocrx_word' id='word_1_489' title='bbox 1650 1169 1866 1205; x_wconf 87' lang='lat' dir='ltr'>adlaudatum</span> <span class='ocrx_word' id='word_1_490' title='bbox 1881 1171 2058 1214; x_wconf 78' lang='lat' dir='ltr'>Ioannem:</span> 
     </span>
     <span class='ocr_line' id='line_1_75' title="bbox 1185 1219 2060 1264; baseline 0 -10"><span class='ocrx_word' id='word_1_491' title='bbox 1185 1229 1257 1257; x_wconf 86' lang='lat' dir='ltr'>Non</span> <span class='ocrx_word' id='word_1_492' title='bbox 1266 1223 1350 1254; x_wconf 81' lang='lat' dir='ltr'>dedit</span> <span class='ocrx_word' id='word_1_493' title='bbox 1360 1221 1443 1254; x_wconf 86' lang='lat' dir='ltr'>nobis</span> <span class='ocrx_word' id='word_1_494' title='bbox 1456 1223 1537 1253; x_wconf 87' lang='lat' dir='ltr'>Deus</span> <span class='ocrx_word' id='word_1_495' title='bbox 1549 1222 1693 1261; x_wconf 80' lang='lat' dir='ltr'>spiritum</span> <span class='ocrx_word' id='word_1_496' title='bbox 1702 1226 1816 1254; x_wconf 82' lang='lat' dir='ltr'>timoris</span> <span class='ocrx_word' id='word_1_497' title='bbox 1824 1245 1834 1262; x_wconf 89' lang='lat'>,</span> <span class='ocrx_word' id='word_1_498' title='bbox 1841 1219 2060 1264; x_wconf 86' lang='lat' dir='ltr'>sedfortitudt-</span> 
     </span>
     <span class='ocr_line' id='line_1_76' title="bbox 1185 1269 2058 1314; baseline 0.001 -11"><span class='ocrx_word' id='word_1_499' title='bbox 1185 1277 1234 1304; x_wconf 82' lang='lat' dir='ltr'>nis</span> <span class='ocrx_word' id='word_1_500' title='bbox 1247 1295 1257 1310; x_wconf 90' lang='lat'><strong>,</strong></span> <span class='ocrx_word' id='word_1_501' title='bbox 1284 1272 1318 1305; x_wconf 65' lang='grc' dir='ltr'>ὡ*</span> <span class='ocrx_word' id='word_1_502' title='bbox 1330 1271 1494 1304; x_wconf 68' lang='lat' dir='ltr'>dilet‘t&#39;ionir</span> <span class='ocrx_word' id='word_1_503' title='bbox 1505 1294 1516 1310; x_wconf 89' lang='lat'>,</span> <span class='ocrx_word' id='word_1_504' title='bbox 1543 1271 1578 1303; x_wconf 56' lang='grc' dir='ltr'>(ν</span> <span class='ocrx_word' id='word_1_505' title='bbox 1586 1271 1770 1311; x_wconf 83' lang='lat' dir='ltr'>prudentiae.</span> <span class='ocrx_word' id='word_1_506' title='bbox 1799 1274 1846 1304; x_wconf 79' lang='lat' dir='ltr'>Sic</span> <span class='ocrx_word' id='word_1_507' title='bbox 1862 1269 2058 1314; x_wconf 81' lang='lat' dir='ltr'>prospicimus</span> 
     </span>
     <span class='ocr_line' id='line_1_77' title="bbox 1183 1315 2069 1364; baseline 0.001 -11"><span class='ocrx_word' id='word_1_508' title='bbox 1183 1327 1214 1353; x_wconf 86' lang='lat' dir='ltr'>in</span> <span class='ocrx_word' id='word_1_509' title='bbox 1228 1325 1352 1354; x_wconf 86' lang='lat' dir='ltr'>Domino</span> <span class='ocrx_word' id='word_1_510' title='bbox 1364 1346 1374 1361; x_wconf 90' lang='lat'>‚</span> <span class='ocrx_word' id='word_1_511' title='bbox 1386 1332 1422 1355; x_wconf 86' lang='lat' dir='ltr'>ea</span> <span class='ocrx_word' id='word_1_512' title='bbox 1434 1332 1501 1364; x_wconf 84' lang='lat' dir='ltr'>quae</span> <span class='ocrx_word' id='word_1_513' title='bbox 1512 1318 1617 1362; x_wconf 81' lang='lat' dir='ltr'>desunt</span> <span class='ocrx_word' id='word_1_514' title='bbox 1626 1326 1756 1364; x_wconf 85' lang='lat' dir='ltr'>corrigas</span> <span class='ocrx_word' id='word_1_515' title='bbox 1769 1346 1779 1361; x_wconf 87' lang='lat'>‚</span> <span class='ocrx_word' id='word_1_516' title='bbox 1790 1322 1824 1354; x_wconf 66' lang='grc'>6*</span> <span class='ocrx_word' id='word_1_517' title='bbox 1834 1321 1991 1360; x_wconf 82' lang='lat' dir='ltr'>constituas</span> <span class='ocrx_word' id='word_1_518' title='bbox 1998 1315 2069 1362; x_wconf 42' lang='lat' dir='ltr'>per-¹</span> 
     </span>
     <span class='ocr_line' id='line_1_78' title="bbox 1182 1369 2059 1413; baseline -0.001 -10"><span class='ocrx_word' id='word_1_519' title='bbox 1182 1377 1311 1404; x_wconf 87' lang='lat' dir='ltr'>omnium</span> <span class='ocrx_word' id='word_1_520' title='bbox 1322 1377 1482 1405; x_wconf 83' lang='lat' dir='ltr'>civitatum</span> <span class='ocrx_word' id='word_1_521' title='bbox 1495 1369 1636 1411; x_wconf 83' lang='lat' dir='ltr'>Ecclefias</span> <span class='ocrx_word' id='word_1_522' title='bbox 1649 1394 1660 1410; x_wconf 86' lang='lat'>,</span> <span class='ocrx_word' id='word_1_523' title='bbox 1671 1382 1738 1412; x_wconf 80' lang='lat' dir='ltr'>quae</span> <span class='ocrx_word' id='word_1_524' title='bbox 1750 1371 1818 1403; x_wconf 86' lang='lat' dir='ltr'>sedi</span> <span class='ocrx_word' id='word_1_525' title='bbox 1828 1380 1893 1403; x_wconf 87' lang='lat' dir='ltr'>tam</span> <span class='ocrx_word' id='word_1_526' title='bbox 1904 1369 2059 1413; x_wconf 71' lang='lat' dir='ltr'>Hierosoly-</span> 
     </span>
     <span class='ocr_line' id='line_1_79' title="bbox 1184 1418 2056 1464; baseline 0.002 -11"><span class='ocrx_word' id='word_1_527' title='bbox 1184 1426 1308 1454; x_wconf 82' lang='lat' dir='ltr'>mitanae</span> <span class='ocrx_word' id='word_1_528' title='bbox 1321 1446 1330 1460; x_wconf 93' lang='lat'>,</span> <span class='ocrx_word' id='word_1_529' title='bbox 1346 1423 1439 1464; x_wconf 67' lang='lat' dir='ltr'>quam</span> <span class='ocrx_word' id='word_1_530' title='bbox 1453 1419 1637 1454; x_wconf 81' lang='lat' dir='ltr'>Antiochenae</span> <span class='ocrx_word' id='word_1_531' title='bbox 1643 1418 1769 1464; x_wconf 84' lang='lat' dir='ltr'>subsunt</span> <span class='ocrx_word' id='word_1_532' title='bbox 1780 1445 1790 1461; x_wconf 90' lang='lat'>‚</span> <span class='ocrx_word' id='word_1_533' title='bbox 1813 1418 1974 1463; x_wconf 84' lang='lat' dir='ltr'>Episcopos</span> <span class='ocrx_word' id='word_1_534' title='bbox 1984 1446 1994 1461; x_wconf 96' lang='lat'>,</span> <span class='ocrx_word' id='word_1_535' title='bbox 2021 1424 2056 1455; x_wconf 74' lang='lat'><em>&amp;</em></span> 
     </span>
     <span class='ocr_line' id='line_1_80' title="bbox 1182 1470 2058 1512; baseline 0 -9"><span class='ocrx_word' id='word_1_536' title='bbox 1182 1471 1368 1510; x_wconf 79' lang='lat' dir='ltr'>Presbyteros</span> <span class='ocrx_word' id='word_1_537' title='bbox 1378 1496 1388 1510; x_wconf 89' lang='lat'>‚</span> <span class='ocrx_word' id='word_1_538' title='bbox 1417 1472 1450 1504; x_wconf 70' lang='lat'>(⁸3⁸</span> <span class='ocrx_word' id='word_1_539' title='bbox 1461 1474 1602 1503; x_wconf 79' lang='lat' dir='ltr'>Diaconos</span> <span class='ocrx_word' id='word_1_540' title='bbox 1614 1495 1620 1501; x_wconf 92' lang='lat'><strong>.</strong></span> <span class='ocrx_word' id='word_1_541' title='bbox 1647 1473 1704 1503; x_wconf 89' lang='lat' dir='ltr'>Hoc</span> <span class='ocrx_word' id='word_1_542' title='bbox 1713 1470 1768 1502; x_wconf 83' lang='lat' dir='ltr'>tibi</span> <span class='ocrx_word' id='word_1_543' title='bbox 1778 1476 1857 1503; x_wconf 89' lang='lat' dir='ltr'>omni</span> <span class='ocrx_word' id='word_1_544' title='bbox 1867 1472 1950 1503; x_wconf 90' lang='lat' dir='ltr'>modo</span> <span class='ocrx_word' id='word_1_545' title='bbox 1952 1470 2058 1512; x_wconf 76' lang='lat' dir='ltr'>facere</span> 
     </span>
     <span class='ocr_line' id='line_1_81' title="bbox 1177 1519 2056 1563; baseline 0 -10"><span class='ocrx_word' id='word_1_546' title='bbox 1177 1522 1422 1563; x_wconf 80' lang='lat' dir='ltr'>praecipientihus</span> <span class='ocrx_word' id='word_1_547' title='bbox 1435 1521 1517 1553; x_wconf 87' lang='lat' dir='ltr'>nobis</span> <span class='ocrx_word' id='word_1_548' title='bbox 1529 1532 1568 1554; x_wconf 79' lang='lat' dir='ltr'>ex</span> <span class='ocrx_word' id='word_1_549' title='bbox 1587 1520 1762 1554; x_wconf 66' lang='lat' dir='ltr'>auctoritate</span> <span class='ocrx_word' id='word_1_550' title='bbox 1785 1519 1940 1562; x_wconf 80' lang='lat' dir='ltr'>Apostolica</span> <span class='ocrx_word' id='word_1_551' title='bbox 1952 1545 1962 1560; x_wconf 92' lang='lat'>,</span> <span class='ocrx_word' id='word_1_552' title='bbox 1988 1532 2056 1563; x_wconf 80' lang='lat' dir='ltr'>quae</span> 
     </span>
     <span class='ocr_line' id='line_1_82' title="bbox 1179 1568 2068 1612; baseline 0 -8"><span class='ocrx_word' id='word_1_553' title='bbox 1179 1572 1255 1604; x_wconf 88' lang='lat' dir='ltr'>data</span> <span class='ocrx_word' id='word_1_554' title='bbox 1266 1571 1303 1611; x_wconf 83' lang='lat' dir='ltr'>est</span> <span class='ocrx_word' id='word_1_555' title='bbox 1314 1571 1396 1604; x_wconf 83' lang='lat' dir='ltr'>nobis</span> <span class='ocrx_word' id='word_1_556' title='bbox 1409 1572 1428 1602; x_wconf 76' lang='lat' dir='ltr'>ci</span> <span class='ocrx_word' id='word_1_557' title='bbox 1443 1575 1565 1603; x_wconf 84' lang='lat' dir='ltr'>Domino</span> <span class='ocrx_word' id='word_1_558' title='bbox 1572 1578 1628 1612; x_wconf 87' lang='lat' dir='ltr'>per</span> <span class='ocrx_word' id='word_1_559' title='bbox 1642 1573 1763 1603; x_wconf 87' lang='lat' dir='ltr'>Petrum</span> <span class='ocrx_word' id='word_1_560' title='bbox 1768 1568 1976 1612; x_wconf 73' lang='lat' dir='ltr'>sanlltffimum</span> <span class='ocrx_word' id='word_1_561' title='bbox 1987 1595 1998 1611; x_wconf 88' lang='lat'>‚</span> <span class='ocrx_word' id='word_1_562' title='bbox 2022 1573 2068 1604; x_wconf 67' lang='lat' dir='ltr'>(2¹⁵v</span> 
     </span>
     <span class='ocr_line' id='line_1_83' title="bbox 1181 1620 2057 1663; baseline 0 -10"><span class='ocrx_word' id='word_1_563' title='bbox 1181 1623 1347 1663; x_wconf 86' lang='lat' dir='ltr'>Principem</span> <span class='ocrx_word' id='word_1_564' title='bbox 1360 1620 1552 1662; x_wconf 78' lang='lat' dir='ltr'>Apostolorum</span> <span class='ocrx_word' id='word_1_565' title='bbox 1564 1645 1571 1652; x_wconf 91' lang='lat'><strong>.</strong></span> <span class='ocrx_word' id='word_1_566' title='bbox 1600 1622 1725 1662; x_wconf 88' lang='lat' dir='ltr'>Propter</span> <span class='ocrx_word' id='word_1_567' title='bbox 1747 1620 1895 1663; x_wconf 82' lang='lat' dir='ltr'>angustias</span> <span class='ocrx_word' id='word_1_568' title='bbox 1914 1626 2057 1662; x_wconf 83' lang='lat' dir='ltr'>temporis</span> 
     </span>
     <span class='ocr_line' id='line_1_84' title="bbox 1178 1669 2056 1714; baseline 0 -12"><span class='ocrx_word' id='word_1_569' title='bbox 1178 1670 1265 1709; x_wconf 82' lang='lat' dir='ltr'>nostri</span> <span class='ocrx_word' id='word_1_570' title='bbox 1275 1672 1479 1713; x_wconf 67' lang='lat' dir='ltr'>&amp;pressuram</span> <span class='ocrx_word' id='word_1_571' title='bbox 1496 1675 1629 1714; x_wconf 87' lang='lat' dir='ltr'>gentium</span> <span class='ocrx_word' id='word_1_572' title='bbox 1642 1695 1652 1710; x_wconf 89' lang='lat'>,</span> <span class='ocrx_word' id='word_1_573' title='bbox 1679 1675 1732 1703; x_wconf 88' lang='lat' dir='ltr'>Ne</span> <span class='ocrx_word' id='word_1_574' title='bbox 1750 1669 1838 1713; x_wconf 77' lang='lat' dir='ltr'>usque</span> <span class='ocrx_word' id='word_1_575' title='bbox 1861 1676 1893 1703; x_wconf 86' lang='lat' dir='ltr'>in</span> <span class='ocrx_word' id='word_1_576' title='bbox 1909 1670 2000 1712; x_wconf 86' lang='lat' dir='ltr'>finem</span> <span class='ocrx_word' id='word_1_577' title='bbox 2023 1676 2056 1702; x_wconf 85' lang='lat' dir='ltr'>in</span> 
     </span>
     <span class='ocr_line' id='line_1_85' title="bbox 1178 1719 2056 1760; baseline 0.005 -11"><span class='ocrx_word' id='word_1_578' title='bbox 1178 1719 1240 1750; x_wconf 84' lang='lat' dir='ltr'>illis</span> <span class='ocrx_word' id='word_1_579' title='bbox 1258 1720 1400 1760; x_wconf 84' lang='lat' dir='ltr'>partibus</span> <span class='ocrx_word' id='word_1_580' title='bbox 1426 1719 1543 1760; x_wconf 82' lang='lat' dir='ltr'>deficiat</span> <span class='ocrx_word' id='word_1_581' title='bbox 1565 1720 1760 1752; x_wconf 77' lang='lat' dir='ltr'>sacerdotalis</span> <span class='ocrx_word' id='word_1_582' title='bbox 1788 1722 1902 1753; x_wconf 88' lang='lat' dir='ltr'>decoris</span> <span class='ocrx_word' id='word_1_583' title='bbox 1925 1725 2056 1754; x_wconf 82' lang='lat' dir='ltr'>eximius</span> 
     </span>
     <span class='ocr_line' id='line_1_86' title="bbox 1178 1767 2058 1813; baseline 0.001 -13"><span class='ocrx_word' id='word_1_584' title='bbox 1178 1769 1260 1800; x_wconf 90' lang='lat' dir='ltr'>Ordo</span> <span class='ocrx_word' id='word_1_585' title='bbox 1271 1792 1282 1807; x_wconf 90' lang='lat'>,</span> <span class='ocrx_word' id='word_1_586' title='bbox 1307 1779 1343 1801; x_wconf 78' lang='lat' dir='ltr'>ac</span> <span class='ocrx_word' id='word_1_587' title='bbox 1355 1768 1426 1801; x_wconf 75' lang='lat' dir='ltr'>inde</span> <span class='ocrx_word' id='word_1_588' title='bbox 1438 1769 1476 1801; x_wconf 84' lang='lat' dir='ltr'>de</span> <span class='ocrx_word' id='word_1_589' title='bbox 1484 1775 1589 1801; x_wconf 84' lang='lat' dir='ltr'>caetero</span> <span class='ocrx_word' id='word_1_590' title='bbox 1600 1767 1702 1808; x_wconf 83' lang='lat' dir='ltr'>nostrae</span> <span class='ocrx_word' id='word_1_591' title='bbox 1727 1769 1890 1812; x_wconf 80' lang='lat' dir='ltr'>Religionis</span> <span class='ocrx_word' id='word_1_592' title='bbox 1910 1780 2058 1813; x_wconf 86' lang='lat' dir='ltr'>magnum</span> 
     </span>
     <span class='ocr_line' id='line_1_87' title="bbox 1177 1817 2061 1861; baseline 0.003 -11"><span class='ocrx_word' id='word_1_593' title='bbox 1177 1818 1210 1850; x_wconf 57' lang='grc' dir='ltr'>(θ’</span> <span class='ocrx_word' id='word_1_594' title='bbox 1222 1819 1428 1850; x_wconf 78' lang='lat' dir='ltr'>venerandum</span> <span class='ocrx_word' id='word_1_595' title='bbox 1437 1817 1593 1857; x_wconf 78' lang='lat' dir='ltr'>mysterium</span> <span class='ocrx_word' id='word_1_596' title='bbox 1604 1823 1762 1860; x_wconf 85' lang='lat' dir='ltr'>ignoretur.</span> <span class='ocrx_word' id='word_1_597' title='bbox 1778 1817 1956 1861; x_wconf 86' lang='lat' dir='ltr'>Encyclica</span> <span class='ocrx_word' id='word_1_598' title='bbox 1968 1820 2061 1860; x_wconf 37' lang='lat' dir='ltr'>Pon-3</span> 
     </span>
     <span class='ocr_line' id='line_1_88' title="bbox 1175 1865 2056 1909; baseline 0.005 -10"><span class='ocrx_word' id='word_1_599' title='bbox 1175 1866 1270 1899; x_wconf 87' lang='lat' dir='ltr'>tificis</span> <span class='ocrx_word' id='word_1_600' title='bbox 1281 1866 1416 1909; x_wconf 82' lang='lat' dir='ltr'>epistola</span> <span class='ocrx_word' id='word_1_601' title='bbox 1426 1865 1536 1900; x_wconf 81' lang='lat' dir='ltr'>laudat</span> <span class='ocrx_word' id='word_1_602' title='bbox 1550 1866 1743 1901; x_wconf 78' lang='lat' dir='ltr'>celebratam</span> <span class='ocrx_word' id='word_1_603' title='bbox 1760 1868 1910 1902; x_wconf 78' lang='lat' dir='ltr'>adversus</span> <span class='ocrx_word' id='word_1_604' title='bbox 1932 1870 2056 1903; x_wconf 87' lang='lat' dir='ltr'>Mono-</span> 
     </span>
     <span class='ocr_line' id='line_1_89' title="bbox 1175 1915 2053 1960; baseline 0.007 -13"><span class='ocrx_word' id='word_1_605' title='bbox 1175 1915 1307 1950; x_wconf 84' lang='lat' dir='ltr'>thelitas</span> <span class='ocrx_word' id='word_1_606' title='bbox 1319 1917 1567 1951; x_wconf 78' lang='lat' dir='ltr'>Lateranensem</span> <span class='ocrx_word' id='word_1_607' title='bbox 1580 1915 1749 1960; x_wconf 85' lang='lat' dir='ltr'>Synodum</span> <span class='ocrx_word' id='word_1_608' title='bbox 1759 1942 1769 1957; x_wconf 90' lang='lat'>,</span> <span class='ocrx_word' id='word_1_609' title='bbox 1795 1918 2000 1952; x_wconf 82' lang='lat' dir='ltr'>reverendam</span> <span class='ocrx_word' id='word_1_610' title='bbox 2013 1930 2053 1953; x_wconf 88' lang='lat' dir='ltr'>ac</span> 
     </span>
     <span class='ocr_line' id='line_1_90' title="bbox 1173 1965 2051 2010; baseline 0.005 -12"><span class='ocrx_word' id='word_1_611' title='bbox 1173 1965 1407 2000; x_wconf 76' lang='lat' dir='ltr'>observandam</span> <span class='ocrx_word' id='word_1_612' title='bbox 1433 1967 1641 2000; x_wconf 82' lang='lat' dir='ltr'>commendat</span> <span class='ocrx_word' id='word_1_613' title='bbox 1667 1992 1677 2007; x_wconf 92' lang='lat'>,</span> <span class='ocrx_word' id='word_1_614' title='bbox 1713 1967 1782 2010; x_wconf 80' lang='lat' dir='ltr'>ejus</span> <span class='ocrx_word' id='word_1_615' title='bbox 1806 1968 2051 2003; x_wconf 81' lang='lat' dir='ltr'>exsecutionem</span> 
     </span>
     <span class='ocr_line' id='line_1_91' title="bbox 1173 2014 2049 2060; baseline 0.005 -13"><span class='ocrx_word' id='word_1_616' title='bbox 1173 2014 1322 2049; x_wconf 81' lang='lat' dir='ltr'>adfirmat</span> <span class='ocrx_word' id='word_1_617' title='bbox 1333 2016 1536 2050; x_wconf 71' lang='lat' dir='ltr'>commissam</span> <span class='ocrx_word' id='word_1_618' title='bbox 1548 2017 1665 2059; x_wconf 83' lang='lat' dir='ltr'>Joanni</span> <span class='ocrx_word' id='word_1_619' title='bbox 1678 2017 1844 2060; x_wconf 84' lang='lat' dir='ltr'>Episcopo</span> <span class='ocrx_word' id='word_1_620' title='bbox 1856 2029 1894 2051; x_wconf 84' lang='lat' dir='ltr'>ac</span> <span class='ocrx_word' id='word_1_621' title='bbox 1906 2017 2049 2060; x_wconf 87' lang='lat' dir='ltr'>Aposto-</span> 
     </span>
     <span class='ocr_line' id='line_1_92' title="bbox 1173 2064 2077 2109; baseline 0.007 -14"><span class='ocrx_word' id='word_1_622' title='bbox 1173 2064 1239 2097; x_wconf 90' lang='lat' dir='ltr'>lico</span> <span class='ocrx_word' id='word_1_623' title='bbox 1253 2065 1392 2099; x_wconf 82' lang='lat' dir='ltr'>Vicario</span> <span class='ocrx_word' id='word_1_624' title='bbox 1401 2090 1412 2105; x_wconf 88' lang='lat'>‚</span> <span class='ocrx_word' id='word_1_625' title='bbox 1434 2074 1531 2108; x_wconf 81' lang='lat' dir='ltr'>atque</span> <span class='ocrx_word' id='word_1_626' title='bbox 1551 2065 1699 2109; x_wconf 79' lang='lat' dir='ltr'>adjungit</span> <span class='ocrx_word' id='word_1_627' title='bbox 1714 2079 1724 2099; x_wconf 90' lang='lat'>.·</span> <span class='ocrx_word' id='word_1_628' title='bbox 1750 2067 1799 2098; x_wconf 79' lang='lat' dir='ltr'>Ad</span> <span class='ocrx_word' id='word_1_629' title='bbox 1817 2068 1959 2106; x_wconf 86' lang='lat' dir='ltr'>majorem</span> <span class='ocrx_word' id='word_1_630' title='bbox 1976 2066 2049 2108; x_wconf 83' lang='lat' dir='ltr'>fidei</span> <span class='ocrx_word' id='word_1_631' title='bbox 2075 2103 2077 2107; x_wconf 72' lang='grc'>,</span> 
     </span>
     <span class='ocr_line' id='line_1_93' title="bbox 1165 2113 2050 2158; baseline 0.007 -13"><span class='ocrx_word' id='word_1_632' title='bbox 1165 2113 1364 2152; x_wconf 80' lang='lat' dir='ltr'>stabilitatem</span> <span class='ocrx_word' id='word_1_633' title='bbox 1373 2114 1538 2153; x_wconf 86' lang='lat' dir='ltr'>studuimus</span> <span class='ocrx_word' id='word_1_634' title='bbox 1546 2120 1709 2155; x_wconf 69' lang='lat' dir='ltr'>praecipere</span> <span class='ocrx_word' id='word_1_635' title='bbox 1719 2139 1728 2154; x_wconf 82' lang='lat'><strong>,</strong></span> <span class='ocrx_word' id='word_1_636' title='bbox 1752 2113 1911 2156; x_wconf 79' lang='lat' dir='ltr'>secundum</span> <span class='ocrx_word' id='word_1_637' title='bbox 1918 2118 2050 2158; x_wconf 82' lang='lat' dir='ltr'>potesta-</span> 
     </span>
     <span class='ocr_line' id='line_1_94' title="bbox 1171 2164 2047 2206; baseline 0.006 -11"><span class='ocrx_word' id='word_1_638' title='bbox 1171 2172 1230 2195; x_wconf 91' lang='lat' dir='ltr'>tem</span> <span class='ocrx_word' id='word_1_639' title='bbox 1243 2164 1326 2196; x_wconf 86' lang='lat' dir='ltr'>nobis</span> <span class='ocrx_word' id='word_1_640' title='bbox 1338 2165 1357 2195; x_wconf 73' lang='lat' dir='ltr'>a</span> <span class='ocrx_word' id='word_1_641' title='bbox 1370 2166 1494 2197; x_wconf 89' lang='lat' dir='ltr'>Domino</span> <span class='ocrx_word' id='word_1_642' title='bbox 1505 2169 1645 2206; x_wconf 83' lang='lat' dir='ltr'>ingratia</span> <span class='ocrx_word' id='word_1_643' title='bbox 1654 2165 1760 2196; x_wconf 86' lang='lat' dir='ltr'>datam</span> <span class='ocrx_word' id='word_1_644' title='bbox 1766 2173 1822 2206; x_wconf 86' lang='lat' dir='ltr'>per</span> <span class='ocrx_word' id='word_1_645' title='bbox 1832 2165 1975 2198; x_wconf 70' lang='lat' dir='ltr'>Sant‘lum</span> <span class='ocrx_word' id='word_1_646' title='bbox 1988 2170 2047 2200; x_wconf 88' lang='lat' dir='ltr'>Pe-</span> 
     </span>
     <span class='ocr_line' id='line_1_95' title="bbox 1170 2212 2045 2258; baseline 0.007 -14"><span class='ocrx_word' id='word_1_647' title='bbox 1170 2222 1248 2244; x_wconf 86' lang='lat' dir='ltr'>trum</span> <span class='ocrx_word' id='word_1_648' title='bbox 1261 2212 1451 2255; x_wconf 84' lang='lat' dir='ltr'>Apostolorum</span> <span class='ocrx_word' id='word_1_649' title='bbox 1475 2217 1641 2255; x_wconf 81' lang='lat' dir='ltr'>Principem</span> <span class='ocrx_word' id='word_1_650' title='bbox 1651 2237 1661 2253; x_wconf 88' lang='lat'>,</span> <span class='ocrx_word' id='word_1_651' title='bbox 1682 2217 1715 2258; x_wconf 86' lang='lat' dir='ltr'><em>J</em></span> <span class='ocrx_word' id='word_1_652' title='bbox 1718 2219 1810 2247; x_wconf 84' lang='lat' dir='ltr'>oanni</span> <span class='ocrx_word' id='word_1_653' title='bbox 1831 2215 2045 2257; x_wconf 67' lang='lat' dir='ltr'>dileHofratri</span> 
     </span>
     <span class='ocr_line' id='line_1_96' title="bbox 1169 2262 2041 2306; baseline 0.005 -11"><span class='ocrx_word' id='word_1_654' title='bbox 1169 2262 1260 2300; x_wconf 82' lang='lat' dir='ltr'>nostro</span> <span class='ocrx_word' id='word_1_655' title='bbox 1272 2288 1283 2303; x_wconf 91' lang='lat'>,</span> <span class='ocrx_word' id='word_1_656' title='bbox 1307 2272 1342 2296; x_wconf 89' lang='lat' dir='ltr'>ut</span> <span class='ocrx_word' id='word_1_657' title='bbox 1353 2264 1441 2295; x_wconf 88' lang='lat' dir='ltr'>locum</span> <span class='ocrx_word' id='word_1_658' title='bbox 1453 2263 1576 2302; x_wconf 77' lang='lat' dir='ltr'>nostrum</span> <span class='ocrx_word' id='word_1_659' title='bbox 1588 2269 1619 2295; x_wconf 85' lang='lat' dir='ltr'>in</span> <span class='ocrx_word' id='word_1_660' title='bbox 1630 2263 1763 2297; x_wconf 77' lang='lat' dir='ltr'>omnibus</span> <span class='ocrx_word' id='word_1_661' title='bbox 1774 2263 1978 2306; x_wconf 81' lang='lat' dir='ltr'>Ecclefiasticis</span> <span class='ocrx_word' id='word_1_662' title='bbox 1992 2279 2041 2299; x_wconf 89' lang='lat' dir='ltr'>ar·-</span> 
     </span>
     <span class='ocr_line' id='line_1_97' title="bbox 1167 2311 2038 2355; baseline 0.006 -11"><span class='ocrx_word' id='word_1_663' title='bbox 1167 2314 1263 2345; x_wconf 83' lang='lat' dir='ltr'>ticulis</span> <span class='ocrx_word' id='word_1_664' title='bbox 1274 2318 1306 2344; x_wconf 89' lang='lat' dir='ltr'>in</span> <span class='ocrx_word' id='word_1_665' title='bbox 1314 2313 1454 2355; x_wconf 86' lang='lat' dir='ltr'>partibus</span> <span class='ocrx_word' id='word_1_666' title='bbox 1466 2317 1599 2346; x_wconf 84' lang='lat' dir='ltr'>Orientis</span> <span class='ocrx_word' id='word_1_667' title='bbox 1607 2311 1744 2355; x_wconf 85' lang='lat' dir='ltr'>suppleat</span> <span class='ocrx_word' id='word_1_668' title='bbox 1755 2338 1766 2354; x_wconf 89' lang='lat'>,</span> <span class='ocrx_word' id='word_1_669' title='bbox 1791 2314 1825 2346; x_wconf 77' lang='lat'><em>&amp;</em></span> <span class='ocrx_word' id='word_1_670' title='bbox 1850 2325 1927 2349; x_wconf 86' lang='lat' dir='ltr'>creet</span> <span class='ocrx_word' id='word_1_671' title='bbox 1937 2321 1969 2349; x_wconf 79' lang='lat' dir='ltr'>in</span> <span class='ocrx_word' id='word_1_672' title='bbox 1979 2328 2038 2349; x_wconf 84' lang='lat' dir='ltr'>om-</span> 
     </span>
    </p>
   </div>
   <div class='ocr_carea' id='block_1_5' title="bbox 1146 2362 2037 2409">
    <p class='ocr_par' dir='ltr' id='par_1_6' title="bbox 1146 2362 2037 2409">
     <span class='ocr_line' id='line_1_98' title="bbox 1146 2362 2037 2409; baseline 0.008 -16"><span class='ocrx_word' id='word_1_673' title='bbox 1146 2389 1149 2397; x_wconf 82' lang='grc'><strong><em>,</em></strong></span> <span class='ocrx_word' id='word_1_674' title='bbox 1166 2362 1253 2395; x_wconf 83' lang='lat' dir='ltr'>nibus</span> <span class='ocrx_word' id='word_1_675' title='bbox 1275 2364 1449 2396; x_wconf 81' lang='lat' dir='ltr'>civitatibus</span> <span class='ocrx_word' id='word_1_676' title='bbox 1462 2388 1472 2403; x_wconf 90' lang='lat'>,</span> <span class='ocrx_word' id='word_1_677' title='bbox 1497 2374 1566 2404; x_wconf 78' lang='lat' dir='ltr'>quae</span> <span class='ocrx_word' id='word_1_678' title='bbox 1586 2362 1774 2397; x_wconf 75' lang='lat' dir='ltr'>Antiochenae</span> <span class='ocrx_word' id='word_1_679' title='bbox 1795 2365 1864 2397; x_wconf 81' lang='lat' dir='ltr'>Sedi</span> <span class='ocrx_word' id='word_1_680' title='bbox 1877 2389 1888 2404; x_wconf 94' lang='lat'>‚</span> <span class='ocrx_word' id='word_1_681' title='bbox 1913 2377 2037 2409; x_wconf 82' lang='lat' dir='ltr'>quaeque</span> 
     </span>
    </p>
   </div>
   <div class='ocr_carea' id='block_1_6' title="bbox 223 2400 2034 2462">
    <p class='ocr_par' dir='ltr' id='par_1_7' title="bbox 223 2400 2034 2462">
     <span class='ocr_line' id='line_1_99' title="bbox 223 2400 2034 2462; baseline 0 -13"><span class='ocrx_word' id='word_1_682' title='bbox 223 2423 349 2462; x_wconf 76' lang='lat' dir='ltr'>prorsus</span> <span class='ocrx_word' id='word_1_683' title='bbox 362 2420 531 2450; x_wconf 79' lang='lat' dir='ltr'>invenimus</span> <span class='ocrx_word' id='word_1_684' title='bbox 543 2437 554 2453; x_wconf 86' lang='lat'>‚</span> <span class='ocrx_word' id='word_1_685' title='bbox 580 2423 631 2445; x_wconf 84' lang='lat' dir='ltr'>nec</span> <span class='ocrx_word' id='word_1_686' title='bbox 640 2412 708 2444; x_wconf 85' lang='lat' dir='ltr'>ullis</span> <span class='ocrx_word' id='word_1_687' title='bbox 718 2415 902 2454; x_wconf 80' lang='lat' dir='ltr'>argumentis</span> <span class='ocrx_word' id='word_1_688' title='bbox 919 2409 1100 2448; x_wconf 81' lang='lat' dir='ltr'>demonstra·</span> <span class='ocrx_word' id='word_1_689' title='bbox 1146 2400 1149 2430; x_wconf 54' lang='lat'>3</span> <span class='ocrx_word' id='word_1_690' title='bbox 1165 2411 1432 2454; x_wconf 72' lang='lat' dir='ltr'>Hierosolymitanae</span> <span class='ocrx_word' id='word_1_691' title='bbox 1444 2413 1668 2446; x_wconf 77' lang='lat' dir='ltr'>sacerdotaliter</span> <span class='ocrx_word' id='word_1_692' title='bbox 1676 2411 1800 2458; x_wconf 86' lang='lat' dir='ltr'>subsunt</span> <span class='ocrx_word' id='word_1_693' title='bbox 1815 2439 1826 2454; x_wconf 87' lang='lat'><em>‚</em></span> <span class='ocrx_word' id='word_1_694' title='bbox 1853 2415 2011 2459; x_wconf 85' lang='lat' dir='ltr'>Episcopos</span> <span class='ocrx_word' id='word_1_695' title='bbox 2022 2442 2034 2457; x_wconf 94' lang='lat'>,</span> 
     </span>
    </p>
   </div>
   <div class='ocr_carea' id='block_1_7' title="bbox 168 2458 1097 3407">
    <p class='ocr_par' dir='ltr' id='par_1_8' title="bbox 168 2458 1097 3407">
     <span class='ocr_line' id='line_1_100' title="bbox 227 2458 1097 2510; baseline -0.013 -8"><span class='ocrx_word' id='word_1_696' title='bbox 227 2480 261 2503; x_wconf 86' lang='lat' dir='ltr'>ta</span> <span class='ocrx_word' id='word_1_697' title='bbox 272 2494 282 2509; x_wconf 91' lang='lat'>‚</span> <span class='ocrx_word' id='word_1_698' title='bbox 309 2477 399 2510; x_wconf 82' lang='lat' dir='ltr'>atque</span> <span class='ocrx_word' id='word_1_699' title='bbox 418 2467 525 2498; x_wconf 78' lang='lat' dir='ltr'>idcirco</span> <span class='ocrx_word' id='word_1_700' title='bbox 544 2473 608 2496; x_wconf 85' lang='lat' dir='ltr'>eum</span> <span class='ocrx_word' id='word_1_701' title='bbox 627 2463 731 2494; x_wconf 74' lang='lat' dir='ltr'>merito</span> <span class='ocrx_word' id='word_1_702' title='bbox 741 2472 780 2493; x_wconf 82' lang='lat' dir='ltr'>ex</span> <span class='ocrx_word' id='word_1_703' title='bbox 795 2458 1097 2501; x_wconf 73' lang='lat' dir='ltr'>Apcstolicajustifica-</span> 
     </span>
     <span class='ocr_line' id='line_1_101' title="bbox 226 2507 1096 2553; baseline -0.015 -1"><span class='ocrx_word' id='word_1_704' title='bbox 226 2526 327 2552; x_wconf 73' lang='lat' dir='ltr'>‘vimus</span> <span class='ocrx_word' id='word_1_705' title='bbox 346 2517 516 2550; x_wconf 70' lang='lat' dir='ltr'>auCIoritate</span> <span class='ocrx_word' id='word_1_706' title='bbox 529 2537 539 2553; x_wconf 90' lang='lat'>‚</span> <span class='ocrx_word' id='word_1_707' title='bbox 567 2518 604 2545; x_wconf 89' lang='lat' dir='ltr'>iis</span> <span class='ocrx_word' id='word_1_708' title='bbox 614 2520 713 2545; x_wconf 88' lang='lat' dir='ltr'>autem</span> <span class='ocrx_word' id='word_1_709' title='bbox 723 2515 773 2552; x_wconf 85' lang='lat' dir='ltr'>qui</span> <span class='ocrx_word' id='word_1_710' title='bbox 783 2518 888 2542; x_wconf 86' lang='lat' dir='ltr'>contra</span> <span class='ocrx_word' id='word_1_711' title='bbox 901 2520 966 2542; x_wconf 84' lang='lat' dir='ltr'>eum</span> <span class='ocrx_word' id='word_1_712' title='bbox 973 2507 1096 2551; x_wconf 86' lang='lat' dir='ltr'>scripse-</span> 
     </span>
     <span class='ocr_line' id='line_1_102' title="bbox 224 2561 1094 2608; baseline -0.015 -6"><span class='ocrx_word' id='word_1_713' title='bbox 224 2579 320 2608; x_wconf 80' lang='lat' dir='ltr'>runt,</span> <span class='ocrx_word' id='word_1_714' title='bbox 345 2572 452 2600; x_wconf 89' lang='lat' dir='ltr'>crimen</span> <span class='ocrx_word' id='word_1_715' title='bbox 469 2561 630 2603; x_wconf 84' lang='lat' dir='ltr'>dimifimus</span> <span class='ocrx_word' id='word_1_716' title='bbox 652 2586 662 2601; x_wconf 86' lang='lat'>‚</span> <span class='ocrx_word' id='word_1_717' title='bbox 689 2564 820 2592; x_wconf 83' lang='lat' dir='ltr'>Canonis</span> <span class='ocrx_word' id='word_1_718' title='bbox 840 2564 965 2602; x_wconf 85' lang='lat' dir='ltr'>rigorem</span> <span class='ocrx_word' id='word_1_719' title='bbox 990 2568 1094 2600; x_wconf 86' lang='lat' dir='ltr'>tempe-</span> 
     </span>
     <span class='ocr_line' id='line_1_103' title="bbox 223 2607 1096 2657; baseline -0.014 -6"><span class='ocrx_word' id='word_1_720' title='bbox 223 2627 325 2651; x_wconf 74' lang='lat' dir='ltr'>rantes</span> <span class='ocrx_word' id='word_1_721' title='bbox 338 2642 348 2657; x_wconf 91' lang='lat'>,</span> <span class='ocrx_word' id='word_1_722' title='bbox 376 2619 410 2650; x_wconf 67' lang='lat' dir='ltr'>&lt;y</span> <span class='ocrx_word' id='word_1_723' title='bbox 432 2615 475 2647; x_wconf 82' lang='lat' dir='ltr'>ad</span> <span class='ocrx_word' id='word_1_724' title='bbox 485 2609 707 2657; x_wconf 69' lang='lat' dir='ltr'>respiscentiam</span> <span class='ocrx_word' id='word_1_725' title='bbox 719 2608 783 2651; x_wconf 85' lang='lat' dir='ltr'>ipfis</span> <span class='ocrx_word' id='word_1_726' title='bbox 790 2607 917 2651; x_wconf 86' lang='lat' dir='ltr'>sufficere</span> <span class='ocrx_word' id='word_1_727' title='bbox 927 2608 1096 2647; x_wconf 76' lang='lat' dir='ltr'>existiman-</span> 
     </span>
     <span class='ocr_line' id='line_1_104' title="bbox 224 2656 1093 2709; baseline -0.016 -7"><span class='ocrx_word' id='word_1_728' title='bbox 224 2679 267 2702; x_wconf 78' lang='lat' dir='ltr'>tes</span> <span class='ocrx_word' id='word_1_729' title='bbox 275 2668 391 2709; x_wconf 76' lang='lat' dir='ltr'>fabulae</span> <span class='ocrx_word' id='word_1_730' title='bbox 401 2665 629 2698; x_wconf 84' lang='lat' dir='ltr'>revelationem.</span> <span class='ocrx_word' id='word_1_731' title='bbox 659 2657 839 2701; x_wconf 76' lang='lat' dir='ltr'>Universum</span> <span class='ocrx_word' id='word_1_732' title='bbox 848 2682 858 2698; x_wconf 91' lang='lat'>,</span> <span class='ocrx_word' id='word_1_733' title='bbox 882 2670 950 2700; x_wconf 88' lang='lat' dir='ltr'>quae</span> <span class='ocrx_word' id='word_1_734' title='bbox 963 2656 1021 2697; x_wconf 82' lang='lat' dir='ltr'>istic</span> <span class='ocrx_word' id='word_1_735' title='bbox 1032 2658 1070 2697; x_wconf 87' lang='lat' dir='ltr'>est</span> <span class='ocrx_word' id='word_1_736' title='bbox 1083 2683 1093 2698; x_wconf 87' lang='lat'>‚</span> 
     </span>
     <span class='ocr_line' id='line_1_105' title="bbox 225 2709 1092 2755; baseline -0.013 -4"><span class='ocrx_word' id='word_1_737' title='bbox 225 2717 409 2751; x_wconf 83' lang='lat' dir='ltr'>Catholicam</span> <span class='ocrx_word' id='word_1_738' title='bbox 433 2712 585 2755; x_wconf 80' lang='lat' dir='ltr'>Ecclefiam</span> <span class='ocrx_word' id='word_1_739' title='bbox 594 2709 759 2753; x_wconf 82' lang='lat' dir='ltr'>clauserunt</span> <span class='ocrx_word' id='word_1_740' title='bbox 767 2734 777 2749; x_wconf 87' lang='lat'><em>,</em></span> <span class='ocrx_word' id='word_1_741' title='bbox 805 2719 841 2741; x_wconf 86' lang='lat' dir='ltr'>ne</span> <span class='ocrx_word' id='word_1_742' title='bbox 852 2711 1010 2741; x_wconf 82' lang='lat' dir='ltr'>memorato</span> <span class='ocrx_word' id='word_1_743' title='bbox 1020 2710 1092 2749; x_wconf 87' lang='lat' dir='ltr'>Epi-</span> 
     </span>
     <span class='ocr_line' id='line_1_106' title="bbox 217 2757 1094 2812; baseline -0.011 -11"><span class='ocrx_word' id='word_1_744' title='bbox 217 2768 304 2812; x_wconf 87' lang='lat' dir='ltr'>scopo</span> <span class='ocrx_word' id='word_1_745' title='bbox 322 2768 514 2800; x_wconf 85' lang='lat' dir='ltr'>redderentur</span> <span class='ocrx_word' id='word_1_746' title='bbox 535 2760 617 2804; x_wconf 80' lang='lat' dir='ltr'>miffa</span> <span class='ocrx_word' id='word_1_747' title='bbox 639 2761 683 2792; x_wconf 82' lang='lat' dir='ltr'>ad</span> <span class='ocrx_word' id='word_1_748' title='bbox 703 2770 768 2793; x_wconf 85' lang='lat' dir='ltr'>eum</span> <span class='ocrx_word' id='word_1_749' title='bbox 793 2758 832 2791; x_wconf 86' lang='lat' dir='ltr'>ab</span> <span class='ocrx_word' id='word_1_750' title='bbox 855 2757 1010 2799; x_wconf 84' lang='lat' dir='ltr'>Apostolica</span> <span class='ocrx_word' id='word_1_751' title='bbox 1020 2759 1094 2792; x_wconf 85' lang='lat' dir='ltr'>sede</span> 
     </span>
     <span class='ocr_line' id='line_1_107' title="bbox 224 2806 1092 2860; baseline -0.017 -9"><span class='ocrx_word' id='word_1_752' title='bbox 224 2821 397 2860; x_wconf 78' lang='lat' dir='ltr'>Praecepta,</span> <span class='ocrx_word' id='word_1_753' title='bbox 422 2813 528 2857; x_wconf 81' lang='lat' dir='ltr'>quibus</span> <span class='ocrx_word' id='word_1_754' title='bbox 541 2814 606 2854; x_wconf 77' lang='lat' dir='ltr'>ejus</span> <span class='ocrx_word' id='word_1_755' title='bbox 622 2814 757 2843; x_wconf 79' lang='lat' dir='ltr'>Vitarius</span> <span class='ocrx_word' id='word_1_756' title='bbox 778 2807 946 2848; x_wconf 82' lang='lat' dir='ltr'>constitutus</span> <span class='ocrx_word' id='word_1_757' title='bbox 969 2806 1006 2847; x_wconf 84' lang='lat' dir='ltr'>est</span> <span class='ocrx_word' id='word_1_758' title='bbox 1020 2832 1029 2847; x_wconf 87' lang='lat'><em>‚</em></span> <span class='ocrx_word' id='word_1_759' title='bbox 1057 2820 1092 2842; x_wconf 74' lang='lat' dir='ltr'>ac</span> 
     </span>
     <span class='ocr_line' id='line_1_108' title="bbox 215 2857 1090 2912; baseline -0.013 -12"><span class='ocrx_word' id='word_1_760' title='bbox 215 2869 310 2912; x_wconf 78' lang='lat' dir='ltr'>juffus</span> <span class='ocrx_word' id='word_1_761' title='bbox 324 2874 445 2909; x_wconf 86' lang='lat' dir='ltr'>propter</span> <span class='ocrx_word' id='word_1_762' title='bbox 467 2867 604 2905; x_wconf 84' lang='lat' dir='ltr'>temporis</span> <span class='ocrx_word' id='word_1_763' title='bbox 626 2859 776 2903; x_wconf 86' lang='lat' dir='ltr'>angustias</span> <span class='ocrx_word' id='word_1_764' title='bbox 795 2882 805 2898; x_wconf 95' lang='lat'>,</span> <span class='ocrx_word' id='word_1_765' title='bbox 830 2858 866 2890; x_wconf 84' lang='lat' dir='ltr'>id</span> <span class='ocrx_word' id='word_1_766' title='bbox 883 2857 943 2898; x_wconf 85' lang='lat' dir='ltr'>est,</span> <span class='ocrx_word' id='word_1_767' title='bbox 965 2866 1090 2900; x_wconf 80' lang='lat' dir='ltr'>propter</span> 
     </span>
     <span class='ocr_line' id='line_1_109' title="bbox 216 2909 1088 2960; baseline -0.013 -10"><span class='ocrx_word' id='word_1_768' title='bbox 216 2918 379 2960; x_wconf 75' lang='lat' dir='ltr'>pressuram</span> <span class='ocrx_word' id='word_1_769' title='bbox 399 2918 575 2948; x_wconf 86' lang='lat' dir='ltr'>irruentium</span> <span class='ocrx_word' id='word_1_770' title='bbox 595 2917 626 2943; x_wconf 85' lang='lat' dir='ltr'>in</span> <span class='ocrx_word' id='word_1_771' title='bbox 638 2923 688 2943; x_wconf 87' lang='lat' dir='ltr'>nos</span> <span class='ocrx_word' id='word_1_772' title='bbox 697 2915 830 2954; x_wconf 85' lang='lat' dir='ltr'>gentium</span> <span class='ocrx_word' id='word_1_773' title='bbox 839 2933 851 2948; x_wconf 93' lang='lat'>‚</span> <span class='ocrx_word' id='word_1_774' title='bbox 876 2919 912 2941; x_wconf 85' lang='lat' dir='ltr'>ea</span> <span class='ocrx_word' id='word_1_775' title='bbox 923 2909 999 2941; x_wconf 71' lang='lat' dir='ltr'>nove</span> <span class='ocrx_word' id='word_1_776' title='bbox 1012 2909 1088 2948; x_wconf 70' lang='lat' dir='ltr'>Insti-</span> 
     </span>
     <span class='ocr_line' id='line_1_110' title="bbox 220 2957 1089 3007; baseline -0.016 -6"><span class='ocrx_word' id='word_1_777' title='bbox 220 2978 321 3007; x_wconf 89' lang='lat' dir='ltr'>tuere,</span> <span class='ocrx_word' id='word_1_778' title='bbox 347 2967 391 2998; x_wconf 85' lang='lat' dir='ltr'>ad</span> <span class='ocrx_word' id='word_1_779' title='bbox 399 2963 631 3007; x_wconf 85' lang='lat' dir='ltr'>supplementum</span> <span class='ocrx_word' id='word_1_780' title='bbox 642 2957 963 2999; x_wconf 79' lang='lat' dir='ltr'>Ecclefiasticiordinis</span> <span class='ocrx_word' id='word_1_781' title='bbox 976 2982 987 2997; x_wconf 94' lang='lat'><em>‚</em></span> <span class='ocrx_word' id='word_1_782' title='bbox 1014 2961 1089 2999; x_wconf 60' lang='lat' dir='ltr'>Ept-</span> 
     </span>
     <span class='ocr_line' id='line_1_111' title="bbox 215 3007 1088 3060; baseline -0.01 -10"><span class='ocrx_word' id='word_1_783' title='bbox 215 3015 316 3060; x_wconf 84' lang='lat' dir='ltr'>scopos</span> <span class='ocrx_word' id='word_1_784' title='bbox 329 3040 339 3055; x_wconf 92' lang='lat'><strong>,</strong></span> <span class='ocrx_word' id='word_1_785' title='bbox 365 3017 399 3049; x_wconf 64' lang='lat' dir='ltr'>i&amp;</span> <span class='ocrx_word' id='word_1_786' title='bbox 412 3013 597 3051; x_wconf 82' lang='lat' dir='ltr'>Presbyteros</span> <span class='ocrx_word' id='word_1_787' title='bbox 610 3035 620 3051; x_wconf 88' lang='lat'>‚</span> <span class='ocrx_word' id='word_1_788' title='bbox 632 3013 666 3044; x_wconf 69' lang='grc'>(9·</span> <span class='ocrx_word' id='word_1_789' title='bbox 680 3013 840 3047; x_wconf 86' lang='lat' dir='ltr'>Diaconos,</span> <span class='ocrx_word' id='word_1_790' title='bbox 857 3009 957 3049; x_wconf 88' lang='lat' dir='ltr'>quoad</span> <span class='ocrx_word' id='word_1_791' title='bbox 960 3007 1088 3049; x_wconf 85' lang='lat' dir='ltr'>potestas</span> 
     </span>
     <span class='ocr_line' id='line_1_112' title="bbox 168 3056 1086 3106; baseline -0.014 -6"><span class='ocrx_word' id='word_1_792' title='bbox 168 3059 170 3061; x_wconf 36' lang='lat'>¹</span> <span class='ocrx_word' id='word_1_793' title='bbox 217 3066 303 3099; x_wconf 82' lang='lat' dir='ltr'>nobis</span> <span class='ocrx_word' id='word_1_794' title='bbox 316 3065 413 3106; x_wconf 85' lang='lat' dir='ltr'>defuit</span> <span class='ocrx_word' id='word_1_795' title='bbox 424 3064 465 3096; x_wconf 86' lang='lat' dir='ltr'>ad</span> <span class='ocrx_word' id='word_1_796' title='bbox 474 3062 705 3104; x_wconf 84' lang='lat' dir='ltr'>promovendum</span> <span class='ocrx_word' id='word_1_797' title='bbox 718 3057 926 3092; x_wconf 83' lang='lat' dir='ltr'>Patriarcham</span> <span class='ocrx_word' id='word_1_798' title='bbox 937 3056 1086 3100; x_wconf 80' lang='lat' dir='ltr'>Hierosoly-</span> 
     </span>
     <span class='ocr_line' id='line_1_113' title="bbox 218 3112 1086 3154; baseline -0.012 -5"><span class='ocrx_word' id='word_1_799' title='bbox 218 3127 347 3149; x_wconf 86' lang='lat' dir='ltr'>morum.</span> <span class='ocrx_word' id='word_1_800' title='bbox 377 3118 428 3146; x_wconf 84' lang='lat' dir='ltr'>Ea</span> <span class='ocrx_word' id='word_1_801' title='bbox 438 3112 578 3154; x_wconf 85' lang='lat' dir='ltr'>fecerunt</span> <span class='ocrx_word' id='word_1_802' title='bbox 595 3134 605 3150; x_wconf 92' lang='lat'><strong>,</strong></span> <span class='ocrx_word' id='word_1_803' title='bbox 631 3121 697 3152; x_wconf 72' lang='lat' dir='ltr'>quae</span> <span class='ocrx_word' id='word_1_804' title='bbox 721 3120 771 3142; x_wconf 85' lang='lat' dir='ltr'>nec</span> <span class='ocrx_word' id='word_1_805' title='bbox 794 3114 935 3144; x_wconf 80' lang='lat' dir='ltr'>Haeretici</span> <span class='ocrx_word' id='word_1_806' title='bbox 957 3119 1086 3151; x_wconf 86' lang='lat' dir='ltr'>unquam</span> 
     </span>
     <span class='ocr_line' id='line_1_114' title="bbox 212 3158 1085 3210; baseline -0.01 -10"><span class='ocrx_word' id='word_1_807' title='bbox 212 3165 286 3210; x_wconf 87' lang='lat' dir='ltr'>sunt</span> <span class='ocrx_word' id='word_1_808' title='bbox 297 3164 462 3206; x_wconf 83' lang='lat' dir='ltr'>aufifacere</span> <span class='ocrx_word' id='word_1_809' title='bbox 474 3175 482 3194; x_wconf 72' lang='grc' dir='ltr'>ε</span> <span class='ocrx_word' id='word_1_810' title='bbox 511 3158 721 3203; x_wconf 65' lang='lat' dir='ltr'>abscindentes</span> <span class='ocrx_word' id='word_1_811' title='bbox 733 3169 767 3191; x_wconf 87' lang='lat' dir='ltr'>ea</span> <span class='ocrx_word' id='word_1_812' title='bbox 778 3169 845 3200; x_wconf 89' lang='lat' dir='ltr'>quae</span> <span class='ocrx_word' id='word_1_813' title='bbox 860 3160 904 3190; x_wconf 85' lang='lat' dir='ltr'>ad</span> <span class='ocrx_word' id='word_1_814' title='bbox 914 3164 1085 3192; x_wconf 81' lang='lat' dir='ltr'>creationem</span> 
     </span>
     <span class='ocr_line' id='line_1_115' title="bbox 215 3209 1087 3254; baseline -0.01 -4"><span class='ocrx_word' id='word_1_815' title='bbox 215 3218 249 3250; x_wconf 69' lang='grc' dir='ltr'><strong><em>Θ</em></strong></span> <span class='ocrx_word' id='word_1_816' title='bbox 257 3215 462 3254; x_wconf 68' lang='lat' dir='ltr'>institutionem</span> <span class='ocrx_word' id='word_1_817' title='bbox 469 3209 636 3253; x_wconf 86' lang='lat' dir='ltr'>pertinebat</span> <span class='ocrx_word' id='word_1_818' title='bbox 645 3233 654 3249; x_wconf 94' lang='lat'><em>‚</em></span> <span class='ocrx_word' id='word_1_819' title='bbox 674 3220 708 3242; x_wconf 91' lang='lat' dir='ltr'>ea</span> <span class='ocrx_word' id='word_1_820' title='bbox 717 3212 788 3241; x_wconf 73' lang='lat' dir='ltr'>vero</span> <span class='ocrx_word' id='word_1_821' title='bbox 801 3209 953 3240; x_wconf 84' lang='lat' dir='ltr'>tradentes</span> <span class='ocrx_word' id='word_1_822' title='bbox 966 3219 1033 3249; x_wconf 85' lang='lat' dir='ltr'>quae</span> <span class='ocrx_word' id='word_1_823' title='bbox 1042 3211 1087 3243; x_wconf 83' lang='lat' dir='ltr'>ad</span> 
     </span>
     <span class='ocr_line' id='line_1_116' title="bbox 215 3258 1083 3306; baseline -0.013 -7"><span class='ocrx_word' id='word_1_824' title='bbox 215 3266 445 3306; x_wconf 80' lang='lat' dir='ltr'>destitutionem.</span> <span class='ocrx_word' id='word_1_825' title='bbox 474 3260 598 3295; x_wconf 84' lang='lat' dir='ltr'>Nescio</span> <span class='ocrx_word' id='word_1_826' title='bbox 608 3260 662 3301; x_wconf 87' lang='lat' dir='ltr'>qui</span> <span class='ocrx_word' id='word_1_827' title='bbox 678 3259 833 3300; x_wconf 80' lang='lat' dir='ltr'>Syrorum</span> <span class='ocrx_word' id='word_1_828' title='bbox 859 3258 1008 3300; x_wconf 84' lang='lat' dir='ltr'>Episcopi</span> <span class='ocrx_word' id='word_1_829' title='bbox 1030 3269 1083 3293; x_wconf 79' lang='lat' dir='ltr'>aut</span> 
     </span>
     <span class='ocr_line' id='line_1_117' title="bbox 215 3307 1082 3358; baseline -0.012 -8"><span class='ocrx_word' id='word_1_830' title='bbox 215 3316 337 3350; x_wconf 83' lang='lat' dir='ltr'>Clerici</span> <span class='ocrx_word' id='word_1_831' title='bbox 351 3321 517 3358; x_wconf 81' lang='lat' dir='ltr'>patrarunt</span> <span class='ocrx_word' id='word_1_832' title='bbox 526 3310 595 3344; x_wconf 89' lang='lat' dir='ltr'>duo</span> <span class='ocrx_word' id='word_1_833' title='bbox 607 3308 752 3344; x_wconf 78' lang='lat' dir='ltr'>facinora</span> <span class='ocrx_word' id='word_1_834' title='bbox 765 3331 772 3339; x_wconf 95' lang='lat'>.</span> <span class='ocrx_word' id='word_1_835' title='bbox 802 3307 915 3340; x_wconf 75' lang='lat' dir='ltr'>Primo</span> <span class='ocrx_word' id='word_1_836' title='bbox 927 3332 938 3347; x_wconf 90' lang='lat'>‚</span> <span class='ocrx_word' id='word_1_837' title='bbox 964 3307 1082 3352; x_wconf 84' lang='lat' dir='ltr'>Papale</span> 
     </span>
     <span class='ocr_line' id='line_1_118' title="bbox 215 3356 1081 3407; baseline -0.006 -9"><span class='ocrx_word' id='word_1_838' title='bbox 215 3367 301 3399; x_wconf 63' lang='lat' dir='ltr'>factae</span> <span class='ocrx_word' id='word_1_839' title='bbox 313 3367 345 3401; x_wconf 85' lang='lat' dir='ltr'>in</span> <span class='ocrx_word' id='word_1_840' title='bbox 361 3361 556 3407; x_wconf 80' lang='lat' dir='ltr'>Stephanum</span> <span class='ocrx_word' id='word_1_841' title='bbox 571 3357 785 3404; x_wconf 82' lang='lat' dir='ltr'>delegationis</span> <span class='ocrx_word' id='word_1_842' title='bbox 806 3356 963 3401; x_wconf 81' lang='lat' dir='ltr'>Diploma</span> <span class='ocrx_word' id='word_1_843' title='bbox 987 3359 1081 3395; x_wconf 77' lang='lat' dir='ltr'>muti-</span> 
     </span>
    </p>
   </div>
   <div class='ocr_carea' id='block_1_8' title="bbox 1147 2463 2035 3409">
    <p class='ocr_par' dir='ltr' id='par_1_9' title="bbox 1152 2463 2035 2997">
     <span class='ocr_line' id='line_1_119' title="bbox 1160 2463 2035 2509; baseline 0.006 -14"><span class='ocrx_word' id='word_1_844' title='bbox 1160 2464 1193 2495; x_wconf 76' lang='lat'><em>&amp;</em></span> <span class='ocrx_word' id='word_1_845' title='bbox 1204 2463 1388 2501; x_wconf 76' lang='lat' dir='ltr'>Presbyteros</span> <span class='ocrx_word' id='word_1_846' title='bbox 1402 2487 1412 2503; x_wconf 87' lang='lat'><strong>,</strong></span> <span class='ocrx_word' id='word_1_847' title='bbox 1438 2465 1472 2497; x_wconf 66' lang='grc' dir='ltr'>ό·</span> <span class='ocrx_word' id='word_1_848' title='bbox 1484 2467 1627 2497; x_wconf 87' lang='lat' dir='ltr'>Diaconos</span> <span class='ocrx_word' id='word_1_849' title='bbox 1636 2487 1646 2502; x_wconf 88' lang='lat'>‚</span> <span class='ocrx_word' id='word_1_850' title='bbox 1676 2474 1712 2496; x_wconf 83' lang='lat' dir='ltr'>ne</span> <span class='ocrx_word' id='word_1_851' title='bbox 1726 2488 1736 2503; x_wconf 91' lang='lat'>,</span> <span class='ocrx_word' id='word_1_852' title='bbox 1757 2471 1813 2496; x_wconf 86' lang='lat' dir='ltr'>tcut</span> <span class='ocrx_word' id='word_1_853' title='bbox 1823 2466 1896 2500; x_wconf 85' lang='lat' dir='ltr'>dicit</span> <span class='ocrx_word' id='word_1_854' title='bbox 1908 2466 2035 2509; x_wconf 82' lang='lat' dir='ltr'>Prophe·</span> 
     </span>
     <span class='ocr_line' id='line_1_120' title="bbox 1159 2512 2033 2557; baseline 0.007 -13"><span class='ocrx_word' id='word_1_855' title='bbox 1159 2521 1192 2544; x_wconf 83' lang='lat' dir='ltr'>ta</span> <span class='ocrx_word' id='word_1_856' title='bbox 1203 2535 1212 2550; x_wconf 90' lang='lat'>‚</span> <span class='ocrx_word' id='word_1_857' title='bbox 1238 2514 1404 2555; x_wconf 72' lang='lat' dir='ltr'>deficianta</span> <span class='ocrx_word' id='word_1_858' title='bbox 1415 2512 1575 2553; x_wconf 84' lang='lat' dir='ltr'>comestione</span> <span class='ocrx_word' id='word_1_859' title='bbox 1586 2524 1656 2546; x_wconf 84' lang='lat' dir='ltr'>oves</span> <span class='ocrx_word' id='word_1_860' title='bbox 1669 2537 1679 2553; x_wconf 91' lang='lat'>‚</span> <span class='ocrx_word' id='word_1_861' title='bbox 1698 2515 1729 2546; x_wconf 75' lang='grc' dir='ltr'>εδ</span> <span class='ocrx_word' id='word_1_862' title='bbox 1743 2516 1823 2556; x_wconf 74' lang='lat' dir='ltr'>quod</span> <span class='ocrx_word' id='word_1_863' title='bbox 1832 2527 1889 2548; x_wconf 89' lang='lat' dir='ltr'>non</span> <span class='ocrx_word' id='word_1_864' title='bbox 1902 2515 1963 2557; x_wconf 82' lang='lat' dir='ltr'>fint</span> <span class='ocrx_word' id='word_1_865' title='bbox 1984 2517 2033 2549; x_wconf 83' lang='lat' dir='ltr'>bo·</span> 
     </span>
     <span class='ocr_line' id='line_1_121' title="bbox 1158 2562 2033 2610; baseline 0.007 -16"><span class='ocrx_word' id='word_1_866' title='bbox 1158 2573 1208 2594; x_wconf 82' lang='lat' dir='ltr'>ves</span> <span class='ocrx_word' id='word_1_867' title='bbox 1219 2567 1251 2594; x_wconf 90' lang='lat' dir='ltr'>in</span> <span class='ocrx_word' id='word_1_868' title='bbox 1258 2562 1445 2605; x_wconf 80' lang='lat' dir='ltr'>praesepibus</span> <span class='ocrx_word' id='word_1_869' title='bbox 1460 2587 1470 2603; x_wconf 94' lang='lat'>,</span> <span class='ocrx_word' id='word_1_870' title='bbox 1496 2563 1530 2594; x_wconf 88' lang='lat' dir='ltr'>id</span> <span class='ocrx_word' id='word_1_871' title='bbox 1540 2562 1576 2603; x_wconf 84' lang='lat' dir='ltr'>est</span> <span class='ocrx_word' id='word_1_872' title='bbox 1585 2588 1595 2603; x_wconf 91' lang='lat'>‚</span> <span class='ocrx_word' id='word_1_873' title='bbox 1618 2562 1722 2604; x_wconf 83' lang='lat' dir='ltr'>fideles</span> <span class='ocrx_word' id='word_1_874' title='bbox 1735 2565 1769 2598; x_wconf 72' lang='grc' dir='ltr'>ὀ·</span> <span class='ocrx_word' id='word_1_875' title='bbox 1781 2564 1935 2599; x_wconf 80' lang='lat' dir='ltr'>orthodoxi</span> <span class='ocrx_word' id='word_1_876' title='bbox 1940 2575 2033 2610; x_wconf 81' lang='lat' dir='ltr'>popu-</span> 
     </span>
     <span class='ocr_line' id='line_1_122' title="bbox 1156 2611 2031 2657; baseline 0.009 -14"><span class='ocrx_word' id='word_1_877' title='bbox 1156 2613 1179 2644; x_wconf 87' lang='lat' dir='ltr'>li</span> <span class='ocrx_word' id='word_1_878' title='bbox 1191 2637 1200 2651; x_wconf 94' lang='lat'>,</span> <span class='ocrx_word' id='word_1_879' title='bbox 1228 2614 1309 2654; x_wconf 80' lang='lat' dir='ltr'>quod</span> <span class='ocrx_word' id='word_1_880' title='bbox 1318 2611 1452 2653; x_wconf 81' lang='lat' dir='ltr'>Ecclefiae</span> <span class='ocrx_word' id='word_1_881' title='bbox 1467 2612 1628 2645; x_wconf 81' lang='lat' dir='ltr'>Catholicae</span> <span class='ocrx_word' id='word_1_882' title='bbox 1639 2611 1796 2656; x_wconf 85' lang='lat' dir='ltr'>Episcopos</span> <span class='ocrx_word' id='word_1_883' title='bbox 1805 2626 1863 2648; x_wconf 80' lang='lat' dir='ltr'>non</span> <span class='ocrx_word' id='word_1_884' title='bbox 1876 2616 2009 2651; x_wconf 86' lang='lat' dir='ltr'>babeant</span> <span class='ocrx_word' id='word_1_885' title='bbox 2016 2641 2031 2657; x_wconf 91' lang='lat'>,</span> 
     </span>
     <span class='ocr_line' id='line_1_123' title="bbox 1158 2660 2030 2707; baseline 0.008 -13"><span class='ocrx_word' id='word_1_886' title='bbox 1158 2667 1207 2703; x_wconf 88' lang='lat' dir='ltr'>qui</span> <span class='ocrx_word' id='word_1_887' title='bbox 1229 2660 1417 2704; x_wconf 88' lang='lat' dir='ltr'>spiritualem</span> <span class='ocrx_word' id='word_1_888' title='bbox 1440 2661 1508 2705; x_wconf 83' lang='lat' dir='ltr'>ipfis</span> <span class='ocrx_word' id='word_1_889' title='bbox 1534 2661 1628 2696; x_wconf 84' lang='lat' dir='ltr'>cibum</span> <span class='ocrx_word' id='word_1_890' title='bbox 1650 2669 1780 2697; x_wconf 83' lang='lat' dir='ltr'>excitent</span> <span class='ocrx_word' id='word_1_891' title='bbox 1800 2666 1834 2699; x_wconf 74' lang='lat'>(9&#39;</span> <span class='ocrx_word' id='word_1_892' title='bbox 1851 2666 2012 2707; x_wconf 86' lang='lat' dir='ltr'>praebeant</span> <span class='ocrx_word' id='word_1_893' title='bbox 2021 2693 2030 2700; x_wconf 88' lang='lat'><strong>.</strong></span> 
     </span>
     <span class='ocr_line' id='line_1_124' title="bbox 1156 2711 2030 2752; baseline 0.007 -6"><span class='ocrx_word' id='word_1_894' title='bbox 1156 2714 1281 2746; x_wconf 82' lang='lat' dir='ltr'>Omnes</span> <span class='ocrx_word' id='word_1_895' title='bbox 1293 2711 1372 2746; x_wconf 77' lang='lat' dir='ltr'>serio</span> <span class='ocrx_word' id='word_1_896' title='bbox 1384 2712 1532 2746; x_wconf 83' lang='lat' dir='ltr'>hortatur</span> <span class='ocrx_word' id='word_1_897' title='bbox 1543 2735 1553 2751; x_wconf 88' lang='lat'>‚</span> <span class='ocrx_word' id='word_1_898' title='bbox 1578 2723 1614 2747; x_wconf 90' lang='lat' dir='ltr'>ut</span> <span class='ocrx_word' id='word_1_899' title='bbox 1625 2712 1712 2747; x_wconf 67' lang='lat' dir='ltr'>dieto</span> <span class='ocrx_word' id='word_1_900' title='bbox 1736 2713 1873 2749; x_wconf 85' lang='lat' dir='ltr'>Vicario</span> <span class='ocrx_word' id='word_1_901' title='bbox 1894 2717 1929 2751; x_wconf 89' lang='lat' dir='ltr'>in</span> <span class='ocrx_word' id='word_1_902' title='bbox 1950 2729 2030 2752; x_wconf 89' lang='lat' dir='ltr'>cun-</span> 
     </span>
     <span class='ocr_line' id='line_1_125' title="bbox 1156 2761 2028 2809; baseline 0.009 -15"><span class='ocrx_word' id='word_1_903' title='bbox 1156 2763 1212 2795; x_wconf 71' lang='lat' dir='ltr'>stis</span> <span class='ocrx_word' id='word_1_904' title='bbox 1222 2762 1463 2805; x_wconf 86' lang='lat' dir='ltr'>obtemperent.</span> <span class='ocrx_word' id='word_1_905' title='bbox 1490 2761 1592 2807; x_wconf 86' lang='lat' dir='ltr'>Qod</span> <span class='ocrx_word' id='word_1_906' title='bbox 1605 2763 1708 2805; x_wconf 90' lang='lat' dir='ltr'>ipsum</span> <span class='ocrx_word' id='word_1_907' title='bbox 1723 2775 1777 2807; x_wconf 89' lang='lat' dir='ltr'>per</span> <span class='ocrx_word' id='word_1_908' title='bbox 1789 2765 1964 2809; x_wconf 82' lang='lat' dir='ltr'>singulares</span> <span class='ocrx_word' id='word_1_909' title='bbox 1977 2768 2028 2802; x_wconf 84' lang='lat' dir='ltr'>lit-</span> 
     </span>
     <span class='ocr_line' id='line_1_126' title="bbox 1154 2811 2026 2860; baseline 0.008 -15"><span class='ocrx_word' id='word_1_910' title='bbox 1154 2821 1233 2845; x_wconf 83' lang='lat' dir='ltr'>teras</span> <span class='ocrx_word' id='word_1_911' title='bbox 1243 2811 1452 2846; x_wconf 81' lang='lat' dir='ltr'>commendat</span> <span class='ocrx_word' id='word_1_912' title='bbox 1461 2812 1647 2847; x_wconf 88' lang='lat' dir='ltr'>Theodoro</span> <span class='ocrx_word' id='word_1_913' title='bbox 1659 2813 1895 2850; x_wconf 87' lang='lat' dir='ltr'>Esbuntiorum</span> <span class='ocrx_word' id='word_1_914' title='bbox 1905 2817 2026 2860; x_wconf 86' lang='lat' dir='ltr'>episco-</span> 
     </span>
     <span class='ocr_line' id='line_1_127' title="bbox 1155 2862 2023 2911; baseline 0.008 -16"><span class='ocrx_word' id='word_1_915' title='bbox 1155 2873 1215 2904; x_wconf 89' lang='lat' dir='ltr'>po,</span> <span class='ocrx_word' id='word_1_916' title='bbox 1244 2862 1397 2896; x_wconf 86' lang='lat' dir='ltr'>Antonio</span> <span class='ocrx_word' id='word_1_917' title='bbox 1408 2863 1558 2905; x_wconf 83' lang='lat' dir='ltr'>episcopo</span> <span class='ocrx_word' id='word_1_918' title='bbox 1574 2862 1792 2898; x_wconf 84' lang='lat' dir='ltr'>Bacathorum</span> <span class='ocrx_word' id='word_1_919' title='bbox 1804 2888 1815 2904; x_wconf 87' lang='lat'>‚</span> <span class='ocrx_word' id='word_1_920' title='bbox 1841 2866 1877 2899; x_wconf 77' lang='lat' dir='ltr'>&lt;Sc</span> <span class='ocrx_word' id='word_1_921' title='bbox 1898 2867 2023 2911; x_wconf 85' lang='lat' dir='ltr'>Grego-</span> 
     </span>
     <span class='ocr_line' id='line_1_128' title="bbox 1154 2911 2024 2958; baseline 0.007 -13"><span class='ocrx_word' id='word_1_922' title='bbox 1154 2913 1202 2945; x_wconf 87' lang='lat' dir='ltr'>rio</span> <span class='ocrx_word' id='word_1_923' title='bbox 1213 2911 1336 2946; x_wconf 85' lang='lat' dir='ltr'>Abbati</span> <span class='ocrx_word' id='word_1_924' title='bbox 1350 2913 1457 2946; x_wconf 74' lang='lat' dir='ltr'>Sanffi</span> <span class='ocrx_word' id='word_1_925' title='bbox 1474 2911 1654 2947; x_wconf 84' lang='lat' dir='ltr'>Theodofii</span> <span class='ocrx_word' id='word_1_926' title='bbox 1670 2938 1676 2945; x_wconf 92' lang='lat'><em>.</em></span> <span class='ocrx_word' id='word_1_927' title='bbox 1705 2914 1807 2948; x_wconf 85' lang='lat' dir='ltr'>Erant</span> <span class='ocrx_word' id='word_1_928' title='bbox 1820 2914 1912 2958; x_wconf 84' lang='lat' dir='ltr'>plura</span> <span class='ocrx_word' id='word_1_929' title='bbox 1932 2918 2024 2951; x_wconf 87' lang='lat' dir='ltr'>istius</span> 
     </span>
     <span class='ocr_line' id='line_1_129' title="bbox 1152 2961 1487 2997; baseline -0.006 -1"><span class='ocrx_word' id='word_1_930' title='bbox 1152 2961 1257 2997; x_wconf 75' lang='lat' dir='ltr'>Sanffi</span> <span class='ocrx_word' id='word_1_931' title='bbox 1269 2962 1466 2997; x_wconf 86' lang='lat' dir='ltr'>Monasteria</span> <span class='ocrx_word' id='word_1_932' title='bbox 1478 2988 1487 2994; x_wconf 80' lang='lat'>.</span> 
     </span>
    </p>

    <p class='ocr_par' dir='ltr' id='par_1_10' title="bbox 1147 3011 2020 3409">
     <span class='ocr_line' id='line_1_130' title="bbox 1202 3011 2020 3058; baseline 0.009 -14"><span class='ocrx_word' id='word_1_933' title='bbox 1202 3011 1266 3045; x_wconf 85' lang='lat' dir='ltr'>His</span> <span class='ocrx_word' id='word_1_934' title='bbox 1280 3012 1406 3047; x_wconf 82' lang='lat' dir='ltr'>obstare</span> <span class='ocrx_word' id='word_1_935' title='bbox 1418 3012 1546 3047; x_wconf 83' lang='lat' dir='ltr'>videtur</span> <span class='ocrx_word' id='word_1_936' title='bbox 1557 3012 1679 3047; x_wconf 84' lang='lat' dir='ltr'>laudati</span> <span class='ocrx_word' id='word_1_937' title='bbox 1691 3013 1846 3058; x_wconf 85' lang='lat' dir='ltr'>Stephani</span> <span class='ocrx_word' id='word_1_938' title='bbox 1867 3017 2020 3051; x_wconf 82' lang='lat' dir='ltr'>Dorenfis</span> 
     </span>
     <span class='ocr_line' id='line_1_131' title="bbox 1152 3062 2019 3110; baseline 0.007 -15"><span class='ocrx_word' id='word_1_939' title='bbox 1152 3062 1292 3105; x_wconf 89' lang='lat' dir='ltr'>episcopi</span> <span class='ocrx_word' id='word_1_940' title='bbox 1304 3062 1343 3096; x_wconf 88' lang='lat' dir='ltr'>ad</span> <span class='ocrx_word' id='word_1_941' title='bbox 1355 3063 1604 3097; x_wconf 87' lang='lat' dir='ltr'>Lateranensem</span> <span class='ocrx_word' id='word_1_942' title='bbox 1625 3065 1730 3097; x_wconf 67' lang='lat' dir='ltr'>Sancti</span> <span class='ocrx_word' id='word_1_943' title='bbox 1755 3063 1892 3098; x_wconf 87' lang='lat' dir='ltr'>Martini</span> <span class='ocrx_word' id='word_1_944' title='bbox 1914 3067 2019 3110; x_wconf 88' lang='lat' dir='ltr'>Syno-</span> 
     </span>
     <span class='ocr_line' id='line_1_132' title="bbox 1150 3112 2016 3155; baseline 0.005 -8"><span class='ocrx_word' id='word_1_945' title='bbox 1150 3112 1248 3151; x_wconf 88' lang='lat' dir='ltr'>dum,</span> <span class='ocrx_word' id='word_1_946' title='bbox 1275 3113 1350 3146; x_wconf 72' lang='lat' dir='ltr'>lesta</span> <span class='ocrx_word' id='word_1_947' title='bbox 1366 3113 1396 3146; x_wconf 76' lang='grc' dir='ltr'>δε</span> <span class='ocrx_word' id='word_1_948' title='bbox 1409 3114 1539 3155; x_wconf 87' lang='lat' dir='ltr'>probata</span> <span class='ocrx_word' id='word_1_949' title='bbox 1553 3112 1586 3146; x_wconf 75' lang='lat' dir='ltr'>In</span> <span class='ocrx_word' id='word_1_950' title='bbox 1602 3112 1694 3155; x_wconf 83' lang='lat' dir='ltr'>hujus</span> <span class='ocrx_word' id='word_1_951' title='bbox 1717 3114 1858 3148; x_wconf 83' lang='lat' dir='ltr'>secundo</span> <span class='ocrx_word' id='word_1_952' title='bbox 1878 3117 2016 3151; x_wconf 84' lang='lat' dir='ltr'>Secreta-</span> 
     </span>
     <span class='ocr_line' id='line_1_133' title="bbox 1149 3162 2017 3208; baseline 0.003 -12"><span class='ocrx_word' id='word_1_953' title='bbox 1149 3163 1196 3196; x_wconf 86' lang='lat' dir='ltr'>rio</span> <span class='ocrx_word' id='word_1_954' title='bbox 1209 3185 1220 3200; x_wconf 91' lang='lat'>,</span> <span class='ocrx_word' id='word_1_955' title='bbox 1229 3162 1363 3206; x_wconf 87' lang='lat' dir='ltr'>epistola</span> <span class='ocrx_word' id='word_1_956' title='bbox 1374 3174 1382 3194; x_wconf 78' lang='grc' dir='ltr'>ι</span> <span class='ocrx_word' id='word_1_957' title='bbox 1407 3164 1466 3195; x_wconf 77' lang='lat' dir='ltr'>Sed</span> <span class='ocrx_word' id='word_1_958' title='bbox 1475 3166 1507 3197; x_wconf 62' lang='grc' dir='ltr'>(ς</span> <span class='ocrx_word' id='word_1_959' title='bbox 1519 3162 1568 3197; x_wconf 79' lang='lat' dir='ltr'>hoc</span> <span class='ocrx_word' id='word_1_960' title='bbox 1579 3165 1660 3196; x_wconf 85' lang='lat' dir='ltr'>doceo</span> <span class='ocrx_word' id='word_1_961' title='bbox 1669 3162 1863 3197; x_wconf 63' lang='lat' dir='ltr'>sanctitatem</span> <span class='ocrx_word' id='word_1_962' title='bbox 1874 3166 2017 3208; x_wconf 76' lang='lat' dir='ltr'>vestram,</span> 
     </span>
     <span class='ocr_line' id='line_1_134' title="bbox 1149 3212 2015 3260; baseline 0.007 -16"><span class='ocrx_word' id='word_1_963' title='bbox 1149 3218 1220 3254; x_wconf 86' lang='lat' dir='ltr'>quia</span> <span class='ocrx_word' id='word_1_964' title='bbox 1239 3219 1376 3254; x_wconf 83' lang='lat' dir='ltr'>temporis</span> <span class='ocrx_word' id='word_1_965' title='bbox 1400 3214 1587 3246; x_wconf 86' lang='lat' dir='ltr'>attendentes</span> <span class='ocrx_word' id='word_1_966' title='bbox 1603 3212 1852 3254; x_wconf 85' lang='lat' dir='ltr'>perturbationem</span> <span class='ocrx_word' id='word_1_967' title='bbox 1865 3239 1876 3255; x_wconf 89' lang='lat'>‚</span> <span class='ocrx_word' id='word_1_968' title='bbox 1903 3217 2015 3260; x_wconf 85' lang='lat' dir='ltr'>utique</span> 
     </span>
     <span class='ocr_line' id='line_1_135' title="bbox 1151 3262 2015 3308; baseline 0.002 -12"><span class='ocrx_word' id='word_1_969' title='bbox 1151 3263 1300 3306; x_wconf 84' lang='lat' dir='ltr'>Episcopi</span> <span class='ocrx_word' id='word_1_970' title='bbox 1314 3262 1544 3296; x_wconf 64' lang='lat' dir='ltr'>Monoxhelitae</span> <span class='ocrx_word' id='word_1_971' title='bbox 1557 3287 1566 3301; x_wconf 94' lang='lat'>,</span> <span class='ocrx_word' id='word_1_972' title='bbox 1591 3264 1696 3295; x_wconf 83' lang='lat' dir='ltr'>multos</span> <span class='ocrx_word' id='word_1_973' title='bbox 1707 3267 1739 3294; x_wconf 86' lang='lat' dir='ltr'>in</span> <span class='ocrx_word' id='word_1_974' title='bbox 1750 3267 1931 3308; x_wconf 81' lang='lat' dir='ltr'>Orienteper</span> <span class='ocrx_word' id='word_1_975' title='bbox 1952 3279 2015 3300; x_wconf 88' lang='lat' dir='ltr'>am-</span> 
     </span>
     <span class='ocr_line' id='line_1_136' title="bbox 1148 3311 2013 3359; baseline 0.005 -13"><span class='ocrx_word' id='word_1_976' title='bbox 1148 3313 1283 3346; x_wconf 81' lang='lat' dir='ltr'>bitionem</span> <span class='ocrx_word' id='word_1_977' title='bbox 1295 3313 1429 3355; x_wconf 74' lang='lat' dir='ltr'>deceptffe</span> <span class='ocrx_word' id='word_1_978' title='bbox 1441 3311 1610 3355; x_wconf 85' lang='lat' dir='ltr'>noscuntur.</span> <span class='ocrx_word' id='word_1_979' title='bbox 1638 3314 1657 3344; x_wconf 84' lang='lat'><em>5</em></span> <span class='ocrx_word' id='word_1_980' title='bbox 1659 3317 1757 3355; x_wconf 87' lang='lat' dir='ltr'>ergius</span> <span class='ocrx_word' id='word_1_981' title='bbox 1779 3324 1908 3358; x_wconf 86' lang='lat' dir='ltr'>namque</span> <span class='ocrx_word' id='word_1_982' title='bbox 1923 3328 2013 3359; x_wconf 87' lang='lat' dir='ltr'>quon-</span> 
     </span>
     <span class='ocr_line' id='line_1_137' title="bbox 1147 3360 2012 3409; baseline 0.001 -12"><span class='ocrx_word' id='word_1_983' title='bbox 1147 3364 1217 3397; x_wconf 84' lang='lat' dir='ltr'>dam</span> <span class='ocrx_word' id='word_1_984' title='bbox 1222 3367 1253 3409; x_wconf 88' lang='lat' dir='ltr'><em>J</em></span> <span class='ocrx_word' id='word_1_985' title='bbox 1256 3361 1382 3405; x_wconf 81' lang='lat' dir='ltr'>oppenfis</span> <span class='ocrx_word' id='word_1_986' title='bbox 1394 3360 1553 3405; x_wconf 78' lang='lat' dir='ltr'>Episcopus</span> <span class='ocrx_word' id='word_1_987' title='bbox 1567 3386 1578 3402; x_wconf 83' lang='lat'><em>,</em></span> <span class='ocrx_word' id='word_1_988' title='bbox 1600 3362 1662 3404; x_wconf 83' lang='lat' dir='ltr'>post</span> <span class='ocrx_word' id='word_1_989' title='bbox 1673 3362 1802 3406; x_wconf 82' lang='lat' dir='ltr'>receffum</span> <span class='ocrx_word' id='word_1_990' title='bbox 1813 3404 1815 3406; x_wconf 15' lang='lat' dir='ltr'>q</span> <span class='ocrx_word' id='word_1_991' title='bbox 1818 3366 1919 3408; x_wconf 87' lang='lat' dir='ltr'>gentis</span> <span class='ocrx_word' id='word_1_992' title='bbox 1940 3370 2012 3400; x_wconf 87' lang='lat' dir='ltr'>Per-</span> 
     </span>
    </p>
   </div>
   <div class='ocr_carea' id='block_1_9' title="bbox 1836 3413 1962 3458">
    <p class='ocr_par' dir='ltr' id='par_1_11' title="bbox 1836 3413 1962 3458">
     <span class='ocr_line' id='line_1_138' title="bbox 1836 3413 1962 3458; baseline -0.008 -10"><span class='ocrx_word' id='word_1_993' title='bbox 1836 3413 1941 3458; x_wconf 80' lang='lat' dir='ltr'>sarum</span> <span class='ocrx_word' id='word_1_994' title='bbox 1949 3438 1962 3456; x_wconf 85' lang='lat'><em>,</em></span> 
     </span>
    </p>
   </div>
  </div>
 </body>
</html>
