2372 3756
88 537 147 569 Foi.
177 547 242 575 305.

86 1569 149 1600 Pol.
173 1577 232 1605 134·

83 1758 147 1789 1201.
167 1768 235 1796 33«,-

79 2672 139 2705 ¹³01·
166 2685 222 2712 454

623 127 1669 188 QU1NTUMROMANUMCONCILIUM.

1913 137 2006 188 1'17

265 219 409 255 barbarie
432 216 567 262 speravit
593 213 850 258 exstinguendos
873 237 879 245 .
907 211 1044 246 Artibus
1070 210 1141 244 istis
1201 220 1236 243 ne
1246 207 1301 252 ipfi
1307 210 1425 252 quidem
1443 211 1636 251 Imperatores
1658 212 1777 253 aliquid
1786 218 1831 247 iit
1855 225 1912 247 non
1933 211 2070 255 consultis

260 279 376 304 exutos
404 269 538 312 speravit
567 278 625 299 nec
653 265 693 298 ad
717 262 936 308 Evangelium
967 262 1059 295 suum
1087 262 1135 294 de-

1200 270 1319 304 agerent
1341 285 1348 292 .
1386 264 1464 292 Cum
1482 258 1529 292 his
1550 271 1618 304 ergo
1640 267 1692 293 vir
1709 265 1924 303 improbiffimus
1945 269 2070 304 impiam

259 321 462 354 senciendum
484 341 494 357 ,
520 328 580 351 nec
610 314 650 350 ad
674 314 905 358 Paganismum
927 310 1135 345 evertendum
1195 309 1282 354 suam
1299 308 1482 353 sententiam
1499 317 1709 342 communicat.
1741 316 1872 353 Cumque
1891 325 1937 346 eos
1958 322 2069 354 parum

259 371 413 413 deinceps
437 369 609 401 valituros.
639 366 681 399 Et
706 362 790 398 hanc
811 364 1014 396 incruentam
1038 362 1136 403 perse-

259 422 430 455 cutionem
449 417 559 452 Patres
582 416 680 450 nostri
695 414 889 450 censuerunt
900 410 994 444 omni
1005 421 1136 444 cruenta

259 470 492 505 crudeliorem.
521 469 564 501 Et
589 478 668 500 tunc
697 466 814 498 fastum
841 462 886 494 est
913 459 1002 502 quod
1029 459 1136 494 scribit

260 520 424 562 Georgius
452 519 619 552 Cedrenus
643 529 650 548 :
670 514 824 559 Julianus
845 511 908 555 lege
927 512 992 543 lata
1019 512 1140 551 edixit,

259 582 296 604 ne
317 569 481 610 Christiani
492 571 605 601 Graecis
616 563 782 606 disciplinis
796 561 1040 599 instituerentur.
1068 563 1138 604 ‚Quo

258 628 387 662 tempore
413 620 607 661 apollinarius
635 613 788 656 scribendi
812 617 972 644 materiam
995 608 1116 652 sumens
1127 635 1142 650 „

254 668 372 714 [acram
397 671 577 710 Scriptura-m
600 674 690 706 atque
715 674 813 695 omnes
841 664 1000 693 Poetarum
1014 659 1137 700 formas

259 726 385 753 imitans
406 742 417 759 ,
449 728 485 751 ea
511 712 666 756 composuit
694 725 764 756 quae
786 710 950 751 christiani
972 710 1115 743 dicerent
1130 734 1137 741 .

259 769 442 804 Universas
453 768 553 800 sacras
565 765 685 798 litteras
697 762 860 813 transtulit
872 761 907 794 in
920 761 1040 793 versus.
1069 759 1138 793 Hic

258 823 300 853 est
323 819 379 852 ille
400 815 647 860 Apollinarius,
675 811 883 847 Laodicenfis
909 810 943 843 in
969 808 1140 852 prima-Sy·

256 870 301 902 ria
327 868 505 911 Episcopus
529 890 542 906 ,
580 865 635 907 qui
661 862 768 906 postea
792 871 916 895 novam·
938 857 979 894 de
1003 861 1061 894 suo
1082 871 1140 895 no-

257 919 347 952 mine
370 911 517 951 condidit
544 914 702 948 haerelim.

307 966 452 1002 Eandem
464 965 559 1000 nobis
569 963 826 1008 persecutionem
838 960 941 994 movit
953 959 1138 1003 Leolmpe·

254 1029 341 1052 rator
353 1019 489 1051 isaurus.
501 1017 592 1049 Dum
605 1015 690 1047 suam
705 1012 954 1046 iconoclastiam
969 1011 1136 1043 crudelita-

253 1079 286 1103 te
306 1069 339 1101 δε
360 1067 535 1101 tormentis
559 1065 685 1108 explere
711 1073 779 1096 non
807 1061 929 1100 valuit,
957 1060 1033 1094 fecit
1046 1059 1133 1104 quod

254 1119 287 1151 in
312 1116 533 1151 Ecclefiastica
557 1112 706 1148 Historia
734 1111 841 1146 scribit
869 1109 1055 1143 Anastasius
1082 1110 1135 1142 Bt·

253 1166 484 1202 bliothecatius
497 1179 508 1200 .·
535 1165 623 1198 Multi
632 1174 685 1205 pro
696 1169 825 1196 veritate
832 1160 1036 1202 puniebantur
1047 1171 1134 1192 mem-

253 1219 369 1251 brorum
404 1215 678 1250 detruncationibus
706 1238 716 1253 ‚
749 1209 906 1255 flagrisque
942 1211 975 1242 Θ
1001 1211 1101 1242 exiliit
1124 1234 1132 1249 ‚

252 1270 386 1301 maxime
403 1267 448 1300 illi
467 1272 519 1309 qui
544 1265 697 1298 nobilitate
721 1273 757 1295 ac
773 1262 864 1295 verbo
883 1262 955 1292 clari
977 1260 1028 1301 esse
1053 1261 1122 1292 vide

252 1318 387 1356 bamur,
415 1323 461 1349 ita
482 1327 515 1349 ut
538 1318 571 1348 ζ’]
597 1316 793 1348 eruditionum
815 1309 932 1353 filiolas
957 1335 966 1348 ,
993 1312 1027 1342 (r
1047 1315 1132 1351 piam

253 1370 445 1400 eruditionem
470 1367 489 1396 ἃ
515 1364 629 1397 sancia
651 1368 798 1395 memoriae
826 1359 1016 1399 Constantino
1028 1362 1134 1402 Magno

253 1418 309 1449 huc
329 1414 420 1459 usque
439 1414 597 1459 servatam
624 1413 814 1455 exstitgueret
839 1435 845 1441 .
875 1411 970 1450 cujus
997 1410 1133 1442 videlicet

252 1478 317 1499 cum
327 1467 396 1498 aliis
409 1475 523 1507 quoque·
541 1465 642 1494 multis
666 1462 750 1493 bonit
774 1459 931 1497 destruchr
953 1462 1010 1490 Leo
1026 1458 1131 1499 fac‘lus

251 1514 289 1554 est
300 1539 310 1554 ,
336 1517 401 1552 eius
413 1538 424 1554 ,
450 1516 533 1553 cujus
547 1514 580 1545 Θ
590 1513 730 1544 Saraceni
744 1508 865 1552 ‚sensus
881 1508 1008 1548 existens
1022 1532 1030 1540 .
1057 1508 1131 1542 San-

250 1567 318 1598 etus
337 1564 467 1606 Martyr
493 1560 717 1604 Theophanes
734 1558 840 1593 scribit
854 1559 984 1601 ipsum&
1010 1559 1132 1599 Bezer,

249 1614 362 1648 nostro
383 1614 422 1647 ad
444 1613 619 1646 Saracenos
634 1611 813 1654 Apostata‚
839 1608 931 1642 fuine
944 1610 1058 1643 acriter
1080 1609 1130 1642 ad·

250 1664 355 1708 jutum
369 1688 379 1704 ,
390 1664 424 1698 &
435 1661 526 1697 addit
542 1674 551 1694 z
579 1661 668 1693 Ambo
677 1662 760 1702 pleni
771 1668 857 1692 erant
870 1663 1030 1700 imperitiae
1042 1668 1131 1700 atque

250 1721 344 1748 omnis
357 1712 505 1756 insaniae,
531 1713 611 1745 unde
623 1717 759 1743 maxima
771 1711 913 1742 malorum
933 1716 1007 1750 pars
1033 1714 1129 1741 exori-

250 1775 322 1798 tur.
350 1762 506 1797 Etinfra:
534 1766 569 1794 In
579 1762 683 1794 multos
698 1785 708 1799 ‚
729 1765 857 1802 pietatis
887 1769 975 1802 ergo,
1001 1759 1129 1792 verberi-

250 1814 306 1848 bus
320 1816 354 1848 &
365 1815 462 1847 exiliis
476 1808 788 1853 animadversumfuie
798 1833 808 1849 ‚
826 1814 976 1851 inprimit
987 1818 1086 1841 autem
1098 1815 1131 1841 in

249 1875 297 1898 eos
308 1889 318 1904 ,
344 1869 395 1906 qui
401 1870 514 1904 pietate
526 1863 560 1895 (θ’
570 1861 710 1894 ἄαέῖνίηιτ
718 1860 887 1894 clarebant.
919 1859 996 1891 Adeo
1008 1867 1041 1890 ut
1050 1856 1126 1901 scho-

250 1914 287 1947 iae
300 1915 362 1946 unc}
372 1924 436 1945 curn
444 1911 534 1955 sacra
543 1911 681 1944 domina
695 1912 861 1943 exciderint
873 1934 883 1949 ,
911 1920 980 1951 quae
993 1911 1012 1940 ᾶ
1020 1907 1128 1950 saeculo

249 1963 351 1997 sanat
364 1962 550 2003 Constantini
563 1964 667 2005 Magni
681 1958 820 2006 usquead
838 1971 873 1993 ea
883 1967 1014 2001 tempora
1032 1954 1125 2000 florue-

249 2024 339 2047 rant.
367 2015 462 2054 Cujus
481 2013 632 2052 videlicet,
660 2011 876 2052 multarumque
884 2009 1126 2051 praestantiffima-

249 2076 314 2098 rum
325 2073 421 2097 rerum
429 2086 440 2102 ‚
467 2066 525 2095 Leo
534 2060 582 2100 iste
593 2086 603 2100 ‚
623 2064 805 2093 Saracenicae
817 2058 982 2102 disciplinae
993 2056 1104 2101 confhrr
1117 2084 1126 2098 ‚

250 2122 432 2157 oppugnator
443 2113 476 2145 eb·
483 2111 627 2154 graffator
637 2111 749 2149 exstitit
759 2108 930 2150 manifestus
941 2133 948 2140 .
978 2108 1129 2142 Eandem.

250 2172 417 2197 cruentam
432 2160 554 2194 Leonis
576 2158 833 2202 persecutionem
854 2157 991 2200 exponit
1018 2158 1125 2192 lauda·

250 2222 303 2247 tus
313 2212 506 2249 cedrenus,
529 2210 794 2251 &prosequiturt
821 2210 910 2249 Apud
929 2211 1054 2250 Regiam
1077 2212 1124 2241 Ci-

243 2262 377 2302 sternam
389 2259 543 2292 Palatium
557 2264 620 2290 erat
634 2257 805 2290 venerabile
815 2281 825 2296 ‚
853 2263 885 2289 in
906 2268 960 2298 quo
965 2258 1061 2296 Juxta
1071 2270 1124 2290 an-

249 2318 362 2355 tiquam
366 2310 499 2352 firmam
508 2308 710 2343 OEcumentcus
724 2307 862 2350 Magister
880 2305 1004 2349 sedebat
1017 2331 1026 2346 ,
1052 2308 1123 2341 duo—

250 2363 343 2395 decim
352 2358 463 2393 babens
476 2356 647 2401 discipulos,
676 2359 837 2390 conditione
850 2359 884 2390 (δ’
905 2363 973 2390 vita
988 2369 1119 2400 graves.

251 2415 288 2444 Hi
301 2422 366 2445 cum
373 2419 485 2443 omnem
496 2409 611 2451 dicendi
625 2406 778 2450 ftientiam
800 2410 944 2440 celeritate
963 2409 998 2440 Θ
1019 2407 1123 2449 ampli-

251 2464 358 2495 tudine
374 2464 486 2504 ingenii
506 2458 717 2501 percepissent,
746 2457 971 2499 Ecclefiasticam
996 2459 1119 2491 Divina-

251 2523 318 2544 rum
328 2522 424 2544 rerum
431 2507 616 2552 fitpientiam
636 2502 697 2541 acri
712 2508 810 2549 studio
832 2507 1023 2540 tractabant.
1054 2506 1120 2550 Abs

251 2572 306 2604 que
316 2561 419 2593 horum
439 2557 549 2599 confilio
569 2560 739 2600 quidquam
757 2564 830 2601 agi,
862 2556 929 2599 ipfis
942 2569 1055 2599 quoque
1066 2561 1118 2591 Im.

245 2610 438 2653 peratoribus
450 2607 537 2650 nefhs
542 2607 710 2649 putabatur
722 2633 727 2637 .
758 2613 816 2640 Hos
829 2611 931 2639 Conon
940 2632 950 2647 ,
975 2607 1019 2640 fic
1033 2608 1120 2641 enim

252 2662 347 2695 antea
360 2658 533 2693 vocabatur
547 2658 671 2691 lsaurus
682 2657 751 2690 Leo
760 2682 771 2696 ,
798 2656 879 2699 adse
891 2668 1001 2689 vocans
1014 2659 1120 2691 identi-

250 2713 338 2749 dem,
365 2707 490 2751 insuam
502 2706 630 2748 haeresi‘m
635 2706 811 2749 pertrahere
829 2705 1004 2750 satagebat.
1031 2711 1122 2741 Recu-

245 2760 352 2803 sames
374 2768 492 2796 aurem,
515 2759 551 2791 (ν
567 2755 631 2800 ftfe
656 2766 833 2798 opponentes
846 2780 857 2797 ‚
881 2759 1069 2799 ignominiose
1089 2763 1122 2791 in

247 2811 303 2855 sua
312 2811 364 2843 illa
370 2807 471 2852 schola
482 2809 611 2841 concludi
614 2807 695 2848 juffir
706 2832 715 2846 ,
737 2806 876 2849 noiiuque
886 2813 952 2850 igne
962 2809 1119 2841 circumda-

250 2871 294 2895 tos
306 2883 316 2898 ,
335 2871 407 2892 cum
420 2858 503 2890 domo
514 2882 525 2898 ‚
550 2855 687 2900 librisque
699 2859 800 2889 multis
812 2857 846 2890 (⁰5
852 2855 979 2898 pretiosis
991 2881 1001 2896 ,
1028 2869 1064 2891 ac
1070 2857 1120 2901 sa-

250 2923 300 2944 cra
319 2907 516 2952 supelleHile‚
541 2907 682 2947 combuffit
697 2932 704 2937 .
734 2907 775 2940 Et
803 2905 949 2939 Michael
976 2907 1119 2950 Glycas:

252 2961 355 3003 ,Quam
369 2955 537 3000 nequiterse
550 2961 607 2990 Leo
612 2956 726 3001 gesserit
736 2981 747 2996 ‚
773 2963 852 2990 inter
867 2958 928 2988 alia
943 2956 995 2989 vel
1003 2964 1121 2991 unicum

250 3007 417 3048 exemplum
427 3006 624 3046 demonstrare
630 3006 720 3049 potest
733 3029 741 3037 .
770 3007 864 3042 Haud
872 3006 972 3048 procui
983 3008 1003 3038 ἃ
1014 3011 1121 3051 templo

250 3058 368 3093 Sanc‘lae
377 3054 494 3098 sophia
499 3055 658 3099 splendida
668 3058 768 3098 domus
778 3063 844 3089 erat
855 3056 1013 3095 conllrut‘la
1023 3081 1034 3096 ,
1060 3069 1120 3101 qua

249 3110 392 3145 librorum
407 3103 561 3148 tbefiturus
574 3107 780 3151 continebatur
786 3103 844 3149 J'ex
855 3107 981 3139 millium
993 3108 1028 3141 &¹
1036 3114 1118 3149 quin.

246 3167 421 3206 geniorum.
442 3157 512 3189 Haec
520 3156 621 3189 domus
634 3154 818 3195 Praefecium
834 3157 992 3198 quemdam
1013 3158 1048 3189 Θ
1073 3170 1118 3191 cu-

244 3209 354 3252 stodem
366 3203 491 3239 hahebat
501 3210 598 3238 virum
607 3209 723 3238 omnim)
734 3206 928 3239 venerabilem
940 3217 974 3239 ac
985 3207 1098 3241 domm
1108 3234 1119 3250 ,

245 3261 304 3305 sub
324 3269 379 3300 quo
399 3256 455 3288 alii
479 3255 630 3288 duodecim
652 3263 737 3288 erant
760 3257 936 3288 admirabili
953 3262 1064 3290 virtute
1085 3260 1119 3292 (⁰5

247 3320 349 3345 rerum
371 3310 531 3350 cognitione
549 3303 726 3346 praestantes
744 3329 756 3345 ,
800 3312 851 3348 qui
871 3304 987 3348 quosvis
1010 3305 1118 3350 absque

249 3361 380 3393 mercede
398 3368 433 3390 ac
448 3360 573 3397 proemio
600 3352 765 3397 disciplinir
787 3361 904 3397 optimis
926 3355 1115 3390 erudiebant.

251 3414 342 3452 Atque
354 3406 456 3441 horum
468 3405 502 3438 ob
512 3410 660 3439 virtutem
682 3413 772 3437 tanta
796 3406 948 3440 celebritas
971 3416 1056 3448 erat,
1083 3419 1116 3442 ut

1193 358 1259 403 fitis
1269 361 1433 393 rationibus
1447 361 1579 394 tribuere
1595 360 1826 401 deprehenderet
1839 384 1849 399 ‚
1874 365 2006 405 undique
2016 365 2070 394 Di-

1199 416 1304 444 vinam
1314 407 1393 444 banc
1413 412 1510 444 aedem
1530 420 1705 444 coacervata
1719 416 1846 443 materia
1863 416 1976 455 cingit,
2001 423 2070 454 quae

1199 467 1295 503 ignem
1298 459 1394 501 facile
1403 467 1564 502 conciperet
1573 486 1580 493 .
1594 462 1666 494 Inde
1673 467 1798 503 pingues
1810 459 1929 500 eifhces
1936 459 2070 503 subjicit,

1199 516 1354 553 omniaque
1356 510 1445 552 simul
1453 518 1551 544 exurit
1563 536 1573 551 ,
1600 521 1663 544 tam
1675 514 1803 544 Divinos
1826 510 1893 550 istos
1915 510 2046 543 homines
2058 536 2069 551 ,

1199 572 1289 603 quam
1302 561 1389 593 rebros
1403 586 1410 593 .
1439 561 1481 593 Et
1494 563 1527 594 in
1542 562 1627 594 libro
1639 562 1680 594 de
1703 560 1890 605 originibus
1908 560 2072 594 Constan-

1198 611 1431 654 tinopolitanis-
1454 611 1617 655 Georgius
1655 612 1807 645 Codinus
1827 623 1841 644 :·
1875 607 2072 650 Tetradist‘um

1199 660 1649 704 anangulumpropechaicen,
1672 661 1731 693 oc‘lo
1753 670 1840 694 erant
1856 666 1987 702 perticus
2006 656 2069 700 five

1197 711 1258 743 ioca
1268 722 1490 751 concamerata,
1518 716 1550 743 in
1559 711 1667 754 quibus
1688 711 1944 744 commorabantur
1968 707 2071 742 Dolio-

1198 772 1246 793 res
1263 767 1395 794 omnium
1405 759 1599 804 scientiarum
1610 785 1621 802 ,
1647 771 1717 803 quoe
1736 759 1856 802 semper
1875 765 2070 802 Imperatores

1199 816 1232 842 in
1243 808 1388 851 consilium
1396 811 1583 845 adhibebant
1595 836 1605 852 ,
1626 821 1716 854 neque
1720 809 1815 853 fiebat
1824 812 1989 853 quidquam
2006 808 2071 853 abs-

1200 871 1254 902 que
1266 872 1362 893 eorum
1372 858 1507 904 conftnsu
1518 886 1525 894 .
1551 862 1643 895 Multi
1651 866 1742 895 etiam
1752 872 1790 895 ex
1814 861 1873 893 illis
1895 860 2072 894 creabantur

1202 910 1389 944 Patriarcbae
1399 913 1432 945 (9‘
1442 911 1652 955 Arcbiepiscopi
1664 937 1670 944 .
1692 913 1829 945 Duravit
1839 918 1935 945 autem
1948 910 2001 946 illa
2013 915 2073 946 Do·

1199 959 1436 1003 c‘JorumJiicc-effio
1447 972 1562 995 centum
1587 964 1621 996 (ς
1643 964 1864 1004 quatuordecim
1884 973 1998 1002 annos,
2023 961 2072 1006 us-

1199 1020 1254 1051 que
1268 1012 1313 1042 ad
1320 1011 1462 1045 decimscm
1472 1023 1585 1044 annum
1595 1015 1714 1053 Imperii
1728 1015 1834 1045 Leonis
1855 1013 1915 1050 sm
1925 1037 1936 1053 ‚
1963 1014 2069 1046 Patris

1196 1059 1387 1100 Constantini
1407 1064 1577 1103 Copronymi
1598 1085 1606 1093 .
1645 1063 1697 1094 Hic
1722 1068 1801 1094 enim
1828 1063 1947 1095 Divina
1963 1068 2070 1105 gratia

1195 1117 1339 1150 privatus
1365 1110 1501 1144 Doeores
1525 1113 1590 1144 iiior
1612 1134 1622 1151 ,
1650 1112 1832 1153 improbitati
1853 1114 1918 1152 ejus
1940 1112 2070 1156 affentiri

1198 1161 1327 1193 nolentes
1341 1185 1351 1200 ‚
1374 1169 1444 1202 prae
1458 1167 1504 1194 ira
1522 1171 1620 1194 omnes
1641 1172 1707 1194 cum
1727 1169 1786 1194 toto
1805 1161 1929 1204 aedificio
1947 1161 2071 1206 combus-

1193 1209 1248 1250 fit.
1275 1212 1404 1243 sedecim
1416 1213 1518 1254 nempe*
1540 1221 1683 1251 numero,
1706 1222 1800 1245 omnes
1819 1211 1986 1254 prqfeffione
2008 1217 2071 1246 Mo-

1197 1258 1318 1293 nachot.

2089 633 2145 665 1201.
2174 626 2221 670 μ’..

1248 1309 1347 1344 Reste
1384 1309 1572 1345 Anastasius
1589 1322 1626 1346 ac
1649 1308 1879 1356 Theophanes
1898 1311 2074 1348 adfirmant

1198 1359 1342 1394 Leonem
1371 1360 1462 1396 fuifl'e
1487 1363 1669 1396 Saracenici
1692 1364 1807 1397 erroris
1828 1364 2015 1397 consortem
2039 1364 2076 1397 ὃς.

1195 1421 1402 1444 executorem
1416 1436 1422 1443 .
1449 1411 1551 1459 Qod
1564 1415 1652 1446 enirn
1667 1413 1755 1446 suam
1769 1413 2019 1447 iconoclastiam
2031 1413 2072 1447 ab

1197 1458 1397 1494 hostiiiffime
1423 1462 1455 1494 in
1478 1460 1697 1497 Christianam
1720 1461 1933 1507 Religionem
1956 1463 2072 1507 conju·

1196 1508 1340 1544 rantibus
1361 1510 1476 1553 Judaeis
1496 1522 1534 1545 ac
1557 1512 1725 1546 Saracenis
1751 1514 1931 1557 acceperit,
1961 1513 2001 1548 ad
2029 1515 2073 1547 se-

1196 1560 1332 1601 primam
1353 1560 1526 1603 Synodum
1548 1562 1593 1595 est
1617 1561 1784 1597 ostensum
1800 1588 1808 1595 .
1834 1562 1936 1597 Rene
1947 1564 2074 1598 addunt

1195 1610 1286 1643 fuisse
1301 1610 1470 1645 hominem
1481 1611 1774 1655 imperitissimum:
1802 1613 1912 1647 Fuisse
1921 1614 2011 1648 enim
2027 1615 2072 1647 vi·

1195 1660 1311 1693 liffimo
1322 1660 1407 1703 apud
1422 1662 1547 1695 isauros
1557 1662 1632 1696 loco
1646 1670 1758 1696 natum
1772 1686 1782 1701 ,
1807 1673 1845 1696 ac
1861 1660 2075 1697 ibrdidiffime

1193 1710 1390 1750 educatum,
1415 1708 1968 1746 testanturauthenticiGraecorum
1993 1713 2075 1747 Scri-

1193 1770 1316 1802 ptores.
1345 1760 1445 1795 Reste
1461 1762 1540 1795 item
1551 1760 1864 1806 ajuntsplendidum
1885 1762 1971 1796 istud
1997 1773 2076 1797 cum

1196 1808 1397 1844 Bibliotheca
1411 1811 1571 1854 palatium
1582 1812 1674 1846 suiffe
1688 1823 1771 1856 opus
1781 1813 1900 1857 Magni
1912 1813 2076 1847 Constan-

1192 1860 1270 1893 tini.
1300 1860 1402 1907 Qod
1414 1862 1504 1896 enim
1517 1861 1758 1897 Constantinus
1776 1863 1891 1898 omnia
1914 1863 2076 1897 Romanae

1193 1909 1281 1944 urbis
1292 1910 1508 1954 splendidiora
1519 1912 1656 1948 :edificia
1676 1914 1709 1947 in
1722 1911 1837 1948 eodem
1849 1914 1909 1947 situ
1921 1915 1954 1948 δε
1966 1914 2074 1949 forma.

1190 1960 1325 1994 erexerit
1336 1962 1420 2005 apud
1434 1962 1658 2005 Byzantium,
1685 1963 1837 2007 atqueita
1859 1974 1898 1998 ex
1919 1964 1991 2009 ipso
2013 1976 2073 1998 no-

1192 2020 1263 2043 vam
1288 2010 1431 2046 Romam
1452 2013 1563 2047 fecerit
1586 2036 1597 2053 ‚
1633 2012 1678 2048 est
1702 2013 1824 2048 cunetis
1845 2016 2068 2058 exploratum.

1193 2060 1432 2095 Admirandam
1454 2062 1631 2097 duodecim
1654 2063 1884 2106 palatiorum,
1909 2077 1981 2107 quae
1994 2077 2072 2109 qua-

1189 2119 1264 2142 tuor
1277 2110 1399 2143 militiae
1412 2111 1578 2156 Magistris
1590 2114 1751 2147 Romanis
1771 2115 1803 2148 ἀ
1824 2116 1900 2149 osto
1923 2116 2072 2150 Patritiis

1189 2159 1346 2193 exstruxit
1366 2185 1375 2200 ‚
1402 2172 1477 2195 cum
1491 2161 1633 2206 ipsorum
1658 2163 1821 2198 Romanis
1835 2164 1971 2199 Palatiis
1990 2167 2075 2209 pari-

1188 2218 1288 2243 tatem
1303 2211 1397 2243 refert
1419 2211 1456 2245 in
1479 2213 1665 2257 originibus
1688 2212 2070 2258 Constantinopolitanis

1189 2259 1339 2293 laudatus
1364 2261 1531 2306 Georgius
1552 2263 1722 2296 Codinus.
1748 2264 1859 2298 Etiam
1883 2264 2071 2299 OEcumeni·

1187 2309 1217 2342 ci
1231 2334 1241 2348 ,
1269 2310 1326 2353 qui
1341 2309 1468 2346 Palatio
1480 2323 1520 2347 ac
1533 2311 1744 2346 Bibliothecae
1765 2314 1927 2357 praesedit,
1956 2314 2069 2361 Magi-

1187 2358 1242 2392 stri
1256 2360 1401 2405 dignitas
1413 2361 1540 2396 videtur
1550 2363 1768 2406 antiquiffima
1780 2389 1789 2396 .
1816 2364 1951 2400 Etenim
1965 2366 2069 2402 Geor·

1184 2409 1277 2454 gium
1305 2409 1562 2446 Chaeroboscum
1583 2414 1646 2447 effe
1669 2412 1828 2448 Anassaffi
1853 2415 1997 2461 Imperio
2022 2420 2067 2454 se·

1185 2459 1311 2493 niorem
1333 2461 1534 2497 demonstrat
1551 2463 1585 2497 in
1610 2462 1759 2498 Diatriba
1782 2464 1825 2500 de
1843 2466 1938 2503 claris
1961 2468 2066 2504 Geor·

1183 2509 1249 2553 giis
1263 2510 1334 2545 Leo
1345 2511 1509 2553 Albitius,
1535 2513 1569 2547 ὅ(
1581 2512 1730 2559 adjungit
1752 2514 1842 2559 plura
1861 2518 1931 2561 ejus
1949 2530 2065 2554 manu-

1187 2561 1303 2602 scripta
1329 2572 1427 2604 opera
1455 2563 1581 2597 Parisiis
1604 2564 1719 2598 servari
1742 2565 1775 2599 in
1797 2565 2060 2605 Christianissimi

1186 2609 1288 2654 Regis
1311 2610 1519 2647 Bibliotheca
1540 2624 1615 2647 cum
1626 2612 1820 2650 hoctitulo:
1847 2622 1963 2663 Georgii
1973 2620 2062 2654 Cbae-

1185 2658 1291 2702 robosci
1325 2661 1460 2694 Dolioris
1502 2662 1680 2697 OEcumenici
1706 2690 1713 2696 .
1753 2664 1913 2702 Adfirmat
1951 2670 2060 2715 ipsum

1183 2710 1283 2743 etiarn
1305 2709 1347 2743 ab
1357 2710 1428 2744 aliis
1438 2711 1560 2746 titulari
1574 2714 1725 2748 Donarem
1737 2716 1955 2760 universalem.
1982 2720 2061 2766 Ego

1183 2770 1291 2793 tamen
1317 2759 1406 2794 hunc
1416 2761 1547 2796 titulum
1560 2764 1713 2798 existimo
1724 2766 1908 2811 Universaln
1920 2767 2061 2813 Epiftopi

1183 2810 1282 2843 titulo
1304 2835 1315 2851 ,
1351 2811 1493 2856 ideoque
1521 2813 1671 2848 Maur-itii
1698 2815 1842 2860 Imperio
1861 2830 1900 2854 ac
1920 2819 2059 2863 Ioannis

1183 2860 1289 2902 quarti
1326 2861 1704 2906 Constantinopolitano
1730 2865 1927 2912 Episcopatu
1954 2871 2057 2914 poste-

1180 2910 1298 2943 riorem
1310 2935 1317 2941 .
1339 2910 1454 2947 Ambo
1464 2913 1570 2947 eidem
1583 2913 1700 2950 haerent
1713 2912 1943 2954 fundamento.
1969 2921 2058 2966 Qua·

1182 2971 1213 2992 te
1234 2959 1292 2992 isse
1312 2961 1428 2995 titulus
1449 2961 1498 2996 illi
1522 2963 1670 3009 Georgio
1690 2965 1813 3002 dudum
1832 2969 1901 3012 post
1914 2979 2056 3005 mortem

1180 3010 1242 3043 fuit
1264 3010 1306 3044 ab
1327 3010 1545 3048 Encomiassis
1564 3015 1691 3049 delatus
1708 3039 1720 3055 ,
1742 3029 1781 3051 ac
1803 3019 1847 3051 ita
1869 3019 1938 3061 ejus
1963 3018 2058 3054 libris

1180 3060 1357 3103 adscriptus
1374 3086 1381 3093 .
1406 3061 1450 3096 Et
1473 3061 1648 3098 duodecim
1662 3090 1673 3105 ‚
1700 3076 1783 3109 quos
1802 3066 1955 3101 Codinus
1972 3069 2058 3102 affit-

1181 3119 1247 3143 mat
1269 3110 1426 3151 sedecim,
1453 3114 1513 3146 sub
1532 3114 1591 3148 illo
1613 3115 1796 3149 Doctorum
1822 3116 1985 3152 institutio
2005 3120 2053 3153 est

1179 3158 1283 3193 adhuc
1297 3162 1476 3195 recentior.
1506 3162 1670 3198 Exstinssa
1683 3167 1771 3198 enim
1784 3167 1848 3200 fuit
1859 3178 1948 3202 anno
1970 3167 2055 3202 deci-

1180 3221 1235 3244 mo
1249 3211 1370 3244 Leonis
1383 3211 1480 3246 Isauri
1494 3237 1504 3252 ,
1522 3214 1553 3246 ὅ(
1566 3213 1703 3247 habebat
1718 3225 1796 3248 tunc
1806 3224 1910 3250 annos
1921 3229 2054 3253 centum

1177 3259 1210 3292 δε
1224 3261 1471 3303 quatuordecim
1489 3286 1496 3293 .
1522 3264 1625 3306 ipsam
1638 3275 1717 3308 ergo
1731 3266 1875 3300 secundo
1887 3269 1932 3300 sui
1950 3266 2053 3312 Impe-

1178 3311 1214 3342 rii
1226 3322 1316 3344 anno
1327 3311 1403 3344 fecit
1417 3309 1593 3355 Imperator
1604 3312 1775 3348 Heraclius
1785 3340 1792 3346 .
1818 3316 1894 3351 Erat
1905 3319 2053 3362 quaedam

1178 3361 1518 3395 summaeausiotitaris
1540 3361 1752 3406 Theologica
1775 3365 1933 3407 facultas,
1962 3369 2052 3403 ideo·

1179 3411 1286 3453 que&
1306 3409 1375 3452 ejus
1395 3411 1565 3447 Praefectus
1590 3414 1652 3447 fuit
1670 3412 1872 3452 OEcumeuici
1896 3418 2051 3455 Dossoris

1929 3476 2005 3500 titu-
