2372 3756
664 119 751 162 DE
787 129 1133 175 qussusnntr
1169 113 1421 157 PATRUM
1458 114 1674 162 Locls.

1929 128 2016 165 161

261 205 476 250 ficconfitemur
485 207 580 246 juxta
591 203 702 236 dilium
714 202 879 242 cbristiaed
903 199 1089 244 Discipulos,
1113 204 1147 232 in
1207 207 1304 240 quem
1316 196 1422 231 cordis
1433 196 1508 230 loco
1520 195 1634 231 habuit
1654 199 1803 243 stupidus
1822 201 1998 242 Marcion,
2025 200 2077 235 de-

268 269 350 294 ατη
360 255 472 295 mystica
483 256 586 288 dantis
597 256 658 287 illis
679 253 836 295 vivificum
852 261 987 295 panem,
1014 250 1146 293 Accipi-

266 318 301 341 te
312 332 322 347 ‚
350 305 517 340 comedite
529 330 540 346 ‚
566 305 646 338 Hoc
658 303 703 338 est
716 314 833 347 corpus
845 312 956 336 meum
965 326 976 342 ‚
1003 301 1145 334 simliter

263 352 303 395 f&
322 357 442 390 calicem
466 357 552 389 dedit
573 355 634 387 illis
656 379 667 394 ,
690 355 791 388 dicens
816 365 824 385 :
851 351 922 386 Hic
942 351 988 386 est
1010 351 1146 395 sanguis

265 417 375 441 meus.
404 411 477 440 Non
498 406 578 438 dixit
602 418 609 437 ε
636 405 717 438 Hoc
736 403 782 437 est
802 403 927 448 figura,
955 400 1009 435 stu
1031 412 1146 445 gerens

267 458 353 491 vices
363 455 551 499 corporis&
564 455 731 498 sanguinis
743 452 808 487 mei
821 477 828 484 .
855 455 901 484 Et
918 449 1055 493 pluribus
1076 452 1145 483 aliis

265 508 332 540 locis
344 514 390 539 ait
403 505 559 545 Christus:
587 505 657 552 Q
673 503 850 537 manducat
861 512 966 535 meam
987 511 1119 534 carnem
1135 526 1145 541 ‚

264 558 300 590 ὃς
324 555 407 590 bibit
430 566 540 590 meum
567 554 779 597 sanguinem,
805 550 905 585 habet
930 553 1031 584 vitam
1058 562 1145 585 aeter-

265 618 361 639 nam.
390 607 467 638 Cum
495 611 587 649 igitur
609 601 675 645 ipse-
691 601 825 642 Glm'stus
843 600 981 642 fateatur
1001 601 1052 643 esse
1073 602 1145 634 vere

261 653 350 699 fuum
361 664 463 697 corpus
474 657 507 689 (τ
524 653 702 696 sanguinem
714 676 724 691 ‚
751 663 838 694 quem
861 663 913 686 nos
931 650 1038 692 fideles.
1054 650 1146 692 sicmi-

264 717 334 739 mus
344 732 354 747 ‚
381 707 507 750 agedum
519 702 609 743 adfer
620 703 703 735 nobis
714 702 832 743 aliquid
839 712 876 734 ex
887 705 1084 734 communione
1094 711 1146 733 ve-

256 755 333 795 strae
343 755 476 797 Ecclefiae
487 778 498 793 ,
524 761 681 794 tamquam
689 751 782 795 suprci
794 762 893 785 omne:
904 752 982 784 alias
1005 749 1144 790 Ecclefias

262 804 433 838 orthodoxae
444 828 454 844 ‚
479 804 514 836 6·
523 807 555 834 in
567 800 639 843 vase
652 812 716 837 cum
728 806 805 833 omm‘
818 800 924 833 bonore
935 801 968 832 (Β
976 804 1144 833 reverentia

261 862 437 897 reponemus
460 852 513 887 boc
532 850 656 895 sacrum!
673 859 775 893 corpus
791 852 825 884 <n
841 848 1036 894 sanguinem.
1065 849 1145 884 Cor-

260 915 346 947 pus,
369 902 458 948 quod
471 904 505 936 in
521 912 666 937 extrema
691 911 786 935 coena
808 901 978 934 Dominus
993 910 1035 933 ex
1060 911 1143 942 pane

260 954 487 992 consecravit,
511 951 660 987 adfirmat
681 951 776 985 fuiffe
794 948 969 994 postmodo
992 949 1143 985 immola,-

260 1013 358 1044 tum,
384 1003 542 1037 traditum
564 1000 663 1035 morti
685 1025 696 1042 ‚
722 1000 952 1043 vulneratum,
975 998 1143 1040 divisum,

262 1054 410 1097 adeoque
419 1052 558 1090 mortale
570 1053 604 1086 δε
615 1050 824 1094 corruptibile
836 1075 844 1082 .
870 1050 963 1084 Hinc
974 1049 1143 1085 concludit

260 1104 363 1137 etiam
375 1113 455 1141 tunc
466 1102 558 1138 fuiffe
571 1102 633 1136 tale
645 1101 678 1135 in
701 1102 828 1144 propria
853 1101 987 1144 persona
1002 1124 1010 1130 .
1038 1098 1141 1144 Qod

261 1151 321 1187 hic
343 1153 434 1189 idem
453 1152 661 1191 Anastasius,
690 1162 752 1185 nec.
769 1162 837 1183 non
861 1150 895 1184 &
917 1150 1050 1185 Sanctus*
1068 1149 1144 1182 Ale-

261 1203 409 1238 xandriae
420 1200 605 1238 Patriarcha
627 1200 773 1242 Cyrillus
794 1209 908 1234 contra
929 1198 1142 1239 Nestorium,

260 1263 378 1288 contra.
388 1254 528 1288 Paulum
549 1252 806 1286 samosatensem
827 1250 924 1284 istius.
949 1250 1142 1282 Anteceffor

259 1304 447 1347 Dionysius
459 1329 470 1344 ,
495 1304 528 1337 &
540 1312 653 1337 contra
666 1300 844 1334 Gnosticos
859 1300 987 1341 Martyr
997 1299 1147 1343 ignatius.

261 1354 325 1386 {int
338 1355 382 1389 usi
393 1354 509 1387 eodem
524 1361 720 1396 argumento
735 1373 746 1389 ,
770 1350 814 1382 est
830 1351 888 1383 suo
904 1349 980 1382 loco
1005 1349 1140 1382 demon-

261 1404 419 1437 uratum.
447 1402 700 1436 Eodemcontra
724 1399 936 1433 Marcionem
957 1397 1013 1432 hio
1037 1398 1140 1431 utitur

260 1452 513 1490 Tertullianus,
538 1461 636 1493 atque
646 1451 691 1483 ita
717 1458 842 1483 certum
861 1448 907 1481 est
934 1446 1141 1481 Eucharistiae

261 1501 433 1535 veritatem*
441 1500 526 1544 apud
539 1498 636 1533 hosce
649 1508 768 1533 ornnes
778 1498 871 1532 fuisse
882 1496 1088 1534 manifestum
1100 1509 1142 1531 ac>

259 1549 432 1585 immobile
445 1549 525 1584 fidei
532 1549 790 1583 fundamentum
801 1572 808 1579 .
836 1546 1025 1590 Namquod
1037 1547 1138 1582 etiam

259 1599 497 1634 Gnosticorum
515 1598 679 1634 fizdiffimi
694 1599 921 1641 profiterentur
942 1596 1037 1630 istam
1057 1598 1142 1632 veri-

257 1658 386 1690 tatem,
412 1650 499 1684 lucet
521 1660 561 1684 ex
582 1649 667 1687 illis,
692 1658 762 1690 quae
779 1648 819 1681 de
846 1647 955 1682 Marci
975 1646 1135 1693 AEgyptii

258 1699 464 1735 Eucharistia
476 1698 571 1734 tradit
585 1700 717 1734 Sanetus
730 1697 866 1732 irenaeus
880 1722 888 1730 .

313 1750 460 1797 Qaestio
486 1748 532 1784 est
553 1773 564 1788 ‚

258 1801 355 1835 ssiam
376 1799 516 1844 adpellet
528 1798 705 1834 Dominici
716 1798 862 1845 corporis
873 1799 1033 1846 figuram?
1061 1805 1139 1841 Ref-

258 1851 442 1895 pondeode
467 1849 688 1892 Tertulliani,
704 1862 811 1894 *quem
831 1852 983 1889 omniurn
1004 1855 1139 1891 Latino·

259 1912 331 1935 rum
343 1902 542 1947 Scriptorum
559 1902 678 1938 adserit
690 1903 878 1950 Principem
899 1930 909 1946 ,
933 1907 1084 1941 oratione
1103 1908 1136 1942 &

256 1952 282 1984 ss
287 1951 345 1994 ylo
369 1952 451 1987 recte
486 1953 622 1989 scribere
656 1954 873 1990 Vincentium
903 1956 1136 1991 Lerinensem:

255 2005 341 2046 ,Quot
355 2004 435 2045 pene
454 2003 547 2038 verba
572 2028 583 2045 ,
610 2013 651 2037 tot
667 2004 826 2048 sententia
846 2005 945 2050 funt3
985 2017 1054 2049 quot
1072 2006 1135 2050 sen»

253 2053 306 2097 sus
319 2078 330 2093 ‚
357 2063 398 2087 tot
412 2053 544 2088 villaria
556 2078 563 2085 .
589 2055 682 2088 Hinc
695 2056 763 2096 eius
775 2055 869 2089 verba
891 2058 965 2090 sunt
988 2057 1136 2091 accurate

252 2102 484 2146 ponderanda.
512 2103 681 2137 Dominus
690 2104 804 2138 Petrus
817 2105 856 2138 de
868 2106 980 2139 Marca
999 2108 1034 2139 in
1057 2119 1134 2150 opu·

251 2153 346 2188 sculo
356 2153 397 2187 de
409 2151 619 2187 Eucharistiae
629 2155 837 2188 Sacramento
850 2165 890 2188 ex
911 2155 1018 2189 Sansti
1042 2155 1134 2191 Pros-

251 2204 322 2246 peri
333 2202 498 2237 sententiis
508 2202 680 2247 distinguit
692 2202 814 2246 duplex
828 2204 972 2239 Domini
993 2215 1108 2250 corpus
1123 2221 1133 2241 .-

252 2252 718 2287 Naturale&sacramentale.
746 2255 809 2288 Seu
832 2254 942 2296 potius
965 2255 1129 2298 duplicem

250 2301 394 2345 ejusdem
406 2301 550 2345 corporis
560 2301 764 2336 existentiam
777 2327 788 2343 ‚
814 2313 868 2337 aut
881 2303 1040 2338 existendi
1064 2316 1131 2341 mo-

250 2352 352 2386 dum:
378 2351 576 2386 invisibilem
589 2352 642 2386 seu
660 2351 861 2386 definitivam
876 2377 886 2392 ‚
914 2366 952 2388 ac
965 2354 1124 2390 vifibilem

249 2404 306 2435 seu
329 2400 638 2444 circumscriptivam
660 2427 666 2435 .
705 2402 810 2436 Addit
834 2403 923 2437 illam
943 2406 1006 2438 este
1032 2404 1126 2448 hujus

249 2452 379 2496 signum
393 2475 404 2491 ‚
429 2449 609 2485 hancillius
620 2452 682 2486 esse
693 2453 933 2497 fignificatum.
962 2452 1125 2490 Adfirmat

249 2500 337 2535 hanc
351 2501 592 2535 distinctionem
604 2501 716 2544 respici
732 2504 750 2535 a
773 2503 951 2545 Septimio:
979 2504 1095 2539 Adseri
1114 2531 1126 2548 ,

248 2550 339 2594 quod
362 2550 601 2586 Sacramentale
611 2550 752 2584 Domini
766 2563 882 2596 corpus
902 2554 939 2587 sit
963 2554 1064 2598 figura
1086 2568 1123 2590 ac

247 2601 377 2646 lignum
399 2599 554 2634 naturalis
576 2624 583 2631 .
620 2599 713 2634 Hine
733 2610 826 2634 notat
848 2602 1017 2636 verborum
1040 2603 1123 2639 ordi·

246 2662 327 2685 nem
351 2663 359 2683 ε
399 2654 554 2691 Acceptum
569 2657 682 2691 panem
701 2658 800 2691 corpus
816 2649 900 2692 fuum
913 2651 988 2693 ficit
1005 2677 1016 2694 ,
1043 2653 1122 2691 Hoc

247 2702 295 2735 est
317 2711 436 2743 corpus
456 2710 568 2733 meum
579 2700 702 2733 dicendo
715 2723 725 2739 ,
752 2701 787 2731 td
797 2699 833 2739 est
845 2724 856 2741 ‚
872 2700 972 2744 figura
982 2708 1039 2736 mei
1058 2715 1117 2737 cor-

242 2756 350 2792 poris.
377 2750 497 2784 Censet
521 2748 583 2783 effe
606 2747 695 2782 hunc
721 2750 866 2782 sensum:
893 2755 1043 2793 Acceptum
1058 2762 1119 2796 pa·

248 2813 316 2834 nem
337 2798 553 2843 transmutavit
572 2804 604 2831 in
614 2797 700 2841 suum
722 2798 865 2841 invisibile
886 2810 990 2843 corpus
1003 2827 1013 2843 ,
1039 2806 1116 2846 quod

242 2850 282 2890 est
290 2849 388 2894 figura
397 2854 524 2891 corporis
537 2848 658 2890 vifibilis
673 2872 678 2879 .
705 2847 765 2881 Ast
778 2860 842 2892 ego
859 2850 1012 2885 existimo
1023 2851 1112 2889 hunc

243 2910 314 2934 non
326 2900 418 2933 fuisse
430 2897 578 2943 Septimii
600 2899 727 2932 sensum
745 2923 751 2930 .
779 2899 1018 2936 Confideranda
1040 2905 1114 2939 sunt

244 2947 312 2982 haec
322 2949 389 2992 ejus
399 2947 513 2983 verba:
540 2952 598 2982 Aut
604 2947 635 2990 fi
637 2956 795 2990 propterea
816 2957 926 2991 panem
935 2949 990 2991 fibi
1011 2961 1112 2996 corpus

241 2999 354 3042 finxit,
378 3002 450 3040 quia
459 3003 584 3039 corporis
596 2999 716 3031 carebat
739 3002 890 3039 veritate,
917 3003 985 3043 erg&
999 3009 1111 3043 panem

240 3047 346 3082 debuit
365 3048 482 3080 tradere
503 3054 558 3090 pro
583 3048 667 3081 nobis
679 3073 686 3080 .
715 3048 858 3082 Faciebat
878 3050 922 3082 ad
941 3057 1110 3087 vanitatem

243 3101 407 3131 Marcionis
420 3121 430 3137 ‚
455 3102 587 3138 utpanis
598 3097 806 3142 crucifigeretur
819 3124 826 3131 .
855 3102 918 3132 Cur
939 3110 1038 3134 autem
1054 3111 1110 3145 pa-

241 3160 311 3183 mm
324 3154 426 3188 corpus
433 3144 522 3188 suum
532 3148 682 3189 appellat,
711 3150 746 3181 Ca·
759 3158 817 3182 non
828 3154 924 3193 magis
945 3157 1087 3192 peponem
1096 3177 1107 3194 ,

238 3208 326 3242 quem
350 3199 482 3229 Marcion
500 3197 591 3227 cordis
611 3198 667 3230 loco
686 3196 790 3230 babuit
810 3200 822 3232 ‚2
849 3203 921 3231 Non
942 3201 1105 3245 intelligens

238 3257 370 3282 veterem
373 3245 460 3288 fuisse
471 3244 554 3284 istam
559 3244 688 3288 figuram
709 3252 833 3288 carpam
858 3247 985 3289 Christi,
1010 3253 1108 3286 dicen-

237 3303 301 3338 tis,
327 3297 502 3330 Mittamus
522 3294 650 3339 lignum
670 3295 704 3329 in
731 3307 847 3340 panem
875 3298 942 3340 ejus
964 3323 974 3339 ,
998 3296 1106 3342 scilia-n

237 3358 349 3381 crucem
372 3350 407 3379 §n
423 3353 525 3387 corpus
548 3346 634 3386 ejus.
663 3344 829 3380 Adfirmat
848 3346 933 3382 duo.
970 3350 1103 3392 Primo,

236 3395 326 3443 quod
350 3396 516 3429 Dominus
535 3405 652 3437 panem
676 3395 783 3437 potius
803 3397 900 3441 quam
925 3410 1081 3444 peponem
1095 3392 1125 3446 ,i

332 3445 524 3488 Christ-Lupi
534 3449 632 3489 Opera
647 3447 732 3478 T.V1.
1117 3444 1121 3466 '

589 1749 701 1796 Qre
725 1747 954 1784 Tertullianus
983 1748 1139 1790 Euchari-
1161 1770 1163 1774 ’
1190 1770 1193 1779 ·

1203 245 1308 281 buerit
1321 246 1376 280 fibi
1391 247 1494 282 facere
1506 257 1641 289 corpus:
1667 249 1757 295 Qia
1769 252 1885 294 nempe
1899 253 1990 295 panis
2010 259 2078 285 erat

1203 297 1338 340 antiqua
1353 297 1527 331 Dominici
1545 297 1693 339 corporis
1704 301 1886 339 promiffiva
1899 327 1910 342 ‚
1938 302 2077 344 ideoque

1205 346 1297 382 nobis
1310 358 1365 391 per
1375 347 1564 381 Dominum
1583 347 1793 390 adimplenda
1811 349 1912 392 figura
1923 376 1930 383 .
1958 352 2080 387 Secun-

1202 397 1269 439 do,
1294 396 1382 440 quod
1394 397 1562 432 Dominus
1580 408 1699 442 panem
1722 409 1790 431 non
1811 399 2020 443 adsumpserit
2040 402 2077 435 in

1203 448 1293 481 suam
1309 445 1496 491 hypostasin
1515 473 1527 488 ,
1569 460 1629 482 nec
1652 447 1686 481 in
1711 447 1825 488 nostrat
1847 449 2078 492 redemptionis

1202 498 1442 532 exsecutorium
1455 523 1466 538 ‚
1495 508 1551 532 aut
1563 509 1621 540 pro
1634 496 1729 535 nobis
1739 497 1997 542 crucifigendum
2010 511 2078 533 cor-

1203 559 1261 591 pus
1272 562 1288 581 :.
1309 547 1410 596 Qod
1429 546 1519 582 hunc
1541 549 1579 584 in.
1602 549 1703 582 finem
1727 547 1877 582 habuerit
1899 547 1990 582 aliud
2010 560 2081 591 pro,-

1203 599 1308 642 prium
1323 620 1334 639 ,
1361 608 1473 632 verum
1493 623 1504 639 ,
1533 609 1648 632 natum
1670 609 1711 631 ex
1735 598 1877 643 Virgine
1889 622 1900 637 ‚
1925 598 1959 632 δε
1981 597 2079 632 nobis

1201 647 1476 683 consubstantiale
1487 659 1624 692 corpuS‚
1650 648 1740 691 cujus
1762 649 1855 693 panis
1875 647 1938 684 fuit
1957 646 2082 687 dumta-

1201 706 1258 731 xat
1270 699 1446 732 continens
1456 723 1467 738 ‚
1493 701 1738 736 Sacramentum
1751 723 1761 738 ,
1786 699 1820 732 ὅ(
1845 699 1950 743 figura
1964 723 1971 730 .
1999 699 2080 732 Hoc

1203 749 1295 782 sensu
1310 749 1477 783 Dominus
1489 760 1606 792 panem
1616 759 1733 792 corpus
1748 749 1843 786 suum
1854 749 1930 782 fecit
1941 772 1956 788 λ
1965 748 1998 782 id
2010 746 2056 787 est
2068 772 2080 789 ,

1203 798 1340 841 figuram
1353 799 1400 832 sui
1411 799 1556 843 corporis
1569 823 1576 830 .
1602 799 1718 836 Sensus
1730 822 1742 838 ‚
1753 802 1885 839 inquam
1898 820 1908 837 ,
1933 798 1977 832 est
1991 798 2080 833 :Do-

1201 850 1311 882 minus
1320 860 1438 890 panem
1450 850 1491 883 fic
1499 849 1577 884 fecit
1587 849 1680 883 suum
1692 858 1809 893 corpus
1821 871 1831 887 ,
1841 858 1877 882 ut
1891 847 1957 891 ipse
1969 857 2081 883 tamen

1202 908 1271 931 non
1283 900 1359 932 esset
1368 899 1437 941 ejus
1451 900 1616 942 proprium
1629 910 1687 942 pro
1697 898 1793 934 nobis
1819 897 2080 943 crucifigendum

1202 957 1338 990 corpus,
1366 949 1418 982 sed
1430 949 1525 992 ipsius
1535 948 1706 983 dumtaxat
1718 951 1963 991 Sacramentum
1986 959 2023 982 ac
2045 947 2082 980 fi-

1202 1008 1298 1041 gura.
1329 998 1434 1045 Quod
1444 998 1490 1032 est
1501 999 1642 1033 omnino
1666 999 1862 1046 verisfirnum
1877 1023 1884 1031 .
1913 998 1987 1032 Nec
2012 998 2079 1041 ipse

1204 1047 1297 1090 panis
1308 1071 1320 1087 ,
1345 1059 1407 1081 nec
1418 1047 1486 1090 ejus
1496 1049 1619 1082 residua
1633 1050 1815 1083 accidentia
1838 1050 1910 1082 sunt
1934 1048 2079 1083 Domini

1201 1108 1338 1140 corpus,
1365 1097 1418 1133 sed
1443 1098 1510 1140 ejus
1530 1099 1699 1139 dumtaxat
1718 1099 1946 1138 involucrum,
1973 1100 2081 1133 Sacra-

1203 1147 1353 1180 mentalis
1364 1147 1475 1195 imago
1488 1172 1499 1188 ‚
1525 1148 1628 1192 figura
1639 1173 1646 1179 .
1675 1148 1769 1183 Hinc
1780 1149 1870 1182 addit
1885 1147 2079 1192 Septimius:

1203 1200 1320 1240 Figura
1333 1204 1431 1234 autem
1444 1197 1607 1240 nonfuiffet
1619 1222 1630 1238 ‚
1658 1198 1715 1240 m'fi
1722 1204 1861 1235 veritatis
1874 1199 1939 1241 esset
1954 1207 2057 1241 corpus
2070 1224 2078 1231 .

1202 1247 1352 1280 Caeeericm
1365 1258 1463 1280 vacua
1473 1259 1521 1283 nes
1534 1272 1544 1287 ‚
1571 1249 1650 1290 quod
1658 1248 1696 1289 est
1713 1247 1900 1291 phantasma
1909 1273 1920 1288 ‚
1945 1248 2076 1292 figuram,

1164 1295 1167 1299 ⁴
1202 1304 1302 1337 capere
1312 1308 1369 1332 non
1377 1298 1464 1340 posset
1476 1323 1483 1329 .
1501 1295 1665 1331 Adfirmat
1680 1299 1813 1332 inanem
1831 1297 1968 1341 speciem
1979 1300 2013 1333 &
2026 1309 2078 1332 va·

1203 1357 1299 1380 cuum
1313 1345 1504 1389 phantasma
1518 1358 1586 1382 non
1602 1348 1690 1391 poist
1702 1348 1833 1392 figurari
1849 1372 1858 1386 ‚
1886 1347 2024 1391 ideoque
2035 1359 2076 1382 ex

1202 1396 1306 1429 carnis
1317 1397 1349 1430 &
1367 1396 1537 1442 sanguinis
1548 1421 1559 1437 ‚
1586 1409 1684 1441 quam
1697 1396 1926 1433 Eucharissicis
1941 1398 2079 1432 elemen-

1201 1445 1242 1480 tis
1261 1446 1434 1483 Dominus..
1453 1447 1608 1490 imposuit
1632 1472 1643 1488 ,
1679 1448 1783 1492 figura
1805 1448 1912 1482 evinci
1935 1448 2079 1482 veritatis

1200 1507 1339 1539 cottum,
1365 1498 1420 1530 seu
1434 1507 1547 1531 verum
1560 1497 1722 1541 corpusin
1738 1498 1865 1542 propria
1886 1497 1952 1540 ejus
1976 1499 2079 1542 perso,-

1201 1555 1243 1580 na
1257 1570 1263 1578 .
1278 1544 1448 1580 Adductus
1459 1556 1500 1580 ex
1513 1545 1597 1580 libro
1609 1547 1650 1581 de
1660 1543 1764 1582 carnis
1777 1548 2021 1589 Resurtestione
2033 1548 2078 1582 lo-

1200 1607 1257 1630 cus
1275 1596 1346 1640 agit
1364 1595 1534 1631 adversum
1558 1596 1793 1641 Capharnaitas
1813 1624 1821 1631 .
1860 1600 1946 1633 Eum
1973 1598 2079 1641 ipsum

1201 1646 1329 1679 sensum
1340 1645 1456 1687 habet,
1483 1657 1580 1690 quem
1592 1646 1625 1682 in
1634 1646 1780 1693 pluribus
1792 1647 1975 1691 istiusmodi
1998 1647 2079 1682 locis

1200 1695 1331 1732 sanetus
1343 1695 1547 1744 Augustinus
1558 1720 1573 1742 ⁹..

1363 1889 1718 1953 CAPUT
1789 1905 1909 1952 Ιν.

1266 2026 1517 2091 Expo‘aumur
1551 2023 1723 2089 quaedam
1758 2021 1844 2071 loca
1876 2023 2015 2072 Sanc‘ii

1521 2094 1720 2160 Augustini
1732 2130 1745 2141 .
1822 2102 1825 2107 '

1291 2210 1377 2247 Uod
1390 2212 1474 2247 circa
1499 2213 1736 2248 Eucharistiam
1758 2215 1891 2250 Sanctus
1913 2213 2075 2261 Augu-fli-

1315 2274 1375 2296 nus
1385 2270 1462 2297 cum
1475 2264 1627 2298 Romana
1639 2263 1738 2299 hodie
1751 2265 2013 2301 Ecclesia'credat
2033 2279 2072 2302 ae

1341 2312 1478 2352 doceat,
1506 2312 1551 2348 est
1575 2313 1715 2349 brevitet
1733 2314 1974 2350 ostendendum
1988 2342 1995 2349 .
2023 2318 2069 2352 Et

1189 2359 1254 2402 jam
1268 2360 1431 2398 ostensum
1443 2364 1487 2398 est
1500 2375 1539 2397 ex
1551 2365 1648 2398 variis
1668 2363 1749 2398 locis
1763 2388 1775 2405 ,
1800 2376 1869 2407 quae
1889 2365 2068 2402 adfirmant

1190 2409 1259 2444 illic
1272 2412 1459 2453 contineri,
1480 2414 1630 2454 adorari,
1656 2414 1846 2450 manducari
1860 2415 1950 2450 illam
1962 2416 2065 2461 ipsam

1187 2471 1317 2495 carnem
1334 2478 1354 2502 ‚·
1369 2473 1407 2496 ac
1419 2463 1487 2498 bibi
1509 2464 1602 2497 illum
1625 2464 1727 2507 ipsum
1749 2466 1967 2511 sanguinem,
1993 2478 2064 2511 quae

1188 2511 1309 2554 peperit
1333 2513 1447 2547 Sansta
1469 2513 1599 2558 Virgo,
1624 2515 1659 2548 &
1681 2526 1752 2558 quae
1775 2515 1875 2559 Judaei
1897 2517 2064 2552 crucifixe·

1187 2570 1264 2594 runt
1278 2586 1284 2592 .
1297 2561 1397 2608 Qod
1412 2562 1515 2606 ipsum
1527 2564 1623 2598 docet
1633 2564 1915 2610 quinquagesimus
1927 2577 2061 2611 quartus

1186 2611 1298 2644 Sermo
1311 2612 1352 2644 de
1363 2612 1509 2647 diversis:
1537 2617 1675 2647 Invitata
1686 2615 1723 2655 est
1734 2616 1751 2650 a
1764 2616 1903 2651 coelestis
1925 2618 2059 2654 familias
2077 2604 2151 2645 cap·
2173 2613 2200 2638 ²³

1185 2658 1281 2693 Patre
1290 2660 1493 2704 universarum
1499 2668 1635 2706 gentium
1645 2665 1799 2698 multitudo
1808 2690 1819 2706 ,
1846 2665 1911 2709 ipset
1920 2670 2056 2710 implevit

1184 2709 1357 2752 Ecclefiam,
1384 2710 1451 2754 ipsa
1460 2718 1570 2754 accepit
1585 2715 1622 2746 de
1633 2713 1735 2757 mensa
1759 2718 1912 2750 Dominica
1932 2730 1989 2751 non
2010 2725 2055 2753 vi-

1179 2760 1220 2791 les
1230 2761 1349 2801 epulas,
1378 2772 1435 2794 non
1445 2761 1581 2805 ignobiles
1592 2771 1699 2805 potus,
1721 2763 1779 2807 fed
1797 2766 1883 2808 ipfius
1903 2768 2051 2810 Pastoris,

1179 2808 1264 2850 ipssus
1277 2809 1356 2851 occifi
1363 2811 1474 2852 Christi
1485 2824 1601 2846 carnem
1607 2814 1787 2856 pra-libavit
1796 2817 1830 2850 Θ
1851 2815 2028 2861 sanguinem
2042 2845 2049 2852 .

1180 2858 1223 2892 Et
1246 2861 1359 2894 tertius
1381 2861 1526 2896 decimus
1548 2864 1786 2898 confeffionum
1809 2865 1891 2901 liber
1912 2881 1919 2901 :
1957 2873 2050 2902 Terra

1176 2910 1336 2942 manducat
1344 2909 1450 2954 piscem
1461 2913 1595 2946 levatum
1607 2915 1644 2947 de
1652 2914 1801 2956 profundo
1815 2921 1848 2950 in
1868 2929 1903 2952 ea
1924 2919 2025 2962 mensa
2036 2943 2048 2959 ,
2067 2915 2138 2954 C2P·
2161 2928 2207 2949 ²¹·

1174 2970 1262 3001 quam
1269 2960 1382 3001 parasti
1391 2967 1423 2993 in
1445 2961 1593 3006 conspe-Ha
1613 2966 1808 2998 credentium.
1836 2967 1978 3002 Levatus
2003 2968 2045 3004 de
2067 2964 2115 2992 '¹3‘

1175 3010 1338 3051 profundo
1351 3010 1443 3053 piscis
1455 3012 1499 3046 est
1517 3012 1651 3055 JESUS
1665 3013 1814 3050 Christus
1827 3016 1963 3051 natusin
1978 3017 2044 3053 hoc

1172 3059 1283 3092 saeculo
1294 3085 1303 3100 ,
1331 3071 1371 3093 ex
1390 3060 1499 3096 Maria
1512 3061 1650 3106 Virgine
1662 3088 1669 3095 .
1697 3065 1741 3098 Et
1756 3065 2042 3110 quinquagesimus

1171 3120 1275 3142 nonus
1297 3110 1337 3142 de
1362 3111 1501 3145 Domini
1527 3112 1632 3146 verbis
1655 3115 1767 3148 Sermo
1789 3127 1795 3146 :
1834 3116 1900 3156 Post
1920 3120 2041 3151 Domini

1169 3156 1373 3200 adscenfionem
1378 3162 1492 3205 Judaet
1502 3162 1631 3205 conversi*
1633 3161 1755 3205 suntad
1762 3175 1845 3206 eum,
1872 3177 1957 3208 quem
1976 3178 2041 3201 cru-

1166 3208 1324 3250 cifixerunt
1336 3233 1347 3249 ,
1372 3211 1406 3242 ἐν
1425 3215 1458 3244 in
1481 3214 1668 3245 Sacramenta
1689 3215 1837 3247 credentes
1859 3214 2037 3260 sanguinem

1166 3259 1228 3296 ejus
1243 3258 1396 3300 biberunt,
1421 3272 1508 3302 quem
1525 3260 1679 3304 saeviena'o
1696 3263 1866 3304 fuderunt.
1892 3266 2035 3311 Trigefi-

1165 3306 1209 3340 mi
1224 3308 1440 3343 tertiiPsalmi
1462 3311 1715 3346 commentarius
1734 3312 1841 3348 laudat
1865 3314 2036 3360 Propheti-

1164 3368 1199 3390 ca
1212 3357 1253 3390 de
1273 3358 1427 3392 exulante
1446 3361 1529 3403 apud
1555 3360 1736 3396 Philistaeos
1758 3362 1887 3399 Davide
1913 3366 2006 3400 verba
2019 3390 2030 3407 ,

1164 3407 1325 3442 Ferebatur
1355 3409 1490 3444 manibus
1513 3409 1581 3455 suis
1601 3435 1612 3451 ‚
1651 3421 1748 3455 atque
1778 3416 1913 3459 exponit
1925 3429 1936 3449 .-
1973 3418 2030 3449 Hoc

1606 3462 1644 3496 0
1693 3472 1712 3510 3

1912 3476 1979 3508 quo·
