2352 3756
149 1201 212 1250 ιρι).
246 1204 262 1231 a

153 1243 205 1280 hp.
246 1252 271 1272 1.

364 157 457 219 388

463 312 818 363 CAPUT
891 310 1020 356 VII.

325 452 613 520 Adediolanenfis
647 448 817 513 Ecclesiae
834 444 962 516 stupra
990 442 1144 513 Aquile-

442 522 585 596 jcnfirn
631 524 827 567 Primatus
878 514 1023 585 largitis

628 590 817 656 refutatur
835 624 848 636 .

406 733 634 770 Ediolanensis
661 730 833 766 Cathedrae
864 730 957 774 supra
982 728 1176 773 Aquilejen-

431 786 497 820 sem
525 783 743 826 Metropolim
765 793 804 817 ac
826 781 904 816 alias
915 781 1084 815 Veneticae
1096 777 1178 813 Pro-

291 838 408 872 vinciae
429 835 586 870 Ecclefias
607 832 790 867 Primatum
813 830 1046 865 Illustriffimus
1057 829 1178 864 Domi·

291 898 354 922 nus
377 887 491 921 Petrus
508 885 551 919 de
571 883 686 917 Marca
712 882 843 917 firmare
865 881 962 925 poffit
987 892 1028 915 ex
1041 877 1177 914 authen-

290 938 356 973 tica
377 934 546 980 Epistola,
569 945 634 978 qua
659 933 796 967 Sanetus
811 931 1007 967 Ambrofius
1029 930 1176 965 Felicem

291 987 492 1023 Comensem
515 986 548 1019 in
571 985 629 1019 ista
649 983 825 1018 Provincia
845 981 1044 1027 Episcopum
1058 980 1175 1015 invitat

289 1038 332 1072 ad
353 1048 447 1071 novae
469 1061 480 1078 ‚
506 1046 606 1080 quam
625 1035 684 1070 sub
709 1034 901 1068 Sanfiorum
932 1031 1174 1076 Apostolorum

288 1087 428 1121 nomine
447 1087 647 1121 exstruxerat
667 1086 801 1120 sanstus
821 1083 989 1118 Baffianus
1002 1080 1177 1116 Laudenfis

289 1138 499 1182 EpiscopuS,
527 1134 671 1170 Bafilicae
692 1134 950 1170 Dedicationem
977 1158 984 1165 .
1021 1132 1176 1166 Affirmat

290 1189 437 1223 Felicem
458 1187 521 1222 esse
543 1188 768 1222 consecratum
782 1186 847 1219 suis
869 1182 1042 1223 manibus,
1070 1183 1175 1226 ipsum

288 1250 331 1273 ex
351 1238 488 1282 imperio
510 1238 624 1272 trastat
646 1246 683 1271 ut
706 1236 811 1270 filium
828 1261 839 1278 ,
863 1236 898 1270 δε
917 1233 1024 1269 adeffe
1045 1243 1113 1268 non
1125 1243 1176 1267 ro·

288 1298 367 1334 gat,
392 1288 446 1323 sed
462 1287 578 1332 jubet.
606 1288 689 1335 Qro
706 1285 777 1330 jure
799 1286 896 1330 poffit
921 1283 1113 1319 Ambrosius
1140 1282 1175 1316 in

286 1339 395 1374 aliena
417 1338 594 1373 Provincia
615 1336 816 1372 consecrasse
829 1334 1051 1379 Episcopum?
1077 1332 1176 1367 Certe

286 1401 358 1424 non
381 1389 448 1423 alio
471 1387 571 1431 quam
595 1387 762 1423 Primatus
788 1411 797 1420 .
836 1383 969 1429 Nempe
995 1384 1029 1419 id
1055 1384 1176 1418 fecerat

284 1450 427 1474 vacante
449 1438 702 1482 Metropolitica
724 1435 940 1482 Aquileiensis
954 1434 1102 1469 Ecclefiae
1115 1432 1177 1468 Ca-

283 1488 401 1523 thedra
414 1512 422 1520 .
450 1488 519 1522 Isto
540 1489 617 1523 casu
639 1487 732 1521 variae
743 1486 830 1531 apud
844 1485 982 1520 Latinos
994 1483 1176 1519 Provinciae

284 1539 470 1574 habuerunt
489 1539 594 1573 varias
614 1537 891 1573 eonsuetudines.
920 1534 1082 1584 Qaedam
1103 1544 1176 1568 om-

283 1601 344 1625 nes
365 1589 627 1624 consecrationes
655 1588 768 1622 futuro
793 1586 1019 1631 Metropolitae
1039 1584 1175 1619 reserva-

283 1651 362 1675 runt
374 1664 385 1681 ‚
412 1639 559 1684 quaedam
581 1639 771 1674 detulerunt
787 1637 970 1672 Provinciae
983 1633 1175 1670 protothro-

285 1702 331 1725 no
346 1715 356 1731 ‚
381 1702 437 1725 aut
452 1690 572 1725 seniori
594 1714 605 1732 ,
632 1689 779 1734 quasdam
804 1688 952 1722 vicinum
972 1685 1170 1728 Metropoli·

284 1751 353 1775 tam
375 1741 559 1775 invitarunt
581 1764 588 1772 .
625 1740 664 1773 ln
687 1737 933 1782 Aquileiensem
958 1734 1172 1768 Provinciam

283 1788 544 1824 Mediolanensis
564 1788 748 1832 Episcopus
758 1785 887 1821 videtur
899 1794 981 1819 tune
994 1783 1088 1818 fuisse
1099 1783 1173 1816 usus

284 1840 353 1882 jure
378 1840 425 1873 sui
450 1839 631 1874 primatus.
660 1834 763 1882 Qod
785 1836 878 1869 enim
893 1845 960 1867 non
975 1831 1103 1866 sororio
1116 1839 1172 1863 aut

284 1891 429 1925 fraterno
455 1889 523 1931 jure
549 1890 623 1922 usus
654 1886 752 1920 suerit
784 1884 932 1929 Magnus
957 1879 1173 1920 Ambrosius,

284 1940 486 1975 demonstrat
498 1937 635 1983 epistola
647 1959 658 1976 ‚
684 1945 782 1980 quam
798 1934 1000 1968 Francorum
1014 1931 1149 1976 Legatis
1160 1953 1172 1970 ‚

285 1987 620 2032 Constantinopolim
643 1982 924 2030 proficiscentibus
937 1981 1007 2026 post
1019 1981 1172 2023 quintum

286 2039 505 2078 Concilium,
533 2038 625 2071 dedit
647 2035 764 2068 Clerus
787 2034 910 2067 ltaliae.
938 2031 1079 2066 Datium
1101 2028 1175 2062 Me-

286 2089 515 2125 diolanensem
552 2083 848 2127 Archiepiscopum
870 2104 881 2121 ,
912 2080 1003 2122 quod
1023 2081 1085 2114 tria
1112 2077 1176 2112 Ca-

286 2140 390 2185 pitula
409 2136 567 2171 damnare
591 2130 842 2179 pertinacisiime
873 2130 1000 2168 nollet,
1024 2128 1067 2164 ad
1094 2125 1180 2162 sede-

286 2190 354 2224 cim
376 2186 442 2223 fere
474 2196 582 2223 annos
610 2185 790 2226 Imperator
817 2180 1019 2225 lastinianus
1043 2179 1177 2214 exulem

287 2235 585 2279 Constantinopoli
606 2233 767 2272 detinuit,
796 2231 902 2275 ipsum
924 2229 1048 2264 remitti
1059 2228 1177 2273 suppli·

288 2301 341 2326 eat
361 2289 467 2324 dicius
490 2286 628 2325 clerus,
654 2282 688 2317 δε
715 2280 868 2327 adjungit
891 2281 1023 2315 causam
1047 2293 1054 2313 :
1092 2281 1179 2323 ,Quia

289 2343 356 2376 tum
372 2340 451 2382 pen?
467 2348 565 2371 omnes
587 2332 747 2378 Episcopi,
776 2343 847 2376 quos
867 2332 1007 2365 ordinare
1024 2328 1097 2373 solet
1111 2353 1122 2370 ,
1142 2327 1180 2371 fi·

289 2401 339 2427 eut
360 2389 432 2424 bene*
445 2387 530 2431 scitis
542 2409 553 2427 ,
578 2390 687 2418 mortui
701 2382 761 2425 fint
775 2407 786 2422 ,
811 2384 957 2424 immensa
977 2382 1082 2424 populi
1106 2380 1179 2413 mul·

292 2441 392 2477 titudo
410 2437 474 2482 fine
499 2434 658 2479 Baptismo
681 2439 805 2467 moritur
831 2456 839 2464 .
873 2431 977 2479 Qod
999 2429 1117 2475 nempe
1143 2430 1179 2463 in

293 2491 389 2527 ltalia
409 2488 530 2533 quaevis
558 2483 761 2529 Episcopalis
781 2481 943 2517 Parochia
953 2480 1036 2515 olim
1048 2478 1181 2515 haberet

293 2542 433 2577 unicum
455 2538 628 2572 dumtaxat
654 2532 887 2578 Baptisterium
901 2556 913 2573 ‚
938 2532 973 2566 δε
994 2530 1082 2566 solus
1105 2531 1183 2573 Epi-

298 2593 415 2636 scopus
433 2585 758 2630 omnem‘populum
793 2583 975 2628 baptizaret
997 2604 1006 2614 .
1048 2580 1187 2624 Aquile-

299 2642 395 2687 iensis
416 2637 635 2682 Metropolita
670 2647 732 2670 nec
752 2633 797 2669 ob
819 2643 945 2668 tantam
966 2632 1185 2667 necessitatem

302 2691 410 2736 potuit
430 2692 467 2724 in
491 2685 731 2723 Mediolanensi
742 2683 918 2720 Provincia
930 2683 1117 2717 consecrare
1129 2691 1187 2715 no-

307 2754 366 2777 vos
387 2741 585 2785 Episcopos:
610 2736 715 2785 Qod
737 2733 951 2779 nempeillius
964 2731 1189 2776 Archiepiseo-

305 2803 349 2837 po
364 2800 431 2825 non
443 2790 520 2825 esset
533 2790 629 2823 frater
642 2812 653 2828 ‚
681 2785 733 2821 sed
748 2785 894 2820 subditus
919 2794 956 2817 ac
981 2783 1085 2816 filius.

358 2839 558 2885 Respondeo
583 2837 778 2872 haecomnia
801 2846 871 2870 non
894 2834 956 2868 csse
965 2832 1122 2867 fundata.
1147 2831 1186 2866 In

298 2890 438 2925 'laudata
458 2888 596 2932 epistola
616 2888 651 2922 id
671 2884 787 2921 diserte
798 2884 1045 2929 profitetutipse
1055 2883 1192 2918 sanstus

311 2939 527 2977 Ambrofius:
553 2943 627 2972 Erit
645 2937 719 2971 mibi
733 2936 857 2979 fruc‘lus
875 2936 1050 2976 dulctffimus
1075 2958 1086 2974 ‚
1111 2932 1192 2975 quod

312 3002 411 3026 meum
432 2995 467 3024 tn
487 2990 670 3030 rejudrctum
679 2986 933 3029 comprobabitur.
960 2987 1189 3019 ordinationem

313 3039 548 3086 reprehendetur
567 3061 580 3080 ‚
614 3048 706 3081 quam
741 3036 873 3079 accepisti
896 3044 950 3077 per
982 3034 1191 3077 impofin'onen

314 3103 461 3127 manuum
491 3099 626 3123 mearum
663 3112 675 3128 ,
713 3089 748 3121 <9⁹
770 3085 997 3120 benedifflonem
1021 3090 1055 3118 in
1079 3088 1193 3118 nomine

317 3147 439 3176 Domini
461 3138 574 3184 JESU
599 3163 607 3170 .
644 3137 700 3171 Ad
724 3136 932 3170 Basilicarum
957 3134 1193 3170 Dedicatioues

317 3192 402 3228 olim
423 3188 570 3226 solebant
591 3186 723 3222 invitari
743 3187 847 3231 plures
871 3183 1048 3229 Episcopi,
1074 3184 1133 3219 ista
1143 3195 1195 3218 oc·

318 3243 445 3277 easrone
466 3240 535 3274 fieri
559 3237 716 3282 synodus
733 3261 745 3278 ,
770 3237 805 3271 ἃ,
828 3244 1034 3270 occurrentes
1053 3233 1197 3278 quaestio·

321 3302 378 3326 nes
396 3288 545 3326 definiri.
571 3288 621 3322 lta
641 3296 724 3322 tunc
744 3286 865 3321 fastum
876 3285 939 3320 suit
955 3284 1056 3319 etiam
1068 3285 1103 3318 in
1117 3285 1196 3318 Lau·

885 154 1529 200 stsERTAT10

1243 231 1344 276 ipsam
1367 233 1609 277 approbandam
1624 260 1635 276 ,
1661 247 1727 280 quo
1738 237 1843 272 virum
1856 239 1940 274 sistat
1953 264 1963 280 ,
1987 243 2018 277 ei
2028 245 2121 287 spon-

1241 283 1297 317 det
1309 282 1499 318 Ambrosius
1511 309 1518 317 .
1541 286 1642 330 Ipsam
1655 286 1791 330 spondet
1802 300 1868 322 non
1880 289 2117 328 admittendam

1242 334 1307 368 fine
1319 335 1471 368 examine
1482 360 1493 375 ,
1519 336 1570 371 sed
1584 337 1783 380 probandam
1795 339 1827 372 ὅ(
1840 339 2033 375 firmandam
2043 367 2051 373 .
2076 344 2118 378 Et

1242 383 1329 418 haud
1340 383 1441 418 dubie
1452 386 1514 420 fuit
1526 387 1570 421 ita
1584 387 1710 431 gestum
1725 413 1731 420 .
1761 389 1803 422 Et
1816 387 1893 423 hinc
1914 390 2018 425 oritur
2036 401 2120 433 quae·

1242 435 1325 476 stio,
1352 446 1417 478 qua
1438 435 1635 475 authoritate
1646 438 1738 471 istam
1751 440 2031 475 consecrationem
2044 443 2122 476 San-

1241 486 1329 521 stum
1343 485 1533 521 Ambrosius
1544 489 1751 522 attentaverit
1764 514 1772 520 .
1799 488 1855 522 An
1868 491 1937 534 jura
1949 491 2056 525 aliena
2071 492 2122 525 in-

1243 535 1358 569 vaserit
1369 547 1407 569 ae
1419 537 1515 571 fuerit
1539 538 1778 582 praevaricatus?
1808 539 1850 572 Et
1871 541 1936 575 hoc
1963 541 2120 585 posterius

1241 584 1434 629 quibusdam
1446 588 1574 622 videtur
1585 600 1653 623 non
1666 588 1858 624 incredibile
1869 615 1876 623 .
1906 592 2039 626 Etenim
2053 591 2120 625 Ne·

1241 636 1341 670 &ario
1361 636 1738 681 Constantinopolitano
1764 639 1928 685 Episcopo
1946 666 1957 683 ,
1993 653 2031 676 ae
2051 642 2119 685 ejus

1240 685 1419 721 Successori
1434 689 1553 722 Sansto
1575 689 1694 732 Joanni
1718 689 1957 733 chrysostomo
1979 690 2121 726 Ambro-

1239 735 1300 771 sius
1312 737 1375 771 fuit
1387 736 1507 772 author
1520 763 1531 779 ,
1557 740 1640 773 utin
1653 738 1794 774 Pontica
1816 740 1959 775 Dioecefi
1983 751 2121 775 attenta-

1239 797 1310 822 rent
1332 799 1402 821 non
1426 787 1554 822 tantum
1576 790 1838 824 consecrationes
1859 791 2093 835 Episcoporum
2109 816 2120 832 ‚

1241 835 1619 883 sed&degradationes.
1647 841 1749 874 Suum
1772 840 1791 873 a
1814 842 1846 876 se
1868 841 2062 876 damnatum
2076 853 2121 876 at·

1240 898 1304 931 que
1331 886 1526 931 Apostatam
1554 890 1744 924 Diaconum
1768 891 1992 932 Geminium,
2018 903 2119 935 quem

1241 936 1415 972 Helladius
1428 938 1668 974 Caesariensium
1690 939 1818 975 Primas
1838 942 2040 976 consecrarat
2059 942 2120 975 Ni·

1239 987 1481 1022 comediensem
1495 988 1529 1021 in
1542 988 1703 1032 Bithynia
1714 990 2010 1036 Archiepiscopum
2026 1016 2037 1033 ,
2063 1002 2119 1034 per

1241 1036 1388 1072 laudatos
1400 1037 1582 1081 Episcopos
1593 1040 1721 1083 rogavit
1731 1040 1803 1082 ejici
1816 1067 1824 1074 .
1853 1042 1896 1075 Et
1913 1042 2046 1076 tandem
2057 1041 2120 1083 eje-

1239 1089 1284 1122 cit
1295 1088 1429 1122 Sanetus
1440 1088 1603 1131 Ioannes,
1628 1100 1667 1122 ac
1677 1087 1745 1131 ejus
1769 1089 1803 1121 in
1822 1090 1933 1125 locum
1953 1092 2119 1126 consecra·

1241 1139 1289 1173 vit
1301 1138 1544 1182 pansophium.
1576 1139 1619 1172 Et
1635 1138 1690 1173 hie
1707 1138 1799 1172 illiin
1811 1139 1950 1182 Synodo
1961 1141 2003 1176 ad
2013 1142 2120 1189 Qer·

1239 1200 1315 1224 cum
1327 1189 1390 1222 suit
1400 1199 1486 1223 unus
1508 1188 1527 1223 ἐ
1547 1188 1752 1234 gravioribus
1771 1190 1987 1224 accusationis
2006 1192 2121 1224 articu-

1241 1240 1298 1274 lis.
1329 1238 1392 1273 Rei
1405 1238 1517 1273 seriem
1538 1237 1640 1274 habes
1657 1238 1743 1283 apud
1767 1239 1940 1274 Hermiam
1961 1240 2121 1274 Zozome-

1242 1301 1321 1324 num
1333 1313 1342 1323 .
1372 1289 1486 1324 Etiam
1500 1288 1635 1324 addusta
1650 1288 1812 1324 Ambrosii
1827 1289 1921 1325 verba
1932 1314 1944 1331 ‚
1971 1294 2072 1324 Meum
2086 1296 2122 1323 tn

1241 1350 1269 1375 te
1282 1340 1433 1378 judicium
1455 1339 1693 1382 comprobabitur
1713 1364 1725 1380 ‚
1750 1340 1946 1383 quibusdam
1967 1340 2121 1375 videntur

1240 1390 1304 1425 alte
1326 1389 1489 1430 clamare,
1518 1389 1613 1425 istam
1633 1390 1915 1426 consecrationem
1935 1391 2028 1426 fuisse
2050 1401 2122 1434 pro-

1239 1441 1343 1486 priam
1355 1440 1600 1483 usurpationem
1613 1464 1621 1472 .

1289 1490 1490 1534 Respondeo
1500 1491 1637 1525 occultae
1648 1491 1693 1526 rei
1705 1490 1846 1526 fundum
1870 1491 1959 1535 posse
1977 1499 2122 1535 penetra-

1238 1540 1264 1576 ri
1291 1552 1334 1576 ex
1359 1540 1638 1584 consequentibus
1657 1542 1764 1577 Sancti
1797 1541 1961 1576 Ambrosii
1991 1541 2121 1576 verbis.-

1241 1592 1338 1625 Multa
1359 1591 1448 1631 meffis
1472 1590 1603 1633 Christi,
1624 1590 1681 1635 sed
1698 1597 1788 1634 pauc}
1812 1597 1938 1634 operarii
1959 1616 1967 1624 .
1996 1595 2042 1625 Et
2063 1589 2123 1633 dff-

1233 1641 1313 1685 ficllc'
1333 1649 1524 1684 reperiuntur
1546 1647 1598 1685 qul
1621 1643 1792 1683 adjuvent.
1819 1643 1929 1677 Verum
1947 1641 2095 1676 buvetus
2109 1664 2121 1679 ‚

1233 1692 1407 1735 sedpotens
1416 1691 1453 1732 es}
1467 1695 1614 1725 Dominus
1623 1713 1634 1730 ,
1660 1698 1711 1733 qud
1733 1698 1838 1725 mittat
1846 1695 1994 1733 operarios
2006 1695 2038 1723 m
2051 1688 2122 1732 mes-

1232 1740 1298 1785 sem
1314 1739 1403 1783 suam
1415 1765 1423 1773 .
1449 1742 1539 1774 Cere?
1549 1741 1641 1774 intllo
1650 1741 1751 1774 ordine
1775 1739 1958 1781 Comenfium
1969 1741 2042 1779 jam
2059 1740 2125 1780 ple·

1237 1790 1321 1831 rique
1332 1798 1481 1830 coeperune
1503 1791 1619 1823 credere
1641 1789 1809 1832 Magisterlo
1833 1797 1902 1828 tuo,
1927 1789 1962 1821 ό·
1981 1787 2125 1822 Dor-Vrina

1237 1847 1291 1871 tua
1302 1837 1424 1872 verbum
1438 1841 1495 1872 Det
1504 1846 1675 1881 receperunt
1683 1863 1690 1871 .
1719 1840 1740 1871 5
1740 1839 1782 1872 ed
1789 1843 1842 1881 qut
1853 1838 1937 1872 dedat
1948 1839 2100 1872 credentes
2109 1862 2122 1878 ,

1238 1889 1273 1922 6·
1289 1889 1446 1927 adjutores
1458 1888 1563 1922 dabit.
1591 1889 1680 1923 lnter
1692 1888 1839 1923 seductos
1860 1887 1902 1922 ab
1925 1887 2125 1931 Imperatore

1235 1935 1456 1976 Constantio,
1484 1939 1518 1970 ἀ
1529 1938 1672 1979 ejusdem
1686 1938 1847 1981 Principis
1858 1938 2036 1972 seductores
2048 1938 2125 1981 Epi-

1235 1986 1352 2030 scopos
1366 1986 1428 2019 fuit
1441 1985 1660 2029 Aquileiensis
1673 1986 1893 2030 Metropolita
1919 1987 2126 2021 Fortunatia-

1238 2046 1323 2076 πω,
1350 2034 1391 2069 de
1403 2045 1470 2078 quo
1482 2035 1592 2068 scribit
1611 2036 1646 2068 in
1668 2037 1813 2069 virorum
1826 2034 2015 2070 -lllussrium
2037 2047 2127 2071 eata-

1238 2086 1319 2130 logo
1328 2084 1464 2118 Sanetus
1476 2085 1727 2128 Hieronymus:
1755 2088 1998 2119 Fortunatianus
2019 2091 2051 2118 in
2070 2085 2124 2120 hoe

1239 2136 1364 2169 babetur
1376 2134 1557 2175 detestabilis
1570 2160 1581 2175 ,
1606 2137 1688 2178 quod
1699 2134 1851 2168 Liberium
1875 2136 2020 2170 Romane
2038 2135 2125 2169 urbis

1238 2183 1419 2228 Eplfivpum
1432 2208 1442 2224 ,
1464 2193 1522 2227 pro
1527 2185 1591 2229 fide
1603 2187 1649 2218 ad
1659 2187 1783 2220 exilium
1788 2193 1959 2229 pergentem
1969 2200 1986 2227 ,·
2003 2192 2125 2228 prtmus

1235 2235 1412 2281 fhllt'citavit
1422 2234 1643 2279 acfregte'J'&
1665 2237 1711 2269 ad
1725 2233 1970 2278 subscriptionem
1993 2234 2126 2278 baerefios

1239 2286 1397 2328 compulit.
1427 2285 1508 2320 Non
1520 2286 1586 2319 fuit
1609 2286 1754 2319 Arianus
1770 2284 1940 2320 haereticus
1954 2311 1965 2326 ,
1991 2287 2043 2329 sed
2065 2285 2127 2320 Pa-

1243 2337 1367 2371 latinus
1387 2336 1505 2376 sorex,
1529 2334 1564 2369 &
1585 2335 1679 2369 omni
1703 2335 1823 2370 Palatii
1846 2335 2127 2370 ventocircumla-

1246 2397 1279 2421 ta
1291 2387 1387 2420 arista
1400 2410 1411 2426 ,
1437 2385 1580 2430 ideoque
1591 2386 1659 2430 egit
1671 2385 1818 2420 servilem
1830 2385 1863 2419 in
1886 2384 2064 2420 Catholica
2079 2385 2128 2418 -fi-

1246 2435 1287 2470 de
1309 2446 1518 2471 vertumnum
1541 2461 1549 2468 .
1577 2436 1621 2470 Et
1638 2447 1756 2471 omnes
1774 2436 1837 2470 suae
1859 2434 2040 2470 Provinciae
2067 2434 2127 2470 Ec-

1247 2487 1360 2521 clefias
1381 2496 1436 2519 aut
1458 2484 1584 2526 haerefi,
1609 2496 1666 2520 aut
1684 2486 1753 2529 ejus
1775 2485 2016 2520 communione
2027 2485 2128 2520 soeda-

1247 2537 1313 2570 vit.
1342 2535 1479 2570 Nam&
1504 2534 1678 2571 Ursatium
1700 2546 1738 2570 ac
1758 2535 1938 2571 Valentem
1959 2560 1969 2575 ,
1996 2535 2128 2571 foediffi-

1249 2597 1323 2621 mos
1344 2583 1476 2619 Arion-z
1490 2586 1582 2620 foecis
1603 2585 1898 2620 Circumcelliones
1922 2582 2127 2629 Episcopus,

1249 2636 1348 2671 libere
1365 2635 1505 2679 permisit
1526 2646 1580 2679 per
1593 2635 1677 2680 ipsas
1685 2636 1815 2680 gmfl‘ari
1827 2661 1835 2668 .
1863 2635 1968 2670 Porro
1979 2635 2020 2669 ad
2032 2634 2132 2668 Chri-

1248 2687 1289 2721 sti
1319 2685 1462 2719 Domini
1490 2687 1752 2721 trecentesimum
1772 2685 2038 2730 septuagesimum
2065 2685 2129 2718 sex-

1248 2748 1319 2771 tum
1343 2760 1353 2775 ,
1378 2736 1411 2769 ἀ
1432 2735 1643 2770 undecimum
1665 2736 1872 2780 Imperatoris
1897 2735 2129 2770 Valentiniani

1249 2797 1375 2821 annum
1396 2783 1506 2819 scribit
1528 2786 1562 2819 in
1589 2785 1764 2821 Chronico
1787 2784 1938 2820 laudatus
1962 2784 2130 2827 Hierony-

1250 2847 1322 2872 mus
1344 2850 1351 2869 :
1389 2835 1456 2876 Post
1485 2840 1628 2869 auxentii
1650 2835 1752 2879 seram
1775 2844 1898 2870 mortem
1919 2860 1931 2876 ,
1966 2835 2129 2868 Mediolani

1250 2883 1391 2927 Ambrosio
1413 2884 1562 2928 Epifi‘opo
1584 2886 1738 2926 constituto
1762 2910 1774 2926 ,
1798 2891 1894 2919 omnis
1918 2885 1962 2917 ad
1980 2883 2071 2925 fidem
2085 2895 2131 2917 re-

1250 2938 1329 2971 Ham
1354 2937 1446 2969 ltalia
1464 2942 1669 2969 convertitur.
1698 2933 1895 2979 Aquileienses
1906 2934 2031 2975 Clerici,
2058 2945 2132 2976 qua-

1245 2987 1275 3030 fi
1291 2986 1407 3020 Chorus
1428 2988 1592 3020 Brutorum
1617 2985 1766 3020 habentur
1788 3010 1795 3018 .
1823 2984 2008 3018 Posteriora
2037 2983 2132 3018 verba

1254 3037 1387 3073 laudant
1422 3036 1613 3080 proximum
1649 3034 1878 3069 Fortunatiani
1912 3034 2133 3068 Successotem

1253 3089 1408 3124 Sanstum
1426 3086 1660 3126 Valerianum,
1686 3086 1743 3128 qui
1759 3086 1858 3118 fa6tus
1871 3084 2052 3128 Episcopus
2063 3093 2134 3118 non

1254 3137 1384 3173 tantum
1405 3137 1440 3170 in
1460 3135 1620 3180 dogmate
1637 3160 1647 3175 ‚
1682 3134 1737 3169 sed
1770 3136 1872 3169 etiam
1895 3135 1931 3169 in
1957 3133 2136 3177 disciplina

1254 3189 1332 3224 fecit
1352 3187 1460 3222 statim
1482 3185 1551 3220 illic
1571 3196 1658 3220 nova
1674 3186 1790 3220 omnia
1812 3195 1910 3228 atque
1923 3182 2134 3218 sanetiffima.

1255 3238 1400 3273 Videtur
1424 3235 1541 3271 eodem
1565 3247 1656 3270 anno
1674 3235 1745 3280 post
1758 3236 1912 3269 Sanctum
1926 3232 2136 3268 Ambrosium

1258 3289 1361 3324 fastus
1388 3287 1565 3331 Episcopus
1585 3312 1592 3319 .
1635 3286 1678 3321 Et
1699 3294 1834 3320 vacante
1856 3283 1964 3319 adhuc
1987 3283 2046 3318 ista
2067 3281 2139 3314 Me-

322 3340 409 3376 densi
436 3340 590 3375 civitate.
618 3337 713 3373 Hine
734 3337 830 3371 Felix
848 3336 1027 3380 Episcopus
1048 3333 1199 3369 advenire
1259 3338 1381 3382 tropon
1404 3338 1576 3372 defunfius
1601 3336 1646 3370 est
1676 3336 1844 3370 Comenfis
1867 3335 1886 3370 ὲ
1908 3331 2138 3369 pol-mmmm

325 3390 457 3425 timuit:
482 3388 618 3423 Timuit
639 3387 750 3422 datam
772 3385 832 3421 fibi
849 3386 891 3420 ab
911 3385 1022 3419 alieno
1032 3384 1198 3426 Metropo-

326 3442 386 3476 lita
410 3438 689 3475 consecrationem
713 3436 833 3472 discuti
854 3434 1108 3480 atquedamnari
1127 3457 1134 3466 .
1158 3432 1202 3467 Et

1259 3399 1358 3434 grege
1380 3387 1583 3430 Episcopus,
1611 3385 1680 3428 ejus
1705 3386 1863 3420 inlocum
1884 3384 2004 3419 electus
2018 3381 2143 3420 Felix,

1261 3439 1370 3474 coivit
1384 3435 1591 3476 Ambrosius,
1600 3436 1794 3471 eledionem
1805 3434 1971 3480 probavit,
1985 3433 2020 3466 ὅ(
2032 3432 2142 3489 coonse-

1994 3492 2097 3516 cravit
