2372 3756
152 1230 247 1267 C015.

140 1769 174 1798 'rr
182 1767 237 1798 aet.

150 1817 220 1844 117.

355 139 440 201 '88
670 154 709 199 S.
746 150 1061 198 GREGORII
1099 166 1337 197 SEP'eri
1376 153 1741 203 PoN'richs

289 243 540 272 'commentatur
552 251 562 269 .·
590 239 695 269 Canon
718 236 764 271 bic
786 244 896 270 evertit
908 237 1130 270 Tetraditarum
1142 247 1176 268 ac
1239 235 1286 267 dit
1301 260 1307 265 .
1335 234 1438 268 Adbuc
1449 241 1528 270 enlm
1540 246 1607 271 erat
1616 236 1683 280 ipsa
1687 244 1862 282 preparatio
1873 265 1883 281 ,
1908 252 1973 284 quae
1984 243 2031 277 abr
2043 244 2113 278 hora

287 289 502 333 Jacobitarum
521 286 652 329 haerefim
666 312 673 319 .
700 286 767 321 Res
790 287 918 321 videtur
945 297 1013 319 non
1043 284 1177 321 cohaete·
1239 284 1330 317 noffls
1353 294 1505 328 coeperat,
1531 286 1732 329 donassent,
1756 301 1823 333 quae
1838 293 2115 338 praeparabantur,

292 345 327 370 re
342 363 349 370 .
377 337 513 371 Etenim
524 337 762 372 Tetraditasin
787 336 988 380 tyrophagiae
999 334 1176 371 hebdoma-
1238 336 1399 369 immolam
1422 335 1532 378 Christi
1552 350 1559 370 :
1586 339 1668 381 ,ραι
1680 338 1773 381 facia
1796 339 1835 380 est
1850 338 2015 384 secundum
2034 347 2115 379 Mar-

287 386 335 420 'da
351 386 379 420 A
389 388 537 422 nastafius
548 387 744 423 manducare
766 398 841 421 cum
855 385 1012 430 Jacobitis
1024 411 1035 427 ,
1061 383 1176 420 Theo·
1237 396 1304 418 cum
1317 384 1390 419 hora
1402 411 1413 426 ,
1440 399 1498 421 non
1506 394 1750 430 praeparatlonis
1763 414 1774 430 ,
1796 389 1918 434 seddtei
1926 397 2019 426 tertia
2030 417 2042 434 ,
2067 406 2117 429 ea-

294 438 393 471 dorus
416 438 591 472 Balsamon
614 437 765 472 adfirmat
795 437 940 480 jejunare
963 461 970 468 .
1001 434 1174 484 Qidquid
1238 436 1363 478 demque
1381 435 1496 479 sexta,
1523 450 1580 471 non
1604 439 1688 480 diei,
1708 437 2037 484 sedpraeparaetionis,
2056 443 2116 489 sex

294 485 334 520 'fit
347 512 356 527 ,
382 499 424 521 ex
445 488 567 522 eisdem
588 488 670 522 olim
682 487 851 530 principiis
868 486 1052 522 Orientalis
1064 484 1175 520 Eccle·

1237 491 1340 528 utique
1358 486 1439 519 boris
1467 489 1488 520 ἃ
1500 488 1593 522 noelli·
1605 500 1684 522 nona
1696 488 1783 533 usque
1792 491 1837 524 ad
1843 489 1905 525 diet
1915 491 2036 526 ternam
2045 504 2117 527 com·

293 537 334 570 sia
349 537 456 572 noluit
472 539 555 572 circa
567 535 721 571 Sabbathi
733 536 892 580 jejunium
905 537 1081 570 convenire
1100 545 1175 568 cum
1234 541 1373 577 putatis.
1402 535 1527 572 Eadem
1551 537 1648 573 latius
1673 539 1771 575 docet
1790 541 1825 574 in
1851 542 1949 577 tertio
1971 543 2054 578 libro
2074 544 2117 579 de

293 588 481 621 Gnosticis.
514 589 561 621 At
574 587 652 620 vero
666 587 815 630 pestilens
827 585 892 620 haec
907 587 993 620 Sedia
1005 596 1074 620 non
1087 595 1176 618 vexa-

292 638 341 672 Vit
354 636 601 672 Occidentalem
618 637 791 670 Ecclesiam
803 651 813 670 :
841 637 934 671 Hinc
948 637 1014 681 ipsa
1036 645 1111 669 curn
1127 634 1174 678 Ju-

1239 586 1398 620 eonsensu
1414 586 1714 633 Evangelistarum·
1742 589 1906 626 Adfirmat
1928 592 2117 629 Dominum

1241 637 1337 670 sextae
1357 636 1439 671 feriae
1450 638 1540 672 sexta
1558 637 1639 673 hora
1658 639 1752 675 fuiffe
1762 641 1952 676 defunstum
1968 666 1979 683 ,
2003 644 2116 688 &pro-

290 687 369 722 daeis
394 687 499 720 noluit
523 684 694 721 sabbathis
708 687 879 731 prandere.
910 686 952 720 Et
974 685 1053 719 hinc
1064 685 1177 719 utrius-
1241 686 1384 730 sequitur
1402 699 1413 720 .-
1440 690 1552 722 Dicunt
1584 695 1663 723 enim
1691 691 1740 724 die
1771 693 1892 734 quidem
1923 693 1972 725 illo
1991 718 2002 734 ,
2029 705 2116 736 quem

291 746 355 780 ¹que
378 737 550 781 disciplina
571 738 634 771 fuit
656 739 781 777 saneta,
807 736 939 780 &justis
949 737 1030 769 fulta
1044 734 1176 769 rationi-

291 787 350 820 bus
364 821 371 827 ,
386 786 527 831 ideoque
540 787 742 822 schismatici
764 787 868 821 Graeci
879 787 946 821 sine
959 784 1177 820 fundamento

290 849 397 884 quaeru
405 847 438 871 nt
451 838 492 871 de
506 837 592 873 hisce
603 838 733 883 litigare
743 864 750 870 .

340 889 498 924 Notanda
524 891 597 922 sunt
619 888 748 922 laudata
771 887 878 920 Sanffl
903 884 1081 931 Augustini
1108 896 1178 921 ver—

290 939 328 973 ba
343 965 354 981 ,
381 939 497 984 quibus
519 941 607 972 sexta
633 937 822 970 Dominicae
832 936 946 971 mortis
957 949 994 971 ac
1010 936 1178 980 sepulturae

287 991 366 1023 feria
389 989 536 1022 adfirmat
561 989 577 1021 ὲ
600 988 717 1031 Judaeis
737 987 831 1021 fuiffe
854 988 957 1021 aetam
978 998 1105 1021 coenam
1120 997 1176 1031 pu-

286 1050 353 1072 ram
381 1064 391 1079 ,
419 1038 568 1072 eamdem
591 1038 704 1071 feriam
743 1037 835 1071 fuisse
869 1037 1064 1073 parasceven
1085 1061 1097 1078 ‚
1122 1037 1174 1071 seu

285 1090 554 1133 praeparationem
584 1089 679 1131 ipfius
701 1085 865 1121 Paschalis
878 1087 1080 1122 festivitatis.
1108 1087 1173 1122 Lu·

287 1140 360 1174 cide
389 1139 562 1179 adfirmat,
591 1150 658 1171 non
681 1137 803 1181 ipsam,
833 1138 886 1171 sed
910 1137 1066 1173 Sabbathi
1088 1136 1176 1172 diem

289 1191 384 1224 fuisse
416 1188 539 1223 Pascha
571 1187 736 1232 judaicum
759 1213 766 1220 .
795 1189 932 1222 Sanctus
967 1187 1176 1232 Evangelista

286 1239 421 1274 Marcus
449 1239 560 1274 scribit
578 1251 585 1270 :
612 1242 694 1272 Erat
715 1247 813 1271 autem
835 1237 907 1271 bora
929 1245 1042 1279 tertia,
1068 1239 1173 1271 &cru-

284 1291 440 1334 cifixerunt
452 1302 517 1324 eum
534 1316 540 1322 .
569 1289 613 1322 Et
639 1290 772 1323 Sanctus
786 1288 930 1332 Joannes
944 1300 951 1320 ε
979 1292 1060 1321 Erat
1074 1297 1172 1321 autem

286 1339 456 1384 parasceve
479 1339 603 1384 Paschae
619 1364 629 1380 ,
656 1338 726 1372 hora
756 1337 840 1382 quast
851 1337 960 1382 sexta.
991 1340 1045 1374 Ad
1058 1335 1126 1371 haec
1140 1338 1172 1370 in

289 1392 429 1434 speciem
454 1390 583 1424 adversa
611 1391 682 1423 loca
694 1386 902 1423 concilianda
915 1388 1048 1422 Sanstus
1060 1386 1172 1431 Augu·

285 1441 389 1475 ssinus
401 1441 540 1475 advertit
554 1441 707 1474 Sanstum
723 1439 883 1482 Joannern
898 1450 964 1471 non
978 1437 1084 1472 dicere
1100 1435 1171 1470 fuis·

288 1493 322 1525 se
342 1491 408 1525 diei
424 1515 434 1530 ‚
461 1490 513 1524 sed
539 1488 728 1522 Parasceves
739 1488 789 1521 seu
802 1487 1043 1530 praeparationis
1056 1485 1172 1520 horam

285 1541 371 1584 quafi
399 1542 521 1575 sextam
536 1565 543 1571 .
574 1537 727 1572 Advertit
744 1549 824 1572 tunc
838 1538 960 1581 duplex
982 1537 1175 1571 concurrisse

286 1588 408 1625 Pascha
437 1602 445 1622 ι
481 1588 721 1625 Umbraticum
759 1599 797 1621 ac
834 1587 939 1632 legale
972 1586 1174 1630 Judaeorum,

284 1642 319 1675 ἀ
342 1640 467 1675 Christi
493 1639 637 1673 Domini
660 1637 743 1672 reale
766 1649 804 1671 ac
827 1647 939 1671 verum
957 1662 968 1678 ,
994 1638 1109 1681 utique
1119 1648 1174 1671 vo-

287 1689 462 1725 luntariam
484 1688 554 1732 ejus
578 1699 637 1732 pro
662 1687 760 1722 nobis
781 1698 920 1721 mortem
935 1712 942 1719 .
970 1688 1063 1720 Hinc
1082 1686 1174 1721 Para-

287 1743 402 1775 sceven
428 1741 496 1772 non
517 1739 536 1772 a
548 1737 747 1782 precedentis
771 1735 837 1771 diei
851 1737 943 1776 luce,
968 1737 1050 1771 seda
1066 1747 1175 1780 praece·

287 1789 395 1825 dentis
416 1787 522 1822 ‘nostis
543 1787 624 1822 hora
636 1795 725 1822 nona
740 1788 809 1821 vult
824 1787 1082 1831 computandam
1094 1812 1101 1819 .
1131 1787 1174 1821 Et

286 1841 344 1879 dat
369 1840 498 1874 ca'usam
512 1852 523 1872 .·
551 1841 634 1873 Tunc
661 1843 741 1872 enim
759 1839 900 1871 videntur
915 1839 1068 1880 Principes
1078 1839 1172 1870 Sacer-

289 1892 396 1924 dotum
404 1887 608 1932 pronuntiaffe
631 1890 858 1921 immolationem
870 1887 999 1928 Chrtfli,
1027 1888 1174 1928 dicentes,

287 1945 370 1975 Reus
394 1939 432 1982 est
459 1943 564 1973 mortis
589 1940 654 1973 ciem
675 1937 774 1972 adhuc
787 1943 819 1971 in
831 1939 914 1971 domo
926 1937 1076 1980 Pontificis
1091 1939 1172 1971 audi·

288 2000 373 2026 retur
387 2015 394 2022 .
421 1990 507 2024 Unde
529 1997 720 2033 congruenter
734 1994 880 2030 accipitur
899 1988 971 2022 inde*
981 1987 1170 2032 coepiffeprae·

285 2040 474 2084 parationem
487 2045 553 2074 veri
568 2037 713 2083 Paschae,
738 2041 823 2080 cujus
839 2037 944 2071 umbra
968 2047 1033 2071 erat
1058 2036 1173 2080 Pascha

285 2095 318 2138 J
321 2091 473 2125 udaeorum
487 2114 498 2131 ,
523 2091 561 2123 id
581 2090 641 2130 est,
662 2091 870 2123 immolationis
897 2087 1029 2128 Christi,
1055 2099 1092 2121 ex
1117 2099 1174 2130 quo

289 2143 311 2175 ἃ
337 2139 544 2175 sacerdoribus
565 2144 780 2181 pronuntiatus
808 2137 847 2177 est
874 2137 1071 2170 immolandus
1094 2160 1102 2169 .
1130 2138 1173 2171 Et

290 2202 331 2225 ex
355 2187 445 2224 hisce
468 2188 639 2233 principiis
664 2187 889 2231 prosequitur:
919 2186 1057 2229 Profed'a
1078 2186 1117 2220 ab
1138 2198 1173 2221 ea

290 2239 383 2275 no'ffls
406 2239 503 2279 hora,
529 2247 599 2282 quae
619 2247 691 2272 tunc
701 2249 779 2271 nona
787 2237 874 2280 fuiffe
885 2238 1060 2277 conjicitur,
1084 2234 1175 2279 usque

290 2292 337 2324 ad
356 2289 460 2323 boram
487 2289 548 2322 diei
570 2293 714 2327 tertiam,
740 2298 799 2329 qua
823 2286 993 2328 crucifixum
1012 2286 1067 2330 effe
1088 2285 1175 2319 clm·-

286 2341 366 2382 flr'e'm
390 2342 511 2371 Marciis
538 2336 733 2381 Evangelista
758 2336 903 2378 testatur,
923 2335 981 2380 sex
992 2334 1171 2379 horaesunt,

291 2401 354 2423 tres
369 2389 520 2422 noeurnae
536 2413 546 2429 ,
570 2388 605 2422 Θ
616 2396 678 2421 tres
703 2387 822 2420 diurnae
836 2410 844 2419 .
869 2387 954 2421 Unde
972 2391 1005 2420 in
1014 2384 1069 2419 bac
1080 2388 1175 2419 Para·

275 2450 279 2455 ¹
290 2439 377 2485 sceve
398 2436 544 2482 Pafthae,
569 2438 605 2471 td
625 2436 664 2479 est
679 2462 690 2479 ‚
715 2441 940 2479 praeparatione
966 2436 1175 2469 immolationis

292 2487 424 2531 Christi,
435 2496 502 2532 q'uae
512 2488 550 2521 ab
560 2488 633 2521 hora
646 2487 738 2520 noctis
751 2498 829 2520 nona
839 2494 968 2528 coeperat
980 2510 991 2525 ,
1016 2483 1165 2528 quafisex-

296 2549 330 2574 ta
346 2539 492 2584 ag‘ebatur
513 2538 586 2571 hora
598 2563 609 2579 ,
635 2539 670 2571 id
678 2537 738 2578 est,
760 2536 885 2579 peratla
906 2540 1013 2579 quinta
1026 2532 1173 2578 jamsex-

296 2599 330 2624 ta
350 2599 464 2625 currere
483 2595 632 2632 ceperat,
656 2588 775 2631 quando
801 2588 921 2620 Pilatus
931 2586 1071 2620 tribunal
1076 2583 1171 2629 asi-en·

837 2794 1352 2846 CANON

1240 737 1304 770 dies
1317 738 1337 770 5
1337 736 1462 771 abbatbt
1466 736 1664 782 sequebatur,
1696 739 1885 785 Parasceven
1891 742 1979 787 suiffe
1991 742 2117 788 Pafhbae

1233 787 1404 832 Judeorum
1419 811 1431 828 ,
1457 790 1538 831 quod
1566 789 1607 823 ab
1629 791 1726 824 eodem
1749 791 1899 826 Sabbatha
1913 795 1986 835 jam
2005 799 2117 837 incipe-

1239 846 1307 870 rem
1332 843 1463 879 azima,
1484 837 1544 883 sed
1569 848 1671 874 tamen
1689 851 1795 876 verum
1817 839 1956 886 Pascha,
1981 845 2061 887 quod
2080 850 2115 878 tn

1236 887 1358 930 pafflone
1381 889 1673 935 Dominigerebatur
1694 914 1705 931 ,
1731 903 1790 925 non
1814 894 2000 937 Judaeorum
2022 918 2033 935 ,
2059 893 2116 939 {ed

1239 936 1475 986 Christianorum
1485 964 1497 981 ‚
1522 939 1631 985 πρωὶ·
1638 948 1831 984 praeparari,
1857 943 1893 975 id
1902 943 1942 984 est
1953 969 1965 986 ‚
1973 943 2116 988 Parasce-

1239 999 1300 1022 ven
1314 987 1430 1023 ”habere
1440 1014 1451 1030 ‚
1476 988 1516 1022 ab
1526 989 1599 1023 bora
1610 991 1704 1024 nodis
1716 1003 1794 1025 nona
1804 1016 1817 1033 ,
1843 997 1876 1026 in
1886 1004 1918 1027 eo
1926 995 2007 1037 quod
2015 996 2117 1028 Domi-

1240 1049 1296 1072 nus
1308 1039 1329 1070 ἃ
1339 1041 1372 1084 J
1374 1039 1470 1072 udaels
1480 1040 1899 1084 occidenduspraeparabam
1909 1069 1917 1076 .
1943 1043 2115 1088 Parafieve

1238 1090 1348 1131 quipp&
1368 1094 1586 1131 interpretatur
1601 1097 1778 1133 preparatio
1788 1117 1795 1124 .
1824 1091 1870 1125 Ab
1890 1093 1944 1127 itta
1960 1105 2026 1138 ergo
2036 1106 2115 1128 nona

1238 1138 1331 1172 notus
1345 1138 1418 1172 bora
1438 1137 1528 1183 usque
1544 1141 1592 1173 ad
1607 1141 1673 1182 ejus
1684 1142 1900 1184 crucifixionem
1906 1148 2029 1178 occurrit
2040 1143 2115 1178 bora

1239 1187 1423 1232 Parasi-eves
1440 1187 1532 1233 sexta
1551 1188 1714 1234 secundam
1716 1195 1898 1237 joannem,
1923 1192 2048 1228 &hora
2056 1194 2115 1226 diet

1239 1244 1330 1272 tertia
1345 1236 1509 1281 secundam
1529 1242 1666 1274 Marcum
1680 1253 1689 1274 ι
1715 1246 1756 1276 Ut
1768 1253 1826 1276 non
1839 1245 1960 1277 Marcus
1969 1242 2073 1278 horam
2082 1244 2117 1278 il-

1238 1289 1300 1320 lam
1319 1289 1504 1321 recordatam
1528 1290 1752 1332 recapitulando
1772 1299 2029 1334 commemorarit,
2054 1305 2117 1337 qua

1237 1338 1404 1371 clamarunt
1425 1338 1536 1380 Judaea
1552 1362 1563 1379 ,
1588 1339 1735 1384 crucifige
1755 1365 1767 1382 ,
1791 1342 1921 1386 cnecifige
1942 1367 1954 1384 ‚
1975 1342 2036 1386 sed
2050 1353 2117 1377 eam

1234 1385 1355 1431 prorsus
1379 1385 1483 1421 boram
1507 1391 1628 1422 tertiam
1646 1389 1762 1423 dixerit
1771 1412 1783 1430 ,
1807 1400 1866 1433 qua
1877 1393 2024 1425 Dominus
2034 1390 2119 1434 essfi-

1238 1448 1298 1470 xus
1322 1443 1356 1470 in
1379 1437 1474 1481 ligno.
1505 1440 1586 1482 ,Quis
1602 1438 1704 1481 fideles
1714 1450 1772 1472 non
1782 1438 1965 1482 buu-faveae
1976 1439 2118 1485 solutioni

1236 1486 1428 1535 quaestionls?
1453 1489 1487 1520 Si
1507 1487 1594 1521 moda
1609 1488 1693 1530 poffit
1711 1490 1822 1531 aliquIs
1844 1491 1992 1524 articulus
2012 1493 2118 1532 conjici

1237 1536 1276 1569 ab
1290 1536 1362 1570 hora
1373 1547 1452 1570 nona
1461 1536 1554 1570 nodis
1567 1560 1578 1577 ‚
1594 1538 1673 1572 unde
1685 1538 1795 1582 coepiffe
1807 1537 1993 1582 Parasi-even
2003 1539 2118 1584 Paschae-

1201 1588 1211 1590 ”
1239 1586 1347 1628 nostri,
1371 1585 1472 1627 idest,
1491 1591 1753 1630 ‘praeparationem
1776 1594 1882 1623 mortis
1892 1587 2024 1632 christi,
2051 1601 2119 1624 con-

1232 1644 1372 1681 gruenter
1381 1638 1585 1682 intelligamus
1597 1662 1605 1670 .
1628 1636 1755 1673 Lucide
1764 1637 1931 1675 adseverat
1943 1641 1978 1675 &
1989 1639 2118 1675 umbra-

1238 1687 1294 1721 tici
1305 1687 1339 1721 δε
1351 1685 1416 1721 veti
1426 1686 1472 1721 Pa
1477 1685 1612 1722 scehatis
1622 1686 1817 1723 parasceven
1829 1688 2000 1725 cucurrisse
2010 1690 2118 1730 simul,

1238 1747 1414 1781 utrumque
1437 1737 1532 1771 fuiffe
1553 1737 1680 1772 sextam
1699 1738 1837 1781 feriam,
1863 1737 2120 1782 &Azymorum

1236 1786 1470 1823 comestionem
1492 1786 1580 1831 prius
1600 1786 1618 1821 a
1641 1786 1808 1824 Sabbatho
1832 1788 1981 1834 coepiffe.
2008 1789 2120 1824 Adfir-

1236 1848 1303 1872 mat
1317 1836 1402 1872 hanc
1414 1838 1476 1872 efl'e
1487 1836 1700 1881 plurimorum
1723 1839 1936 1874 sententiam.
1964 1838 2019 1873 Ex
2049 1849 2119 1882 quo

1239 1888 1330 1923 vides
1353 1888 1546 1922 sententiam
1558 1912 1570 1929 ,
1598 1898 1667 1933 qut.
1678 1887 1794 1924 adserit
1810 1888 1983 1933 Iudaicum
1993 1887 2118 1926 Pascha

1234 1937 1301 1972 alio
1329 1937 1383 1972 die
1407 1938 1426 1972 a
1452 1935 1588 1973 Christo
1612 1938 1767 1974 Domino
1791 1963 1804 1981 ,
1829 1938 1898 1974 alio
1923 1938 2017 1973 fuisse
2035 1938 2117 1974 cele-

1235 1988 1364 2023 bratum
1384 1987 1403 2023 ὲ
1425 1986 1567 2032 Judaeis,
1593 1998 1663 2023 non
1685 1989 1764 2024 solis
1784 1988 1930 2030 Gracis,
1955 1987 2010 2025 ssed
2030 1987 2116 2023 insu-

1237 2049 1290 2082 per
1302 2037 1455 2082 placuifl‘e
1466 2037 1615 2082 plurimis
1622 2039 1754 2074 Latinis
1763 2062 1775 2079 ‚
1795 2038 1919 2084 ipfique
1928 2037 2028 2074 etiam
2038 2038 2116 2072 San-

1236 2090 1288 2123 Oto
1299 2087 1493 2134 Augustino
1505 2101 1513 2121 ε
1536 2087 1701 2123 Existimo
1710 2098 1788 2124 ante
1800 2088 2021 2124 schismaticas
2027 2089 2116 2124 (ἰω-

1235 2148 1349 2173 corum
1374 2137 1415 2172 de
1444 2135 1580 2180 Azymo
1598 2138 1633 2172 δε
1655 2138 1818 2174 fermento
1838 2138 1912 2174 lites
1922 2138 2017 2173 fuifle
2025 2138 2118 2174 com-

1236 2187 1457 2223 muuiffimam
1484 2187 1519 2222 in
1542 2188 1637 2223 omni
1660 2188 1803 2224 Ecclesia
1821 2213 1829 2220 .
1857 2187 2118 2234 Evangeliorum

1234 2238 1324 2272 enim
1337 2245 1511 2271 contextus
1521 2236 1568 2271 est
1578 2237 1726 2271 lucidus.
1752 2237 1866 2279 Objici
1878 2237 1974 2280 poffit
1985 2260 1998 2277 ,
2023 2236 2117 2280 quod

1236 2285 1386 2322 Paschali
1405 2283 1574 2320 festivitati
1598 2284 1652 2320 lex
1677 2296 1746 2320 non
1756 2283 1954 2329 adscripserit
1967 2283 2116 2321 ‘Parasce-

1238 2347 1320 2372 ven.
1348 2334 1530 2370 Rationem
1541 2334 1598 2370 dat
1610 2335 1693 2370 liber
1702 2334 1835 2370 Exodi:
1857 2333 1952 2369 Nihil
1959 2335 2117 2378 operisse-

1237 2390 1319 2421 cietls
1347 2391 1381 2419 in
1402 2390 1444 2419 eis
1457 2409 1469 2425 ,
1492 2390 1623 2429 exceptis
1645 2385 1825 2429 bisquaead
1843 2384 2119 2429 vesi-endumpertt-

1238 2445 1329 2470 nent.
1351 2435 1396 2470 Et
1407 2433 1491 2470 istud
1501 2445 1731 2480 argumentum
1743 2433 1879 2479 quidam
1892 2433 1995 2470 hodie
2004 2434 2119 2480 magni

1238 2486 1381 2521 faciunt.
1403 2483 1604 2529 Respondet>
1614 2484 1657 2520 ab
1669 2484 1731 2520 hac
1740 2485 1851 2532 regula
1860 2485 1967 2532 excipi
1976 2482 2120 2527 Pascha,

1240 2535 1330 2582 quod
1342 2533 1479 2571 cadebat
1500 2536 1535 2570 in
1550 2533 1752 2571 Sabbathum
1762 2560 1772 2568 .

1456 2797 1576 2843 IX.

2130 674 2223 710 (λη.

2130 2315 2226 2348 0012-

425 2939 466 2986 T
502 2937 643 2985 nullus
679 2935 829 2985 Abbas
863 2938 1072 2987 Decimas
1105 2939 1149 2986 &
1183 2932 1404 2981 Primitias
1432 2969 1445 2997 ‚
1480 2937 1525 2984 &
1555 2934 1726 3000 reliqua
1753 2922 1856 2998 ‘quae
1888 2926 2126 2981 secundum

460 3012 632 3058 Statuta
667 3012 898 3056 Canonum
934 3006 990 3056 ad
1026 3005 1262 3075 Episcopos
1294 3006 1511 3073 pertinent
1553 3039 1567 3065 ‚
1612 3003 1701 3052 fine
1733 3001 2000 3052 authoritate
2033 3003 2128 3050 Ro-

305 3080 425 3127 mani
461 3076 693 3130 Pontificis
748 3114 762 3138 ,
817 3075 891 3127 seu
925 3076 1128 3147 Episcopi
1162 3075 1367 3127 consensu
1398 3113 1414 3138 ,
1457 3077 1505 3126 in
1536 3078 1657 3141 cujus
1680 3072 1872 3125 Dioecefi
1906 3071 2077 3124 habitat
2107 3080 2125 3132 ¹5

307 3147 499 3202 detineat
533 3186 548 3214 ,
596 3146 848 3218 Apostolica
881 3146 1094 3200 sanctione
1129 3146 1374 3199 firmamus.

962 3284 1494 3423 {³32}ssssssssssss

1946 3477 2084 3514 scs—10-
