2352 3756
578 87 648 117 ite
685 83 880 145 sAr1ss
903 83 973 132 ac
993 82 1218 114 nouum
1254 70 1731 120 INDULGENrrts.

239 162 286 196 tia
306 161 347 196 ab
367 157 522 196 omnibus
544 156 678 192 terrenis
690 155 878 191 amoribus:
906 154 999 188 Hinc
1023 153 1121 188 infert

220 211 384 254 Papam,
410 212 464 255 qui
477 211 536 244 ista
550 209 638 242 dona
651 220 719 242 non
743 206 838 250 poffit
861 204 1050 245 infundere,
1075 214 1122 239 et-

237 262 304 302 iam
314 261 437 296 donare
450 272 517 295 non
530 259 617 303 poffe
630 257 739 301 plenas
760 255 987 299 indulgentias
997 279 1004 287 .
1037 255 1121 302 Qae

237 312 293 346 sua
306 312 393 346 sensa
407 310 579 345 confirmat
593 318 648 352 per
667 306 787 347 multos
809 305 980 341 articulos.
1009 305 1120 341 Etiam

237 371 292 404 per
303 359 382 395 hos:
411 366 518 403 Neque
540 360 739 393 Praelatorum
750 355 937 395 authoritas,
963 365 1054 397 neque
1068 357 1121 388 Sa·

235 420 452 446 erameniorum
462 415 579 446 veritas
590 415 622 442 in
633 407 687 441 bac
697 413 764 441 vita
773 412 932 438 immunem
943 404 1120 445 constituunt

236 463 400 503 apeccato.
427 464 492 504 ‚Qui
504 472 560 494 non
582 458 675 501 potest
687 463 847 490 immunem
868 456 888 487 ἃ
897 462 1018 496 peccato
1039 463 1120 496 repe-

240 516 320 551 rire,
345 522 403 544 non
422 510 516 553 potest
536 516 693 542 immunem
714 508 865 540 decernere
879 529 887 536 .
918 505 1048 548 Utique
1061 505 1119 539 do-

236 560 348 594 nando
373 561 485 604 plenas
506 558 749 602 indulgentias.
778 556 872 589 Hinc
884 565 925 588 ex
946 555 1003 588 ista
1016 554 1117 589 dona-

235 609 329 644 tione
339 610 381 644 fic
395 610 493 645 infert
515 611 549 644 ἀ
560 616 823 653 argumentatur:
851 603 946 644 Potest
954 610 1046 647 igitur
1058 606 1117 636 Pa-

232 658 417 702 papersuas
427 662 633 703 Indulgentias
646 660 771 690 Divinae
788 654 924 700 Justitiae
936 678 947 694 ,
973 658 1117 689 Divina·

235 719 290 751 que
310 708 515 754 Misericordiae
534 711 689 752 derogare.
716 707 775 740 Sed
794 705 846 739 boc
866 704 904 744 est
927 702 1090 745 impaeffibile
1105 727 1115 743 ,

234 756 291 799 nist
297 762 378 793 Deus
384 761 558 805 praejudicet
570 762 695 791 Divinae
705 758 867 797 Sapientiae
877 767 889 786 :
909 755 969 786 Sed
979 752 1030 785 boc
1041 763 1113 784 non-

233 806 345 851 m'fiper
351 817 508 851 propriam
514 808 672 848 stultitiam
698 806 881 838 &errorum
913 803 1006 845 ,Quod
1018 801 1049 843 fi
1059 802 1113 844 fa-

232 862 315 898 ciat,
337 858 511 902 fiandalum
526 856 644 898 prabet
664 852 772 895 pufillt's
784 877 791 885 .
818 852 955 887 Nostras
975 863 1031 895 pro
1045 863 1113 895 pec-

231 907 314 941 catis
335 908 563 944 satisfactiones
582 906 719 939 affirmat
731 902 862 937 Divinae
884 901 1047 945 Maiestati
1059 901 1113 937 de-

232 955 299 990 beri
321 971 363 993 ex
388 957 493 1003 rigida
513 955 655 999 justitia,
682 955 763 998 ipsas
774 963 843 986 non
863 952 921 986 nisi
934 963 989 995 per
1011 952 1111 995 ipsam

231 1008 391 1046 Divinam
406 1005 664 1042 Misericordiam
678 1003 798 1037 remitti
811 1003 897 1045 posse
923 1013 980 1036 aut
997 1012 1114 1046 tempe-

231 1057 292 1092 rari
304 1083 314 1098 ,
341 1058 482 1101 ideoque
495 1055 559 1091 hoc
569 1064 786 1089 attentantem
800 1054 921 1096 Papam
943 1053 977 1092 in
993 1062 1113 1086 utrum-

230 1115 295 1148 que
319 1108 448 1142 Divinae
470 1106 581 1152 glotiae
603 1104 812 1138 Attributum
832 1100 986 1136 excedere
1007 1128 1014 1135 .
1042 1103 1110 1148 Qi

228 1154 307 1188 libri
342 1158 502 1201 perierunt
535 1181 547 1197 ,
583 1163 691 1199 praeter
725 1152 927 1196 Apologiam
964 1151 1110 1185 adversus

229 1204 386 1248 jacobum
408 1207 610 1251 Angularem
638 1228 649 1244 ‚
685 1202 930 1237 Naelduicensis
966 1201 1111 1235 Ecclefiae

228 1255 402 1291 Decanum
416 1257 470 1301 qui
483 1254 707 1299 indulgentias
719 1264 832 1287 contra
846 1252 950 1295 ipsum
961 1250 1109 1286 defende·

228 1315 296 1338 rat.
323 1307 423 1341 Hanc
436 1331 446 1347 ,
471 1317 508 1340 ac
527 1306 625 1339 etiam
636 1304 822 1345 desumptus
841 1312 881 1335 ex
904 1301 975 1334 aliis
994 1301 1062 1343 ejus
1075 1302 1106 1334 li·

231 1352 296 1388 bris
318 1357 422 1399 plures
441 1356 553 1391 devios
577 1354 728 1388 articulos
764 1351 912 1396 vulgavit
945 1350 1109 1385 Melchior

230 1403 426 1440 Goldastus.

281 1456 419 1491 Martini
442 1452 579 1489 Lutheri
603 1452 723 1486 haerefis
742 1451 787 1486 est
806 1449 964 1485 omnibus
980 1448 1110 1484 abunde*

230 1515 330 1541 nota.
358 1505 589 1540 Grassabantur
612 1513 692 1536 tunc
703 1501 806 1545 piures
827 1499 1108 1544 indulgentiarum

229 1556 348 1592 abusus
358 1581 366 1589 .
393 1556 445 1589 Ex
457 1555 507 1589 his
519 1554 574 1587 ille
586 1552 720 1595 arripuit
731 1552 841 1585 ansam
853 1550 895 1584 ad
916 1550 1110 1595 impugnan-

228 1606 304 1641 dam
320 1608 456 1649 ipsarum
469 1603 566 1638 etiam
579 1602 786 1641 substantiam
798 1625 806 1633 .
834 1600 926 1634 Hinc
939 1601 1043 1643 lapsus
1063 1601 1107 1633 est

229 1657 306 1691 &in
320 1656 402 1690 alios
409 1664 530 1688 errores
543 1677 550 1684 .
579 1651 664 1684 Rem
677 1649 830 1684 describit
850 1650 883 1683 in
896 1649 981 1682 libro
992 1650 1032 1682 de
1044 1648 1107 1681 bel-

229 1707 264 1739 lo
285 1706 502 1741 Smalcaldico
526 1701 711 1745 Joachimus
735 1698 938 1733 Camerarius
960 1710 967 1730 :
995 1701 1108 1731 Motum

227 1755 266 1796 est
291 1755 342 1789 boc
361 1754 541 1790 Lutherani
562 1750 744 1785 schismatis
769 1754 912 1792 negotium
923 1747 1058 1780 abinitto
1068 1759 1106 1780 ex

228 1807 370 1847 improbis
397 1806 430 1838 Θ
450 1805 494 1836 ad
515 1801 655 1844 quaestum
673 1804 795 1841 paratis
817 1797 1078 1831 nundinationibus
1091 1809 1105 1838 ;

227 1857 292 1889 cum
307 1856 439 1889 nonnulli
457 1854 585 1886 audaces
598 1874 609 1890 ‚
635 1850 686 1882 vel
690 1850 788 1890 potius
809 1848 997 1889 impudentes
1019 1847 1105 1879 homi·

227 1916 277 1938 nes
291 1928 301 1944 ‚
327 1911 441 1937 nomine
463 1905 557 1943 Papa
568 1900 759 1932 abuterentur
785 1898 827 1929 ad
837 1897 1021 1938 decipiendos
1037 1895 1104 1936 fim-

222 1956 315 1998 plices
342 1956 378 1989 ό·
397 1949 541 1996 religiosos
553 1954 716 1983 Germanos
731 1973 742 1988 ,
769 1958 806 1980 ex
829 1958 950 1989 quorum
967 1945 1106 1988 supersti-

225 2013 302 2039 tione
322 2004 480 2038 mercedem
500 2000 606 2044 sponte
616 1998 742 2031 oblatam
756 1997 800 2029 illi
820 2007 963 2038 tanquam
970 1995 1103 2036 fruc‘lum

225 2057 355 2098 aliquem
378 2054 559 2096 colligerent.
588 2049 720 2081 Horum
733 2045 940 2092 Qaestorum
963 2044 1101 2079 insolen-

226 2108 288 2139 tias
308 2103 467 2147 exponit,
491 2109 589 2142 atque
608 2096 831 2140 prosequitur:
858 2094 983 2127 Venales
999 2101 1101 2135 propo-

225 2155 373 2190 nebantur
385 2149 590 2193 defunt‘lorum
600 2152 710 2179 animae
720 2170 730 2186 ‚
755 2156 830 2187 quas
841 2143 947 2177 licebat
958 2144 1102 2176 redimere
1126 2159 1129 2163 ·

223 2214 300 2241 certo
316 2202 410 2246 soluto
426 2206 525 2243 pretio
537 2222 548 2237 ‚
572 2198 738 2238 &peccatis
746 2193 811 2237 suis
822 2191 942 2236 quisque
953 2191 1101 2235 qualibus-

222 2263 343 2296 cumque
354 2251 431 2284 hanc
441 2253 562 2283 veniam
571 2251 730 2287 impetrare
737 2253 856 2285 poterat
878 2251 1032 2276 numerata
1047 2250 1100 2283 pe-

222 2311 333 2343 cunia,
357 2309 506 2345 quantam
529 2295 641 2337 institor
658 2294 792 2335 petebat.
822 2298 861 2326 Ac
872 2298 982 2326 nummi
992 2292 1098 2325 collec‘li

222 2356 262 2388 ab
284 2354 344 2387 ilis
365 2346 591 2394 negotiatoribus
613 2342 834 2387 insumebantur
844 2349 877 2376 in
898 2348 1004 2376 varias
1016 2343 1098 2375 volu-

219 2413 324 2448 ptates
339 2426 349 2442 ,
374 2401 439 2434 cum
460 2398 497 2431 de
509 2402 721 2432 Germanorum
725 2393 895 2434 stolidorum
913 2392 1015 2434 opibus
1035 2397 1098 2423 am·-

224 2468 270 2488 mo
280 2454 323 2486 illi
334 2457 428 2494 quieto
438 2446 629 2487 delicatifflme*
639 2451 799 2478 viverent.
826 2445 894 2476 Haec
906 2450 1006 2475 autem
1027 2452 1096 2474 mer-

223 2515 326 2538 catura
347 2498 505 2535 vocabatur
527 2501 619 2531 venta
637 2502 821 2537 peccatorum
843 2517 851 2524 .
880 2492 965 2539 Qae
983 2491 1097 2525 omnia

221 2557 319 2588 etiam
331 2549 463 2585 adducit
475 2548 508 2581 in
522 2547 576 2580 sua
586 2544 627 2579 ad
640 2544 824 2578 Adrianum
851 2542 974 2576 sextum
986 2541 1099 2574 Ponti·

221 2606 317 2638 ficem
337 2599 500 2644 legatione
524 2597 558 2630 δε
580 2593 784 2636 querimonia
811 2589 1098 2633 Nurembergenfis

222 2654 463 2687 Germanorum
484 2646 659 2679 Procerum
685 2642 879 2676 Conventus
897 2666 904 2674 .
946 2641 1098 2675 Affirmat

221 2703 359 2743 harum,
383 2697 556 2742 &quidem
568 2694 678 2737 saepius
690 2693 896 2730 iteratarum,
921 2690 1098 2735 Indulgen-

222 2757 343 2788 tiarum
364 2752 474 2784 fucum
497 2745 588 2781 fuiffe
619 2744 778 2777 Rornanae
802 2738 887 2774 urbis
912 2741 1098 2784 reparandas

224 2803 374 2837 Basilicas
402 2823 411 2839 ‚
438 2809 478 2831 au
501 2794 706 2829 inferendum
729 2791 852 2825 Turcis
873 2788 1018 2830 bellurn,
1043 2801 1098 2833 per

222 2854 304 2896 ipsas
314 2860 447 2886 omnem
457 2844 640 2881 Germania:
664 2842 697 2875 &
711 2840 879 2884 pecuniam
898 2839 931 2872 ἀ
946 2840 1098 2882 pietatem

222 2903 286 2937 effe
298 2898 484 2935 exhaustam
499 2921 509 2937 ,
535 2895 698 2929 inductam
711 2900 844 2924 omnem
855 2890 1027 2923 criminum
1039 2889 1096 2923 im-

223 2961 344 2996 punem
365 2948 530 2982 licentiam
544 2969 555 2986 ,
579 2945 612 2978 &
631 2952 764 2977 ornnem
788 2938 875 2972 hunc
896 2939 1048 2982 quaestum
1062 2942 1095 2975 in

224 3003 453 3036 Romanorum
486 2995 687 3029 Pontificum
723 2988 985 3033 consanguineos
1013 2989 1096 3023 male

223 3049 366 3097 periisse.
393 3045 534 3081 Eosdem
544 3043 684 3079 excessus
703 3038 856 3075 acerrime
879 3040 1093 3074 insectaturin

224 3098 396 3137 Citizenfis
417 3095 565 3130 Ecclefiae
585 3091 755 3127 Chronico
777 3088 897 3123 Paulus
921 3089 1065 3133 Langius
1082 3114 1093 3131 ,

196 3135 197 3138 Ἴ
222 3152 309 3189 circa
329 3144 466 3181 Martini
489 3141 628 3180 Lutheri
647 3139 827 3175 doetrinam
859 3139 991 3182 cespitat
1014 3164 1024 3180 ,
1051 3149 1094 3174 at-

82 3215 205 3251 &¹5¹3-

223 3214 285 3247 que
307 3194 472 3242 adjungit:
500 3194 560 3227 Sed
579 3203 644 3226 cum
659 3189 729 3234 sui,
756 3191 867 3232 &egb
886 3199 961 3221 more
978 3187 1094 3231 fitspen'·

219 3252 271 3297 [ω
287 3250 442 3283 multorum
456 3269 468 3285 ‚
494 3249 543 3286 qui
568 3240 656 3284 usque
677 3248 733 3282 per
759 3244 959 3272 oecumenicum
993 3242 1092 3272 Conci-

219 3304 318 3339 lmm,
343 3298 417 3341 quid
437 3301 470 3328 in
493 3303 556 3327 tam
581 3291 679 3325 ardua
700 3300 733 3322 re
743 3290 901 3322 tenendum
912 3287 974 3328 fit,
999 3289 1092 3322 decre-

221 3362 286 3386 tum
298 3349 417 3392 fuerit,
441 3352 570 3388 paratus
593 3339 783 3375 nibilominus
811 3340 844 3373 (ε’
857 3339 939 3372 modo
964 3339 998 3373 (9·
1016 3337 1091 3383 sem-

1901 77 1999 137 287

1177 161 1234 196 per
1251 156 1272 186 ἃ
1296 154 1372 187 νεᾶέ
1394 152 1579 195 sapientibus
1602 161 1716 201 doceri,
1742 151 1865 203 quorun]
1881 168 1973 196 etiam
1985 187 1996 203 ‚
2022 165 2058 198 θ

1179 203 1350 245 potiffimum
1362 207 1506 237 Romana
1518 207 1650 245 Ecclefiae
1653 210 1766 247 judicio
1773 210 1888 253 scripta
1903 224 1971 245 mea
1988 224 2062 246 en..-

1181 254 1566 297 minanda'&corrigenda
1573 253 1709 297 subjicio.
1740 261 1865 295 Omnes
1885 263 2057 305 praesertim
2103 262 2110 269 ⁴

1182 313 1359 349 queruntur
1380 304 1465 338 circa
1485 305 1627 339 excessus
1648 304 1682 336 in
1703 306 1924 344 def-suetorum
1947 310 2057 345 Indui-

1181 354 1318 399 gentiis.
1346 353 1541 402 Qosipsos
1551 363 1665 389 contra
1686 354 1806 389 Calixti
1819 360 1904 393 tertii
1931 361 2056 406 &Julii

1183 404 1313 442 secundi
1333 405 1478 439 excessus
1500 406 1609 448 paucis
1622 414 1698 438 ante
1709 404 1892 441 Lutherum
1913 412 2003 444 annis
2012 412 2057 445 fe·

1181 465 1266 489 cerat
1289 454 1428 499 Legatio
1453 454 1658 497 Imperatoris
1671 454 1914 489 Maximiliani.
1941 458 2057 493 Exces-

1181 506 1233 541 sus
1253 504 1378 540 videtur
1401 504 1563 548 incoepisse
1590 505 1608 538 a
1636 504 1808 539 Clemente
1834 505 1951 549 quinto
1972 530 1982 546 ,
2016 509 2057 542 de

1179 566 1246 597 quo
1261 554 1368 589 scribit
1390 554 1529 597 Joannes
1547 555 1723 588 Weffelus:
1752 554 1889 591 Dodores
1915 555 2059 597 Parifien·

1173 603 1221 646 ses
1235 611 1432 638 temeritatem
1441 605 1527 637 illam
1539 605 1657 648 Angelis
1679 609 1711 637 in
1730 606 1796 638 eoelo
1813 610 2056 648 praecipientetn‚

1176 654 1430 695 reprehenderunt
1458 656 1492 688 ά
1511 663 1701 688 correxerunt
1719 678 1731 694 ,
1759 660 1809 697 qus*
1829 665 1908 689 cruce
1926 654 2057 699 signatis

1176 705 1220 736 ad
1227 715 1324 738 eorum
1336 714 1408 739 vota
1419 713 1480 737 tres
1507 706 1560 738 vel
1569 713 1695 747 quatuor
1718 710 1836 738 animas
1859 716 1897 738 ex
1914 713 2059 750 purgato-

1174 759 1235 794 rio,
1261 766 1337 797 quas
1354 755 1488 795 vellent,
1511 754 1727 799 elargiebatur.
1761 754 1804 788 Et
1832 754 1867 788 in
1890 755 1957 790 alio
1977 754 2058 798 ejus-

1174 802 1248 839 dem
1259 804 1407 839 adversus
1429 804 1588 848 Jacobum
1612 803 1814 849 Angularem
1835 804 1909 838 libri
1926 805 2055 849 capite:
2108 837 2118 845 ,

1177 854 1285 885 Palam
1307 855 1570 895 Reverendiffimus
1591 856 1641 888 ille
1662 853 2057 889 FlorentinorumArchi-

1174 904 1343 946 episcopus
1365 930 1377 946 ,
1411 907 1445 939 ἐν
1475 917 1602 949 magnus
1626 905 1885 948 Indulgentiarum
1922 902 2056 949 deftnsor

1175 956 1340 986 Antoninus
1361 954 1516 997 confitetur
1542 960 1639 996 copias
1654 955 1814 987 Bullarum
1834 956 1993 989 Clementis
2013 964 2056 987 to-

1173 1011 1236 1035 tam
1255 1009 1398 1037 continere
1411 1003 1640 1038 exorbitantiam
1651 1029 1661 1045 ,
1687 1006 1769 1047 quod
1777 1016 1836 1037 non
1858 1006 1959 1038 credat
1963 1003 2054 1047 suffe

1175 1053 1305 1085 bullatas
1318 1078 1325 1086 .
1353 1057 1433 1097 ,Qua-²
1454 1064 1554 1087 tamen
1579 1054 1666 1087 hodie
1686 1058 1810 1088 Vienna·
1827 1077 1837 1093 ‚
1866 1057 2055 1093 Lemovicts,

1177 1103 1333 1144 Pic‘lavts‚
1357 1103 1522 1145 plumbata
1533 1110 1566 1136 in
1581 1103 1717 1146 thesauro
1722 1105 1944 1147 privilegiorum
1964 1102 2055 1145 refer«

1176 1164 1309 1185 vantur.
1336 1153 1448 1187 Plures
1469 1154 1598 1187 exstant
1617 1152 1734 1187 similes
1744 1154 1842 1189 etiam
1865 1151 2055 1189 Catholico-

1177 1214 1245 1236 rum
1260 1202 1471 1245 querimoniae
1484 1227 1492 1235 .
1540 1213 1541 1216 ¹

1377 1431 1733 1478 CAPUT
1803 1435 1859 1480 V.

1207 1569 1493 1634 Demonstratur
1526 1569 1844 1636 Indulgentiarum
1878 1569 2024 1622 donatio

1357 1637 1460 1703 fia'fflr
1496 1640 1638 1704 usitata
1672 1644 1785 1687 etiam
1821 1641 1871 1688 ab

1508 1707 1687 1775 Apostolis
1700 1744 1713 1755 .

1171 1845 1385 1959 OEaestio
1411 1847 1513 1891 prima
1535 1847 1604 1887 est,
1631 1846 1687 1881 An
1710 1849 1743 1881 in
1758 1823 1871 1882 'Sacris
1884 1849 1974 1883 Novi
1989 1850 2057 1886 Το

1290 1897 1439 1931 stamenti
1461 1898 1575 1931 litteris
1601 1898 1689 1931 nulla
1711 1897 1749 1931 fit
1771 1898 2054 1943 indulgentiarum

1212 1974 1216 1980 ,
1316 1948 1487 1982 memoria?
1498 1949 1674 1981 Rationem
1685 1947 1859 1982 dubitandi
1873 1950 1950 1983 facit
1966 1951 2054 1985 idem

1165 1996 1300 2029 Sanfius
1311 1998 1512 2038 Antoninus,
1525 1997 1564 2031 de
1575 2008 1641 2038 quo
1655 1999 1798 2041 Joannes
1813 2000 1974 2033 Weffeius
1988 2012 2054 2043 per-

1164 2044 1233 2088 git:
1260 2046 1472 2087 StudIofiffimus
1489 2047 1537 2080 ille
1547 2046 1797 2091 chronographus
1810 2052 1976 2083 Antoninus
1984 2053 2053 2092 ph

1165 2095 1203 2126 ne=
1213 2094 1364 2136 confitetur
1375 2094 1410 2136 se
1420 2097 1549 2128 nondum
1561 2098 1701 2138 inveniffl’
1713 2121 1724 2136 ,
1752 2100 1873 2138 quando
1894 2102 2051 2144 Indulgen-

1164 2149 1218 2176 tiae
1229 2142 1385 2177 habuerint
1407 2151 1543 2176 initium.
1573 2145 1613 2178 Et
1625 2156 1700 2178 cum
1721 2145 1794 2178 aliis
1807 2143 2050 2188 jurisconsultis

1166 2192 1306 2235 Joannes
1329 2193 1476 2227 Andreas
1496 2196 1602 2227 censet
1626 2195 1696 2228 illas
1716 2195 1844 2237 coepisse
1866 2195 1907 2230 ab
1929 2199 2048 2235 ot‘iavo

1166 2242 1359 2277 Bonifaeio.
1389 2244 1497 2277 Etiam
1511 2244 1648 2286 Jacobus
1660 2244 1837 2288 Angularis
1847 2247 1965 2281 fatetur
1989 2261 2047 2284 nec

1167 2292 1202 2325 in
1214 2294 1316 2327 Sacris
1326 2293 1450 2334 litteris,
1462 2295 1566 2328 necin
1579 2295 1720 2336 antiquis
1733 2293 1882 2330 Ecclefiae
1895 2297 2047 2333 Patribus

1165 2343 1291 2384 reperiri
1306 2343 1445 2386 ipsarum
1458 2345 1647 2378 memoriam
1660 2367 1669 2382 ,
1683 2344 1822 2388 ideoque
1833 2345 1915 2389 ipsas
1930 2347 2045 2385 nititur

1164 2391 1297 2427 fundare
1308 2393 1342 2426 in
1356 2394 1572 2428 Traditione.
1603 2394 1799 2437 Respondeo
1809 2395 1890 2439 ipsas
1901 2400 2044 2434 omnine»

1163 2441 1286 2476 laudari
1309 2443 1343 2476 in
1357 2444 1459 2477 Sacris
1469 2444 1584 2477 litteris
1595 2468 1602 2475 .
1631 2445 1761 2478 Etenim
1784 2445 1825 2479 de
1845 2446 2043 2489 incoestuoso

1166 2491 1344 2526 Corinthio
1356 2494 1390 2526 in
1405 2494 1505 2535 prima
1517 2494 1556 2527 ad
1571 2492 1763 2528 Corinthios
1775 2495 1909 2539 epistola
1922 2499 2041 2543 scripsit

1164 2541 1344 2584 Apostolus
1358 2555 1364 2574 :
1392 2545 1518 2576 Tradidi
1527 2547 1650 2577 Satanae
1662 2550 1694 2575 in
1706 2549 1857 2578 Interitum
1865 2555 1965 2582 carnis
1976 2574 1986 2589 ,
2005 2559 2040 2584 ut

1160 2590 1284 2634 spiritus
1291 2590 1399 2634 salvus
1404 2592 1444 2634 fit
1454 2599 1485 2626 in
1496 2595 1545 2626 die
1557 2596 1674 2626 Domini
1685 2593 1770 2630 nostri
1779 2596 1893 2638 JESU
1905 2598 2038 2640 Cbrtffiss

1165 2642 1310 2684 Exponit
1323 2643 1357 2675 in
1370 2644 1484 2686 quinta
1495 2643 1621 2677 decima
1640 2642 1779 2678 homilia
1799 2646 1930 2681 sanctus
1942 2639 2042 2691 Joanss

1166 2702 1220 2725 nes
1233 2690 1504 2738 Chrysostomus:
1532 2696 1605 2726 Non
1615 2694 1697 2726 dixit
1719 2693 1861 2735 apostolus
1882 2697 1979 2740 ipsum
1990 2700 2038 2734 de-

1165 2743 1233 2774 dere
1259 2744 1381 2775 satana
1393 2766 1404 2782 ,
1426 2741 1482 2785 Jed
1487 2745 1606 2777 tradere
1615 2767 1625 2784 ,
1650 2748 1676 2776 ei
1684 2748 1820 2784 aperiens
1827 2753 1937 2788 portas
1942 2755 2037 2790 poeni-

1164 2798 1263 2825 reatiae
1272 2817 1283 2832 ‚
1310 2793 1345 2824 (w
1353 2802 1497 2834 tanquam
1503 2796 1664 2837 poedagogo
1672 2804 1739 2826 eum
1751 2796 1877 2828 tradens
1889 2821 1896 2828 .
1925 2798 1967 2832 Et
1991 2798 2034 2835 ad

1164 2842 1257 2876 verba
1266 2867 1276 2882 ‚
1302 2846 1339 2874 In
1349 2847 1502 2875 interitum
1512 2850 1613 2876 carnis
1624 2867 1635 2883 ,
1661 2843 1784 2877 scribit:
1814 2847 1966 2888 ,Quomodo
1983 2848 2034 2889 fa·

1163 2893 1238 2925 c‘lum
1249 2891 1285 2932 est
1298 2894 1391 2924 Beato
1396 2893 1424 2934 J
1428 2892 1463 2925 ob
1474 2917 1482 2924 .
1507 2894 1566 2926 Sed
1574 2903 1630 2927 non
1637 2901 1694 2934 pro
1703 2894 1806 2926 eadem
1816 2894 1914 2936 causa.
1943 2902 2030 2930 Nam

1163 2943 1219 2975 illic
1228 2943 1344 2985 quidem
1349 2950 1406 2984 pro
1413 2940 1665 2984 splendidioribus
1674 2948 1798 2983 coronis,
1814 2943 1861 2978 hic
1869 2955 1966 2978 autem
1971 2955 2029 2987 pro

1157 2992 1307 3036 solvendis
1314 2995 1443 3034 peccatis
1450 3016 1458 3024 .
1487 2996 1525 3024 Ut
1534 3004 1598 3026 eum
1604 2992 1730 3035 flagellet
1741 2995 1818 3027 malo
1828 2996 1957 3033 vulnere,
1974 3004 2029 3028 aut

1160 3044 1216 3076 alio
1227 3042 1322 3075 morbo
1334 3067 1342 3074 .
1369 3041 1416 3075 At
1428 3041 1504 3076 veto
1513 3043 1589 3077 alibi
1601 3042 1682 3076 dicit
1692 3056 1703 3075 .·
1729 3046 1754 3075 A
1777 3047 1899 3076 Domino
1910 3045 2029 3084 judica-

1159 3105 1224 3126 mur
1237 3092 1283 3124 hic
1291 3097 1443 3134 patientes
1453 3116 1461 3124 .
1489 3094 1551 3125 Sed
1557 3092 1605 3126 bic
1620 3104 1685 3126 eum
1697 3101 1805 3124 vetans
1816 3098 1910 3136 magis
1922 3103 2028 3138 tange-

1159 3155 1210 3184 re,
1236 3144 1332 3175 tradit
1341 3144 1482 3175 Satanae.
1512 3142 1554 3176 Et
1571 3143 1605 3176 in
1620 3151 1730 3185 quarta
1743 3143 1832 3184 super
1854 3144 2030 3180 secundam

1158 3192 1326 3236 epistolam
1338 3190 1473 3226 homilia
1486 3191 1592 3226 scribit
1605 3204 1613 3224 :
1640 3192 1715 3224 Cum
1725 3190 1917 3233 incastuosum
1926 3202 2033 3235 ampun

1159 3249 1219 3275 tari
1234 3242 1358 3283 ‚iubebat
1381 3241 1524 3283 Apostolus
1535 3266 1546 3281 ,
1571 3247 1598 3275 ei
1607 3242 1778 3283 indulgendi
1797 3241 1952 3275 arbitrium
1969 3247 2026 3277 Coi

1158 3292 1277 3326 rinthiis
1287 3304 1343 3324 non
1350 3289 1481 3333 permisit
1496 3316 1502 3323 .
1531 3291 1570 3324 Ei
1595 3290 1716 3324 inflixit
1727 3300 1913 3333 perpetuam
1920 3295 2028 3329 totius

1158 3344 1229 3378 vitae
1240 3341 1464 3387 poenitentiam
1477 3365 1489 3383 ‚
1517 3342 1548 3376 ἀ
1558 3340 1691 3385 Spiritus
1704 3341 1835 3375 salutem
1848 3343 1964 3377 remisit
1984 3343 2026 3377 ad

1888 3391 1976 3426 diem

2073 582 2176 620 Cap.6.
