2352 3756
929 88 1383 137 Decnera‘.

1906 115 1996 161 395

241 181 283 216 ab
304 178 460 231 Αροβᾳῐίω
480 180 551 215 Sede
562 175 701 220 formam
720 175 833 228 [umere
852 174 1023 219 praesertim
1035 174 1126 209 decre·
1185 174 1230 205 ita
1237 169 1352 215 semper
1375 171 1546 216 observavit
1564 175 1575 220 ᾧ
1602 178 1737 226 nobisque
1758 182 1829 218 item
1847 183 2066 229 observandum

244 227 347 265 xiimus
358 255 369 271 ,
395 225 474 265 unde*
493 224 583 265 totius
603 224 793 269 Christian&
804 229 968 270 Religionis
991 226 1125 260 ordinem

243 282 280 315 (5
292 286 431 325 originem
438 279 619 324 suscepimus
632 305 639 312 .
671 284 759 316 Nam
780 280 814 313 s&
825 279 870 311 illi
880 280 900 310 5
901 278 948 311 edi
957 275 1048 315 nostro
1055 282 1124 308 tem·

239 340 315 376 pore
342 332 431 364 talem
453 335 535 364 Deus
556 330 786 366 Gubernatorem
806 353 817 368 ,
854 327 1026 361 reverendae
1045 350 1055 366 ‚
1083 329 1126 356 in·

245 393 358 424 quam,
383 384 530 418 memoriae
549 384 720 425 Gregorium
742 382 861 421 Papam
882 374 1019 420 imposuit
1044 398 1055 414 ‚
1077 380 1127 417 qui

242 429 300 475 sub
309 433 408 465 decem
423 429 487 475 suis
499 430 722 474 Antecefforibus
741 432 762 462 ἃ
772 437 862 474 puero
874 431 975 460 Romae
995 430 1126 459 nutritus

247 483 284 516 ὑ
294 482 425 514 eruditus
439 505 449 521 ‚
477 492 575 515 omnes
589 479 762 523 apostolicas
773 479 951 513 traditiones
968 472 1127 520 diligentis-
1164 504 1165 507 ,

242 530 315 573 fimi
337 530 530 575 investigavit
555 556 566 572 ,
597 534 631 566 (¹5
656 529 850 573 investigatas
874 526 1064 568 studio-fissam?
1097 530 1127 556 in

247 580 351 614 adum
368 580 476 623 referre
496 587 617 616 curavit
629 606 636 614 .
664 585 750 616 Hunc
770 590 836 625 ergo
859 578 1010 611 Dodlorem
1030 601 1041 617 ,
1065 575 1128 625 reli-

244 635 333 675 gione
353 630 389 663 ὁ·
411 630 585 665 αιιιῑῖονὶῑαῐε
601 636 785 673 praecipuum
798 653 809 670 ‚
834 631 923 661 imm&
942 625 1129 670 Apostolicc‘tm

248 681 443 713 traditionem
458 689 515 722 per
536 680 632 725 ipsum
652 686 686 714 in
707 678 911 722 consecrandis
937 677 1074 718 mysteriis
1079 683 1129 717 po-

247 730 383 769 tiffimum
393 735 508 764 imitari
519 732 703 768 decrevimus
716 755 722 764 ‚
733 733 813 764 sicut
824 740 876 761 nos
886 728 1001 774 ipfipssr
1011 724 1108 768 ips-“m
1119 749 1132 766 2

249 781 286 813 ὑ·
304 787 361 821 per
381 777 560 823 Episcopos‚
585 787 637 824 qui
658 778 754 823 ipsum
775 783 886 813 imitati
903 781 1000 820 sunt,
1025 781 1131 816 accepi-

248 839 317 862 mus
338 853 350 868 ,
375 834 522 872 imparem
547 842 699 865 numerum
719 828 836 872 semper
862 832 894 859 in
916 824 1130 868 dispensatione

244 876 394 922 signorum
414 876 506 921 super
537 876 712 914 oblationem
742 875 935 919 observamus
958 887 965 906 ε
995 877 1130 908 Videlicet

249 932 476 962 unamc'rucem
488 953 499 970 ‚
524 930 575 964 vel
583 939 641 968 cres
652 952 663 968 ,
689 928 743 961 vel
754 932 881 970 quinque
896 925 1039 966 faciendo
1052 950 1059 956 .
1086 927 1130 957 Et

248 977 303 1011 hoc
325 983 423 1019 utique
442 989 499 1012 non
516 977 577 1022 fine
586 977 675 1020 causa
688 976 829 1017 Mysterii.
857 981 944 1009 Nam
964 982 997 1008 in
1013 988 1073 1009 una
1098 977 1131 1009 (3·

248 1027 348 1062 tribus
358 1038 452 1060 unum
474 1029 633 1066 &trinum
650 1031 745 1061 Deum
767 1032 965 1066 intimamus,
994 1031 1028 1059 in
1049 1030 1131 1069 quin-

249 1084 308 1126 que
328 1085 427 1110 autem
447 1083 722 1121 quinquepartitam
735 1081 856 1114 Domini
868 1078 1027 1117 Paffionem
1043 1076 1131 1120 figni-

247 1126 373 1169 ficamus
385 1151 392 1157 .
419 1129 525 1165 Merit&
545 1137 644 1162 autem
666 1134 766 1171 impar
784 1138 924 1160 numerus
943 1132 974 1159 in
995 1127 1133 1169 Ecclefia-

246 1172 327 1217 ssicis
348 1176 446 1217 officiis
469 1177 682 1224 frequentatur
703 1202 714 1219 ,
742 1182 813 1220 quia
835 1188 996 1220 numquam
1022 1183 1055 1210 in
1077 1179 1133 1211 duo

251 1227 384 1269 aequalia
391 1232 508 1260 unitate
527 1231 705 1271 impediente
726 1229 881 1263 dividitur
894 1252 904 1268 ,
931 1229 1010 1261 Sicut
1033 1233 1132 1260 unitas

248 1275 354 1320 [αηέῖς
375 1276 507 1318 Ecclefiae
526 1279 694 1314 nullatenus
713 1287 782 1315 eam*
806 1283 839 1312 in
866 1279 924 1311 duo
939 1276 1035 1320 secari
1054 1284 1134 1320 pati-

251 1335 304 1360 tur
314 1351 322 1358 .
350 1326 462 1371 Pergit
473 1328 588 1365 Guido
599 1330 639 1364 de
652 1329 719 1363 alio
731 1329 910 1363 Miffaesitu
924 1341 930 1361 :
959 1327 1134 1368 Posteris-um

252 1379 382 1419 corpore
395 1379 545 1414 Dominico
555 1390 679 1424 quatuor
690 1384 799 1414 Cruces
817 1377 906 1425 super
926 1378 1043 1412 calicem
1055 1378 1134 1420 faci-

253 1437 324 1459 mus
339 1427 462 1464 dicendo
482 1453 493 1470 ‚
520 1426 583 1464 Pet
604 1424 710 1474 ipsum
731 1455 742 1471 ,
769 1431 802 1464 &
823 1440 900 1464 cum
923 1430 994 1472 ipso
1007 1452 1018 1469 ‚
1043 1430 1135 1463 &jn

251 1475 350 1520 ipso,
376 1479 411 1511 δ’
430 1484 572 1522 qulntam
593 1483 626 1515 in
642 1483 734 1515 latere
749 1482 880 1521 Calicis,
911 1480 1046 1513 videlicet
1072 1481 1133 1513 vul·

247 1539 314 1562 >nus
328 1530 475 1562 Dominici
497 1532 603 1567 lateris
619 1530 825 1576 fignificando.
839 1531 938 1564 Unde*
959 1531 994 1564 (9¹
1006 1530 1133 1563 Calicem

253 1588 295 1611 ex
305 1580 404 1613 eodem
413 1580 503 1617 latere
514 1593 579 1618 cum
594 1582 707 1617 Oblata
725 1587 877 1626 tangimus
889 1605 900 1622 ‚
925 1580 1013 1624 juxta
1023 1584 1129 1613 Roma-

251 1637 328 1659 num
341 1630 484 1662 Ordinem
494 1657 502 1665 .
529 1633 620 1665 Multi
638 1639 738 1666 tamen
759 1641 821 1666 tres
837 1632 956 1666 tantum
972 1634 1080 1665 Cruces
1091 1628 1134 1674 su·

245 1683 311 1719 ‘per
331 1677 460 1711 Calicem
472 1702 483 1719 ‚
506 1680 541 1715 <5
560 1682 637 1713 duas
657 1685 690 1712 in
710 1682 776 1720 ejus
795 1681 888 1715 latere
903 1681 1028 1721 faciunt
1041 1704 1049 1712 .
1074 1681 1093 1711 5
1097 1681 1134 1712 ed

253 1726 378 1760 videtur
386 1732 595 1771 incongruum,
619 1730 683 1765 cum
703 1728 837 1771 Christus
858 1730 971 1762 nullum
981 1729 1090 1763 vulnus
1102 1732 1134 1760 in

254 1777 348 1809 latere
363 1775 499 1811 habuerit
518 1801 529 1821 2
555 1777 611 1819 nisi*
626 1789 718 1813 unum
737 1802 745 1810 .
773 1780 834 1812 sed
850 1778 1011 1817 reverende
1033 1788 1135 1809 memo-

254 1830 301 1867 rie
311 1829 468 1869 Gregorius
485 1827 652 1874 Papafecit
661 1853 671 1869 ‚
699 1829 778 1870 quod
786 1828 890 1863 beatus
902 1824 1055 1869 anselmus
1068 1829 1130 1858 Lu-

251 1875 344 1918 censis
355 1874 518 1920 Episcopus
525 1877 566 1914 ab
587 1889 619 1915 eo
623 1876 657 1922 fi·
663 1878 791 1925 didiciff‘e
801 1876 920 1918 testatus
943 1876 981 1919 est
992 1900 1004 1918 ,
1032 1882 1066 1912 et
1078 1874 1130 1908 boc

1182 220 1337 266 firmiffime
1362 223 1523 258 inculca-isit
1543 250 1552 259 -
1581 229 1635 264 Ut
1658 243 1769 267 tamen
1794 246 1853 269 tres
1875 234 1967 279 super
1981 237 2070 271 Cali-

1188 283 1259 306 cem
1270 298 1281 314 ‚
1307 273 1341 306 &
1354 273 1426 308 duae
1434 273 1556 312 Cruces
1563 276 1604 311 ad
1615 280 1681 321 ejus
1694 283 1776 316 latus
1789 286 1868 320 fiant
1878 298 1954 320 curn
1967 286 2073 322 Obla-

1188 332 1238 363 ta,
1265 321 1366 358 hodie
1389 324 1547 362 mandant
1570 326 1719 363 Rubricae
1744 334 1887 369 Romani
1911 335 2070 370 Miffalis,

1191 372 1290 406 Haud
1307 374 1405 411 dubie
1425 375 1516 421 plura
1540 377 1615 412 sunt
1633 375 1728 423 hujus
1742 382 1893 431 Gregorii
1908 387 2047 422 Decreta
2062 410 2070 418 .

1189 423 1308 458 Latent
1319 435 1375 459 aut
1390 427 1553 469 perierunt
1566 451 1574 459 .

1239 474 1338 517 Ipsius
1365 475 1593 512 sanffiffi'mam
1613 476 1649 511 in
1671 478 1875 516 salernitano
1898 484 2000 518 exilio
2025 485 2073 521 vi-

1185 534 1256 558 tam
1277 548 1288 565 ,
1328 523 1564 569 Apostolicum
1594 526 1635 562 de
1656 528 1776 563 afflicta
1800 531 1937 566 Ecclefia
1959 545 2073 568 moeto-

1189 584 1275 614 rem,
1302 575 1336 609 &
1359 576 1584 611 sanaiffimam
1600 589 1740 614 mortem
1762 581 1903 615 referunt
1928 582 1962 614 in
1974 583 2074 617 Caffi·

1190 624 1292 658 nenfis
1315 625 1508 668 Mouasterii
1530 625 1701 663 Chronico
1717 629 1796 663 Leo
1820 630 1973 665 Ostiensis
1998 633 2075 676 Epi-

1188 674 1302 718 scopus
1322 699 1334 715 ,
1359 687 1397 709 ac
1419 677 1454 710 in
1482 676 1699 712 virdunensis
1721 679 1870 715 Ecclefiae
1901 679 2073 716 Chronico

1190 725 1295 769 Hugo
1322 724 1434 759 Abbas
1460 726 1713 765 Flaviniacensis
1731 753 1738 762 .
1768 729 1838 763 Leo
1863 729 1952 764 addit
1980 731 2075 766 illum

1187 775 1286 809 etiam
1309 774 1343 808 in
1368 786 1480 810 monte
1503 776 1658 819 Carfino,
1685 778 1764 814 dum
1787 779 1920 814 Missam
1940 781 2079 815 celebra-

1187 835 1259 864 ret,
1285 826 1464 860 coruscasse
1489 826 1674 863 miraculis.
1705 829 1810 872 Hugo
1835 829 1931 864 illum
1961 830 2077 865 merit&

1188 874 1297 908 titulat
1322 875 1549 910 Confessorem
1573 877 1607 912 &
1626 876 1812 923 Martyrem
1836 904 1843 910 .
1869 880 1948 915 Fuit
1974 891 2077 915 novus

1189 924 1223 957 ὅ(
1252 934 1346 958 verus
1372 924 1461 960 istius
1488 927 1593 960 saeculi
1621 926 1818 963 Athanasius
1846 953 1853 960 .
1893 930 2076 964 Defunstus

1189 973 1234 1006 est
1254 973 1308 1007 die
1331 975 1485 1019 vigesima
1506 976 1623 1023 quinta
1648 977 1756 1018 Maii,
1783 977 1951 1012 undecimi
1976 979 2080 1016 saeculi

1189 1033 1279 1058 anno
1302 1025 1420 1067 quinto
1441 1026 1511 1068 post
1540 1025 1793 1071 octogefimumc
1823 1028 1867 1063 Et
1890 1028 2015 1064 Salerni
2030 1030 2078 1066 s-e-

1192 1073 1344 1117 pultusin
1369 1074 1509 1110 Ecclesia
1520 1077 1627 1111 Sansti
1640 1076 1789 1113 Matthaei
1801 1076 1977 1122 Apostoli.
2006 1078 2082 1112 Ro-

1191 1135 1288 1157 mana
1309 1125 1454 1159 Ecclesia
1483 1126 1541 1160 suo
1564 1127 1669 1170 ipsum
1696 1127 1943 1172 Martyrologio
1970 1128 2082 1162 inscri-

1192 1184 1285 1219 ptum
1305 1185 1399 1208 ornat
1412 1173 1476 1209 hoc
1487 1175 1605 1209 titulo:
1632 1177 1747 1210 Beatus
1772 1180 1928 1222 Gregorius
1941 1177 2082 1221 Papase·

1187 1229 1303 1266 ptimus
1316 1249 1328 1266 ‚
1354 1223 1557 1266 Ecclefiasticae
1579 1225 1731 1260 libertatis
1758 1235 1961 1272 propugnator
1982 1240 2017 1262 ac
2030 1229 2083 1262 de-

1183 1273 1288 1318 fensor
1320 1281 1483 1309 acerrimus
1504 1299 1511 1309 .
1540 1275 1708 1322 roirca
1742 1277 2023 1313 Henricianorum
2048 1277 2084 1311 ὅτ.

1194 1326 1469 1363 Guibertinorum
1479 1325 1521 1360 de
1533 1325 1601 1370 ejus
1612 1326 1701 1360 finali
1713 1328 1798 1363 circa
1813 1330 1884 1363 suas
1900 1329 2083 1362 sanctiones

1194 1376 1386 1421 poenitentia
1399 1401 1410 1418 ,
1429 1377 1515 1412 mala
1526 1386 1633 1411 morte
1644 1401 1656 1419 ‚
1674 1388 1853 1412 autaeterna
1866 1376 2081 1412 damnatione

1191 1427 1364 1461 calumniae
1382 1425 1456 1463 sunt
1478 1425 1520 1462 ab
1542 1427 1636 1461 omni
1659 1427 1749 1462 fideli
1770 1429 1871 1462 corde
1898 1429 2000 1462 &ore
2012 1438 2085 1470 pro-

1193 1475 1364 1511 scribendae
1387 1487 1486 1521 atque
1497 1477 1707 1513 damnandae.
1737 1478 1862 1521 Ejusin
1885 1477 2031 1512 Saeculari
2046 1488 2085 1511 ac

1195 1527 1349 1573 Regulari
1373 1528 1472 1562 Clero
1499 1552 1511 1568 ,
1538 1539 1599 1562 nec
1621 1539 1690 1562 non
1716 1527 1750 1561 in
1774 1527 1863 1562 fideli
1890 1528 2015 1572 populo
2040 1527 2083 1561 ad

1198 1578 1424 1623 Apostolicam
1438 1577 1644 1623 disciplinam
1658 1578 1843 1612 reducendo
1854 1590 1892 1612 ac
1903 1579 2082 1612 reforman-

1194 1628 1238 1663 do
1261 1628 1368 1663 zelum
1390 1639 1427 1663 ac
1447 1639 1488 1662 ex
1501 1630 1629 1672 pectore
1639 1638 1798 1663 conatum
1812 1628 1936 1662 Divina
1951 1626 2082 1661 bonitas

1194 1678 1349 1721 dignetur
1363 1678 1458 1713 nobis
1471 1679 1643 1713 infundere
1655 1692 1666 1712 .·
1692 1681 1816 1712 Excitet
1840 1684 1873 1711 in
1887 1678 2023 1712 cordibus
2036 1687 2084 1710 no-

1187 1725 1260 1766 stris
1271 1728 1414 1767 spiritum
1426 1751 1436 1767 ,
1462 1733 1504 1758 cui
1521 1731 1636 1760 Beatus
1662 1732 1817 1772 Gregorius
1829 1731 1917 1770 Papa
1924 1727 2058 1770 servivit
2071 1749 2083 1765 a

1196 1783 1228 1807 ut
1248 1777 1344 1808 eodem
1370 1788 1423 1809 nos
1446 1777 1548 1818 repleti
1555 1776 1726 1816 studeamus
1739 1789 1841 1810 amare
1852 1779 1933 1820 quod
1943 1782 2085 1816 amavit,

1199 1826 1232 1863 6*
1242 1832 1324 1868 opere
1333 1835 1465 1861 exercere
1481 1827 1560 1868 quod
1572 1828 1668 1861 docuit
1681 1851 1689 1861 .
1717 1832 1814 1863 Amen
1828 1851 1836 1859 .

633 2427 937 2512 FINIS
994 2427 1073 2512 T
1065 2427 1295 2512 OM!
1339 2429 1704 2516 SEXTJ.

1684 3395 1687 3401 .
1728 3410 1731 3414 ,
1771 3298 1953 3432 ῙςΝζ
