2352 3756
20 434 25 438 .
80 416 158 466 Cap.
179 419 223 450 16·

478 15 496 36 ὖ

632 94 883 124 SEPTIMU
905 94 934 122 M
969 78 1284 123 ROMANUM
1319 80 1704 128 Contentum.

258 167 300 201 de
322 164 555 201 Ecclefiasticis
581 162 866 198 observationibus
893 159 1007 196 Guido
1034 161 1145 196 Abbas

258 216 468 262 Micrologus
486 242 498 257 ‚
530 216 603 258 ipfis
639 214 780 258 opponit
805 213 981 247 adductum
1007 212 1025 245 ὸ,
1050 211 1144 245 nobis

259 268 542 312 quadragesimum
553 276 706 310 quartum
723 262 945 308 Agathensem
958 261 1142 301 Cimonem,

258 319 295 352 ὅ(
315 316 406 352 addit
417 319 458 352 de
471 319 579 352 secum
592 314 808 348 sentientibus
820 311 1036 346 Doctoribus:
1059 315 1145 345 Hanc

255 367 480 411 prohibitionem
500 369 536 400 de
555 364 727 408 Episcopali
747 364 865 398 tanturn
887 362 1087 396 benedictione.
1090 361 1144 403 fa-

260 419 340 452 diam
359 424 594 461 interpretantur
617 440 624 448 .
663 416 706 449 Et
728 414 835 447 revera
857 412 940 445 inter
964 411 1142 455 simplicem

260 468 523 512 presbyteralem
546 479 583 501 ac
603 467 686 499 inter
709 464 812 498 multa
834 463 999 496 sacrorum
1021 462 1143 495 rituum

260 520 348 552 veste
377 529 526 552 ornatam
555 515 783 559 Episcopalem
812 511 1080 546 benedictionem·
1097 510 1142 545 est

260 581 298 602 ac
323 570 445 612 semper
467 568 530 601 fuit
552 565 676 612 grande
698 562 873 598 discrimen
895 585 903 594 .
944 562 987 595 Et
1010 561 1143 604 Episco-

261 619 367 662 palem
390 617 650 652 benedictionem
674 613 789 647 Guido
814 611 973 654 exponit:
1003 613 1084 653 ,ραι
1096 611 1141 643 be-

259 669 387 702 nediiiio
403 670 500 709 juxta
520 668 662 700 decimam
682 663 823 696 octavum
858 662 992 694 Toletani
1018 662 1142 693 concilii

258 719 433 761 Capitulum
457 743 466 758 ,
502 718 537 750 cb·
557 715 773 755 attestationem
793 711 895 745 saneti
921 708 1073 753 Augustini
1101 710 1144 742 ad

259 770 422 802 Paulinum
445 765 624 808 Episcopum
644 788 655 804 ,
693 770 764 795 ante
788 765 1016 794 communionem
1034 760 1141 801 populo

256 819 278 849 ἃ
296 816 367 861 solit
388 814 546 858 Epistopis
569 814 655 846 debet
666 812 818 853 impendi..
847 809 1075 852 Episcopalem
1090 809 1142 843 be·

256 869 475 902 nedietionem
495 865 604 898 censet
626 861 708 896 olim
733 861 827 894 fuisse
845 869 911 893 non
932 858 1044 897 illam,
1070 870 1139 903 quae

257 919 352 952 datur
370 916 440 961 post
453 940 464 956 ,
491 919 534 948 lte
544 913 632 956 Missa
642 911 680 952 est
692 935 702 951 ‚
728 910 783 945 sed
797 910 886 945 illam
898 909 1079 943 Collectam
1091 911 1140 943 su-

257 979 314 1012 per
322 966 502 1010 populum,
527 974 598 1004 quae
609 963 691 996 olim
705 970 780 994 ante
792 959 1061 994 communionem
1076 960 1139 993 fuit

256 1019 342 1052 dicta
365 1042 372 1049 .
399 1017 500 1050 Hanc
518 1013 632 1047 Guido
653 1012 760 1046 censet
778 1010 860 1044 olim
887 1009 979 1043 fuisse
1004 1011 1136 1044 reserva-

256 1078 324 1102 tam
343 1066 533 1110 Episcopis.
563 1064 606 1097 Et
628 1062 683 1096 dat
704 1061 887 1095 rationem:
914 1059 983 1092 lde&
995 1058 1139 1102 hujusmo-

255 1119 290 1150 di
310 1115 470 1151 benedicito
477 1115 602 1158 fortasse
625 1111 790 1153 antiquitus
816 1107 998 1146 Presbyteris
1011 1110 1137 1142 interdi-

256 1168 306 1200 θα
326 1168 364 1208 est
387 1191 398 1207 ‚
435 1172 508 1209 quia
531 1166 565 1198 <w
587 1164 631 1195 ad
651 1159 825 1204 Episcopale
845 1160 965 1200 officium
986 1165 1138 1199 pertinere

256 1218 444 1257 videbatur,
463 1217 496 1249 (τ
517 1211 707 1254 Ecclefiastico
723 1214 900 1245 ‘conventui
925 1210 1054 1242 nondum
1066 1210 1138 1241 adeo

255 1267 410 1310 neceffaria
419 1264 612 1308 reputabatur
626 1288 632 1294 .
659 1267 694 1294 N
696 1273 745 1294 am
756 1259 810 1303 soli
821 1265 1062 1292 communicantes
1075 1270 1136 1292 con-

248 1317 377 1358 fec‘lioni
397 1319 650 1350 Sacramentorum
670 1311 836 1352 antiquitus
849 1316 1034 1341 intererant:
1062 1311 1139 1351 ,Qui-

256 1367 312 1400 bus
335 1369 369 1401 (w
389 1371 484 1399 oratio
501 1363 561 1406 post
581 1367 820 1395 communionem
844 1383 854 1398 ,
890 1370 960 1400 quae
981 1367 1037 1398 pro
1058 1357 1133 1400 solis

257 1415 535 1450 communicantibus
556 1412 694 1452 instituta
717 1410 778 1449 est,
798 1417 856 1451 pro
878 1407 1137 1465 benediciionepo-

256 1476 319 1499 tuit
338 1464 529 1508 satisfacere.
558 1462 647 1503 Apud
666 1461 823 1493 modernos
847 1466 965 1496 autem,
992 1459 1056 1490 cum
1066 1469 1137 1498 Jam

253 1517 380 1559 populus
400 1518 611 1548 communicare
632 1510 751 1553 cessaret
778 1533 790 1550 ‚
817 1519 866 1542 nec
886 1518 985 1540 tamen
1007 1509 1027 1539 ᾱ
1051 1511 1141 1541 Divi-

255 1573 305 1598 nis
328 1564 473 1605 Mysierr‘is
491 1561 524 1606 se
544 1560 734 1605 subtraberet
755 1582 765 1599 ‚
794 1557 945 1602 necessario
971 1555 1140 1599 permiffum

254 1614 294 1656 est
305 1637 316 1654 ,
341 1624 376 1648 ut
396 1616 417 1646 ἃ
441 1612 611 1651 Presbytero
631 1610 845 1643 benediceretur
859 1631 869 1647 ,
896 1618 931 1640 ne
948 1616 1012 1639 tam
1025 1606 1139 1640 benedi·

255 1664 348 1698 Sume
370 1666 460 1707 quam
481 1666 679 1696 communione
698 1663 844 1700 privatus
867 1655 1013 1699 discedere
1025 1658 1140 1689 videre-

256 1725 324 1747 tur.
351 1714 448 1748 Vidit
470 1714 502 1747 se
526 1722 595 1745 non
618 1710 699 1743 stare
723 1708 757 1741 in
777 1707 875 1740 firmo
897 1706 1025 1743 fundo,
1052 1706 1141 1739 ideo-

257 1775 323 1808 que
343 1763 510 1807 subjunxit
525 1775 536 1795 .·
561 1763 591 1793 51'
613 1765 680 1802 quis
704 1757 756 1792 hoc
779 1781 789 1796 ,
815 1757 929 1798 utique
950 1753 1140 1800 Agathense

257 1814 450 1857 Capitulum
461 1837 472 1854 ‚
497 1813 535 1845 de
560 1811 616 1844 bac
636 1807 702 1852 ipsa
714 1806 910 1841 benedictione
923 1830 934 1846 ,
959 1807 996 1838 de
1008 1817 1067 1847 qua
1079 1812 1140 1861 aga·-

256 1875 325 1898 mus
338 1888 349 1904 ,
376 1862 493 1905 nempe
503 1862 544 1895 de
560 1859 666 1895 danda
680 1857 908 1892 benedictione
919 1855 989 1898 post
1003 1857 1049 1888 lte
1063 1856 1140 1888 Mis·

256 1915 290 1947 sa
301 1914 345 1947 est
359 1938 369 1953 ,
396 1913 509 1946 die‘lum
524 1914 705 1953 putaverit,
725 1905 877 1950 sententia
897 1914 999 1938 tamen
1015 1908 1140 1937 Provin-

254 1965 342 1997 cialis
365 1964 489 1996 concilii
508 1969 572 1994 tam
579 1959 715 2004 generali
728 1954 928 1997 Ecclefiasticae
939 1954 1140 1997 consuetudini

254 2015 456 2056 prejudicare
467 2021 523 2044 non
535 2015 666 2052 poterit.
691 2008 777 2053 Qae
800 2006 865 2039 fere
887 2006 1000 2039 omnia
1022 2005 1140 2059 confir-

257 2073 327 2098 mat
338 2064 371 2096 in
384 2059 654 2105 quinquagesimo
666 2058 770 2100 primo
780 2054 922 2097 ejusdem
935 2053 1006 2088 libri
1018 2064 1138 2101 capite.

310 2110 508 2154 Respondeo
519 2105 711 2143 Guidonem
733 2104 787 2139 hic
801 2103 885 2137 varie
898 2103 962 2138 labi
977 2127 988 2143 ,
1007 2103 1046 2158 .&
1057 2114 1137 2146 quae-

257 2163 335 2198 dam
345 2160 427 2196 reste
438 2159 553 2194 sentire
564 2182 571 2190 .
598 2154 712 2190 Primo
723 2179 734 2195 ,
759 2152 840 2188 recte
852 2154 949 2187 sentit
969 2153 1051 2186 olim
1062 2163 1138 2186 ante

259 2211 544 2247 communionem
554 2208 713 2250 populum
726 2205 818 2239 fuifle
841 2203 1026 2237 solemniter
1048 2202 1138 2236 bene·

257 2264 382 2296 dictum
395 2285 404 2294 .
432 2256 608 2296 Secundo,
631 2255 714 2289 recte
724 2254 819 2287 sentit
834 2253 926 2287 istam
940 2251 1138 2287 benedictio-

257 2323 336 2346 nem
346 2311 438 2345 fuisse
449 2307 629 2342 institutam
640 2316 698 2348 pro
708 2304 973 2338 communicante
985 2303 1108 2346 populo
1132 2328 1138 2335 .

257 2362 360 2396 Hanc
375 2357 632 2394 benedictionem
652 2354 762 2389 laudat
782 2353 818 2386 in
840 2352 979 2388 secunda
1000 2352 1040 2386 ad
1062 2353 1136 2386 suos

258 2411 299 2445 de
313 2408 544 2444 Ecclefiasticis
564 2405 682 2440 officiis
700 2403 801 2438 libros
826 2403 1012 2447 praefatione
1034 2403 1133 2436 etiam

256 2460 447 2496 Amalarius
469 2458 689 2491 Fortunatus:
717 2459 752 2487 In
778 2460 928 2493 oratione,
954 2465 1044 2494 quam
1063 2453 1135 2485 dicit

257 2507 468 2550 §acerdospost
478 2510 717 2539 Communionem
730 2528 740 2544 ‚
767 2505 838 2536 dicit
860 2503 985 2536 Sanc'lus
1010 2502 1135 2546 Augusti·

258 2574 316 2595 mss
328 2559 511 2593 Sacerdotem
524 2557 690 2590 benedicere
702 2577 712 2593 ‚
739 2555 773 2587 (θ’
793 2552 914 2594 tranfire
932 2553 1071 2594 populum
1092 2554 1137 2586 ad

257 2621 366 2645 manus
382 2608 542 2641 Sacerdotis
558 2630 564 2637 .
590 2611 664 2640 Haec
673 2601 844 2644 consuetudo
865 2613 923 2635 non
943 2600 1134 2643 conservatur

258 2662 344 2703 apud
360 2670 412 2691 nos
424 2656 625 2700 usquequaque
635 2678 646 2694 ,
674 2652 728 2694 nisi
727 2652 811 2694 forte
823 2653 860 2684 id
862 2650 900 2693 Ji't
911 2650 1035 2693 tranfire
1042 2660 1132 2693 popu-

257 2713 320 2745 lum
330 2710 376 2742 ad
384 2718 490 2741 manus
502 2709 521 2739 5
524 2706 670 2738 acerdoti:
681 2726 692 2742 ,
717 2703 797 2744 quod
805 2701 842 2741 est
854 2701 891 2733 ab
904 2713 934 2735 eo
945 2706 1071 2743 accipere
1082 2704 1136 2743 Sag

257 2767 412 2794 eramenta
423 2761 548 2798 corporis
563 2758 700 2788 Domini.
730 2752 902 2795 ,Quodpene
913 2757 1006 2784 omnis
1027 2755 1133 2786 Roma·

258 2823 299 2843 na
310 2806 434 2850 Ecclesia
444 2808 476 2840 C‘i
489 2805 652 2838 orientalis
661 2811 712 2845 per
723 2812 819 2834 omnes
827 2799 966 2844 solemnes
977 2802 1039 2834 dies
1049 2807 1130 2846 agit.

257 2863 304 2892 Et
315 2857 392 2899 idfit
403 2858 534 2891 benedici
549 2880 559 2895 ,
584 2854 662 2896 quod
671 2853 827 2886 comeditur
839 2851 920 2884 cibus
942 2854 1129 2885 Dominicus.

257 2912 306 2941 Sic
315 2914 391 2942 enim
401 2912 519 2941 canitur
531 2910 562 2937 in
574 2909 695 2936 Conone
707 2914 714 2934 :
741 2906 778 2935 Ut
785 2910 923 2943 quotquot
936 2913 974 2934 ex
985 2900 1039 2934 bac
1051 2904 1132 2935 Alta-

257 2964 302 2990 ris
322 2961 551 2999 participatione
570 2951 786 2997 sacrosanHum
809 2953 884 2985 Filii
906 2958 952 2983 tui
971 2959 1072 2993 corpus
1097 2955 1131 2987 (ς

256 3005 432 3050 sanguinem
450 3003 658 3048 sumpserimus
681 3028 692 3044 ,
717 3007 795 3034 omni
820 3001 1017 3034 benediciione
1033 3003 1131 3042 coelesti

258 3058 292 3090 ὃ*
296 3061 401 3100 gratia
422 3056 604 3096 repleamur.
630 3052 872 3088 postulationes
900 3051 934 3085 ὅ(
957 3051 1131 3095 gratiarum

257 3107 400 3140 actiones
410 3103 603 3138 confundit.
629 3103 729 3149 Quod
740 3101 895 3146 populum
917 3100 956 3134 ad
982 3100 1131 3136 Sacerdo-

258 3157 301 3190 tis
313 3165 448 3190 manum
459 3152 607 3187 accedere
620 3175 631 3192 ,
650 3151 728 3187 licet
740 3151 807 3185 haec
820 3150 915 3185 verba
927 3150 1130 3194 Augustinus

257 3205 332 3240 istic
345 3204 412 3238 non
427 3203 542 3237 habeat
554 3226 565 3243 ‚
592 3202 627 3235 fit
638 3201 679 3236 ad
691 3202 880 3235 sumendam
893 3199 1128 3237 Eucharistiam

257 3255 407 3290 accedere
417 3278 428 3294 ,
456 3251 534 3286 recle
546 3250 625 3286 dicit
637 3263 646 3293 ;
673 3261 705 3285 at
716 3261 799 3285 errat
811 3250 899 3295 quod
912 3251 952 3284 ab
977 3251 1130 3295 Augusti-

257 3317 305 3341 no
332 3304 460 3339 laudata
490 3301 601 3345 populi
629 3299 812 3335 benediciio
843 3301 938 3350 suerit
958 3300 1039 3334 facta
1060 3302 1128 3345 post

255 3354 530 3391 communionem
548 3378 556 3387 .
581 3350 734 3386 omnine>
755 3351 908 3386 suitfasta
921 3360 996 3385 ante
1007 3350 1106 3394 ipsam
1122 3378 1128 3385 .

1919 99 2017 145 247

1210 158 1391 193 Audiamus
1414 160 1520 194 Sancti
1543 163 1718 206 Augustini
1743 165 1833 200 verba
1847 190 1854 198 .
1884 165 2087 203 Obsecratio-

1210 220 1287 250 nes,
1313 211 1482 246 orationes
1502 233 1513 249 ,
1553 214 1785 252 postulationes
1807 239 1817 254 ‚
1853 217 1887 250 ὃς
1906 218 2085 262 gratiarum

1206 261 1350 293 actiones
1362 284 1372 300 ‚
1399 262 1504 303 quasa
1517 260 1705 295 Timotheo
1723 265 1756 297 δι
1767 267 1919 301 omnibus
1930 266 2086 304 subcoelo

1205 310 1433 344 Sacerdotibus
1455 311 1523 344 fieri
1545 311 1679 344 mandat
1702 311 1899 355 Apostolus,
1926 318 1988 351 esse
2008 328 2086 361 qua·

1206 370 1281 393 tuor
1304 360 1465 395 solemnes
1489 360 1589 394 nostri
1614 360 1760 395 sacrificii
1781 373 1881 403 partes
1893 365 2083 402 ostenditin

1206 410 1320 445 litteris
1343 410 1384 444 ad
1407 411 1559 445 Sanctum
1579 410 1755 445 Paulinum
1777 411 1871 444 Nolae
1885 413 2081 459 Episcopum

1205 461 1338 494 Sanetus
1362 460 1592 505 Augustinus,
1618 461 1652 495 δε
1677 462 1912 503 postulationes
1923 468 2079 507 exponit:

1205 510 1413 551 postulationes
1429 511 1509 552 fiunt
1522 534 1532 550 ,
1558 522 1622 543 eum
1628 511 1757 553 populus
1770 512 1951 545 benedicitur
1963 537 1970 543 .
1999 517 2080 549 Tunc

1202 567 1282 592 enim
1306 560 1481 600 Antistites‚
1507 562 1589 593 velut
1603 562 1769 600 Advocati,
1792 559 1939 604 susceptos
1948 560 2015 604 suos
2024 573 2079 604 per
2095 551 2143 585 Ep'
2166 557 2212 584 59‘

1202 621 1312 642 manus
1334 608 1538 651 impositionem
1560 609 1819 654 misericordiffimae
1846 610 1972 651 offerunt
1996 615 2081 647 Pote-

1201 659 1271 696 flati
1296 685 1303 692 .
1331 660 1452 703 ,Quibus
1468 660 1597 701 peraffis
1619 685 1629 700 ‚
1665 662 1699 697 (θ’
1715 667 1899 703 participato
1919 671 2004 696 tanto
2025 666 2081 696 Ια-

1202 719 1354 743 crumento
1366 734 1376 749 ,
1397 717 1565 754 gratiarum
1586 710 1663 744 ac¹lio
1679 710 1785 744 «cunda
1798 713 1961 752 concludit,
1987 724 2079 754 quam

1201 765 1235 791 in
1256 760 1302 791 his
1323 766 1414 793 etiam
1425 761 1524 794 verbis
1538 760 1675 795 ultimam
1684 762 1902 796 commendavit
1914 762 2058 804 Apostolus
2068 787 2077 796 .

1204 810 1246 842 Et
1268 809 1447 852 Apostolus
1468 811 1502 845 δε
1534 811 1738 855 Augustinus
1767 810 1872 855 palam
1891 811 2080 852 discernunt

1202 860 1286 891 inter
1309 861 1562 901 postulationem
1583 863 1618 895 δε
1641 862 1818 905 gratiarum
1836 862 2012 896 actionem.
2041 863 2080 895 ll-

1202 908 1266 942 lam
1286 910 1404 943 volunt
1426 912 1553 944 tertiam
1575 935 1585 951 ,
1621 911 1707 945 hanc
1728 913 1790 946 este
1807 922 1952 955 quartam
1975 909 2080 952 Missae

1201 968 1323 1000 partem
1337 985 1345 992 .
1375 959 1529 1004 Utraque
1548 972 1614 995 erat
1625 961 1736 1005 populi
1750 961 1932 996 benedictio
1949 974 1956 994 z
1984 962 2079 996 Prior

1202 1008 1242 1041 ad
1266 1006 1501 1043 Eucharistiam
1519 1010 1619 1055 digne
1640 1012 1853 1052 sumendam,
1878 1013 1918 1046 ad
1946 1012 2078 1055 sumptae

1202 1058 1331 1092 effecius
1355 1059 1445 1092 firme
1470 1062 1710 1095 conservandos
1734 1061 1890 1105 posterior
1915 1063 2076 1106 populum

1203 1108 1333 1150 parabat
1354 1110 1386 1142 ὃ(
1413 1108 1580 1144 muniebat
1603 1137 1611 1144 .
1639 1111 1712 1144 Nec
1738 1112 1832 1145 refert
1856 1136 1867 1152 ‚
1892 1111 1981 1156 quod
2010 1110 2075 1146 haec

1201 1158 1296 1192 fuerit
1318 1159 1496 1203 gratiarum
1524 1161 1610 1194 actio
1625 1184 1633 1192 .
1664 1161 1743 1194 Erat
1763 1162 1852 1195 enim
1872 1173 1941 1195 non
1963 1161 2076 1195 Phari-

1204 1209 1306 1248 saica,
1333 1210 1386 1242 sed
1411 1208 1597 1244 Christiana
1620 1234 1628 1241 .
1657 1209 1763 1244 Porro
1783 1211 1818 1244 in
1841 1211 1946 1245 Sancti
1977 1212 2076 1246 Lucae

1203 1258 1386 1302 Evangelio
1415 1260 1575 1293 famosum
1599 1260 1712 1304 legalis
1731 1260 1861 1303 justitiae
1884 1260 2077 1297 histrionem

1203 1306 1396 1342 Pharisaeum
1419 1332 1431 1349 ,
1469 1310 1558 1352 quod
1579 1309 1812 1344 tantummodo
1831 1312 1949 1355 gratias
1969 1322 2079 1356 ageret

1203 1369 1260 1399 pro
1283 1368 1413 1401 accepta
1436 1359 1646 1394 sanctimonia
1666 1384 1678 1400 ,
1713 1361 1747 1395 δε
1765 1360 1873 1395 eidem
1895 1361 2081 1395 custodien-

1202 1408 1248 1440 dae
1269 1419 1355 1441 nova
1376 1408 1498 1443 auxilia
1520 1421 1589 1443 non
1613 1410 1825 1454 supplicaret,
1851 1412 2079 1454 frequenter&

1203 1456 1320 1490 merito
1343 1458 1478 1493 damnat
1499 1460 1634 1493 Sanctus
1663 1461 1872 1504 Augustinus
1892 1486 1899 1493 .
1935 1460 2082 1496 Proinde

1203 1506 1267 1540 haec
1289 1506 1446 1550 posterior
1468 1509 1579 1552 populi
1602 1509 1786 1544 benedictio
1804 1521 1982 1554 numquam
2004 1512 2083 1546 data

1202 1557 1285 1597 fuit,
1309 1567 1368 1590 nec
1388 1558 1456 1592 dari
1470 1561 1577 1602 potuit
1588 1569 1663 1593 ante
1675 1560 1977 1596 Communionem.
2006 1563 2085 1596 Ete-

1205 1607 1273 1640 nim
1297 1608 1475 1650 gratiarum
1501 1610 1587 1642 actio
1617 1607 1713 1644 debet
1736 1611 1798 1644 effe
1824 1621 1960 1654 accepto
1991 1612 2087 1646 dono

1204 1656 1374 1698 posterior.
1405 1658 1518 1703 Qare
1539 1659 1632 1692 binas
1654 1658 1711 1693 has
1731 1659 1971 1695 benediciiones
1985 1661 2088 1696 Arna-

1204 1706 1299 1738 larius
1323 1705 1525 1740 Fortunatus
1544 1708 1628 1742 male
1651 1710 1845 1744 confundit.
1874 1711 2020 1745 Priorem
2036 1712 2090 1745 be·

1204 1754 1423 1789 nedictionem
1452 1757 1628 1792 Gallicana
1659 1758 1800 1793 Ecclesia
1827 1758 1933 1794 adhuc
1957 1762 2087 1796 usitavit

1204 1805 1244 1838 ad
1267 1805 1441 1848 exordium
1465 1805 1631 1841 undecimi
1657 1808 1761 1842 saeculi
1783 1834 1790 1842 .
1832 1809 1939 1845 Lucet
1959 1822 2000 1844 ex
2027 1812 2089 1845 Le-

1205 1855 1381 1889 movicenfi
1404 1857 1543 1898 synodo
1565 1881 1576 1896 ,
1597 1857 1755 1893 celebrata
1779 1858 1820 1894 ad
1848 1861 2086 1896 Pontificatum

1204 1904 1339 1947 joannis
1361 1906 1480 1940 decimi
1501 1908 1628 1942 ostavi:
1656 1909 1733 1941 Cum
1751 1909 1908 1946 adhoram
1920 1910 2086 1953 frac'lionis·

1206 1958 1350 1988 Dominici
1369 1963 1493 1998 corporis
1514 1966 1637 1991 ventum
1658 1959 1746 2000 esset,
1775 1969 1863 2003 atque
1883 1973 1921 1994 ex
1943 1973 2021 1995 more
2032 1969 2087 1994 Ar-

1203 2003 1402 2048 cbiepiscopus
1433 2006 1663 2042 benediciionem
1688 2010 1802 2053 populo
1824 2010 1971 2052 funderet
1993 2037 2004 2052 ‚
2033 2011 2084 2055 su-

1199 2053 1380 2097 perinseruit
1403 2058 1496 2089 Beati
1509 2060 1660 2091 Martialis
1670 2066 1799 2093 nominis
1811 2067 1987 2095 mentionem
2000 2086 2010 2101 ‚
2038 2069 2083 2096 ita

1203 2105 1301 2136 dicens
1324 2116 1334 2147 ς
1372 2107 1538 2139 Benedicat
1567 2109 1601 2141 (9·
1635 2109 1775 2147 custodiat
1801 2122 1856 2144 vos
1882 2116 2083 2154 Omnipotens

1202 2154 1303 2194 Deus,
1330 2155 1387 2188 &a
1411 2155 1513 2198 Cujus
1535 2155 1770 2191 benedictionis
1789 2162 1949 2194 memoria
1971 2161 2081 2196 adhue

1203 2201 1301 2236 hodie
1325 2204 1459 2247 superest
1481 2205 1514 2238 in
1539 2206 1694 2240 Romano
1709 2206 1849 2242 Misiali.
1878 2209 2010 2244 Etenim
2026 2213 2081 2245 Sa-

1200 2250 1333 2294 cerdos,
1359 2255 1437 2288 dum
1464 2255 1604 2289 hostiam
1627 2256 1748 2301 ftangit
1771 2282 1781 2297 ,
1808 2259 1890 2293 dicit
1910 2261 1951 2294 ad
1977 2272 2078 2304 popu-

1201 2301 1288 2336 lum:
1319 2307 1390 2336 Pax
1411 2309 1534 2338 Domini
1551 2305 1589 2346 sit
1607 2304 1724 2348 semper
1747 2307 1915 2351 vobiscum.
1943 2311 2077 2356 Largio-

1199 2363 1265 2386 rem
1278 2352 1515 2389 benedictionis
1527 2356 1700 2389 formulam
1725 2356 1870 2401 Magnus
1894 2360 2076 2405 Gregorius

1197 2405 1363 2437 contraxit
1389 2405 1423 2438 in
1445 2404 1530 2439 istud
1551 2406 1806 2449 compendium.
1835 2410 1993 2445 Eamdem
2021 2412 2074 2446 be·

1198 2452 1435 2496 nedistionem,
1463 2457 1496 2489 ὅ(
1519 2453 1685 2490 laudatum
1704 2457 1811 2491 Sancti
1833 2459 2013 2504 Augustini
2027 2462 2073 2496 lo-

1197 2512 1273 2536 cum
1292 2503 1432 2538 elucidat
1455 2504 1609 2539 adductus
1633 2504 1651 2538 a
1671 2506 1828 2541 Gnidone
1849 2509 1981 2545 Abbate
2009 2512 2072 2546 Ca-

1197 2563 1264 2585 non
1291 2564 1411 2595 quartae
1421 2555 1592 2588 Toletanae
1603 2555 1750 2597 Synodi:
1777 2561 1926 2593 Nonnulli
1935 2564 2072 2595 Sacerdo-

1195 2610 1239 2635 tes
1257 2602 1320 2643 post
1342 2604 1455 2636 dieram
1476 2611 1633 2637 orationem
1644 2608 1938 2648 Dominicamstatim
1947 2622 2071 2646 commu-

1195 2657 1296 2684 nicam
1323 2676 1334 2691 ‚
1371 2655 1404 2687 <55
1427 2654 1489 2695 post
1524 2655 1751 2689 benedic‘Jionem
1780 2662 1813 2690 in
1837 2661 1944 2700 populo
1972 2664 2065 2696 dant.

1196 2703 1290 2743 ¹Quod
1309 2698 1443 2744 deinceps
1463 2705 1671 2737 interdicimus
1692 2731 1699 2738 .
1741 2708 1802 2740 sed
1821 2708 1883 2749 post
1910 2715 2068 2746 orationem

1195 2755 1379 2784 Dominicam
1391 2777 1401 2793 ,
1428 2755 1461 2786 (τ
1472 2754 1697 2796 conjunc‘lionem
1705 2762 1796 2798 panis
1807 2759 1841 2791 ζα·
1851 2760 1949 2792 calicis
1959 2785 1969 2801 ,
1983 2761 2068 2795 bene-

1196 2801 1282 2848 didlio
1295 2806 1326 2834 in
1344 2804 1482 2844 populum
1490 2798 1651 2846 sequatur,
1675 2807 1710 2839 Θ·
1730 2816 1802 2841 tunc
1810 2808 1926 2841 demum
1937 2817 2065 2853 corporis

1193 2853 1225 2884 (5*
1243 2849 1399 2894 sanguinis
1423 2855 1541 2886 Domini
1566 2857 1790 2890 Sacramentum
1812 2856 1947 2899 sumatur
1970 2874 1981 2893 .·
2016 2865 2064 2893 Eo

1192 2901 1328 2933 videlicet
1347 2903 1447 2936 ordine
1459 2927 1470 2943 ‚
1495 2911 1529 2937 ut
1548 2906 1687 2938 sacerdos
1711 2907 1745 2940 (⁴7
1756 2910 1870 2941 Levita
1880 2918 1950 2943 ante
1962 2912 2062 2944 Altare

1191 2957 1419 2992 communicent,
1446 2960 1478 2986 in
1501 2953 1583 2987 choro
1605 2956 1707 2990 clerus
1728 2980 1740 2996 ,
1765 2966 1852 2989 extra
1875 2958 1992 2990 chorum
2009 2952 2075 3000 poen

1186 3001 1293 3042 pulus.
1322 3002 1418 3037 Dicia
1441 3004 1520 3037 olim
1535 3004 1713 3039 Dominica
1726 3007 1875 3041 oratione
1887 3007 1971 3050 apud
1985 3010 2062 3043 His·
2087 3012 2098 3031 ἵ

1192 3062 1292 3093 panos
1313 3052 1475 3087 celebrans
1487 3053 1639 3088 Sacerdos
1662 3055 1770 3089 statim
1794 3057 2061 3094 communicabat

1195 3100 1409 3144 semet-ipsum
1427 3127 1438 3144 ,
1464 3104 1497 3137 &
1521 3114 1598 3137 tunc
1623 3104 1731 3147 primo
1753 3105 1848 3139 dabat
1867 3105 2062 3142 benedictio-

1191 3161 1262 3183 nem
1286 3152 1407 3193 populo
1427 3177 1435 3185 .
1463 3153 1595 3197 Utique
1618 3156 1754 3197 priorem
1778 3154 2059 3200 benedictionem,

1189 3211 1258 3243 quae
1278 3199 1318 3233 ab
1338 3200 1500 3245 Apostolo
1523 3204 1671 3237 titulatur
1681 3203 1854 3246 postulatio
1867 3229 1878 3244 ,
1904 3206 1992 3241 &ita
2006 3219 2060 3251 po-

1190 3250 1303 3293 pulum
1325 3250 1365 3284 ad
1389 3251 1625 3287 Eucharistiam
1636 3254 1736 3297 digne
1749 3256 1985 3297 percipiendam
1998 3258 2060 3292 dis·

1190 3300 1329 3343 ponebat
1340 3324 1348 3332 .
1378 3301 1420 3334 Et
1437 3301 1533 3335 istum
1546 3314 1668 3337 morem
1683 3304 1800 3338 Canon
1812 3304 1920 3339 abolet
1933 3330 1942 3344 ‚
1970 3320 2058 3341 man-

1189 3351 1307 3394 datque
1323 3351 1356 3385 &
1373 3350 1601 3395 Sacerdotem,
1628 3353 1662 3388 &
1674 3352 1806 3388 Clerum
1819 3378 1830 3395 ,
1857 3355 2058 3400 &populum

1922 3416 2010 3440 com-
