2352 3756
138 563 188 601 Ep.
211 571 257 599 40.
306 579 438 626 jungit:
464 583 506 615 H,-
523 577 659 619 fomenta
675 576 742 608 „lim
767 572 942 618 quibusdam
963 564 1177 614 Conftffiribus
1243 571 1328 605 intra
1354 572 1502 608 Africam
1525 600 1536 616 ‚
1562 575 1615 611 sed
1643 576 1678 610 in
1706 578 1816 613 nescio
1835 590 1903 622 quo
1929 591 2044 614 monte
2064 580 2117 614 seu

305 631 341 663 o·
362 630 549 663 hortamenta
558 625 743 664 tribuebant,
769 635 804 658 ne
813 625 1017 657 concordarent
1027 633 1092 655 cum
1103 623 1181 664 Epi·
1244 631 1321 665 rupe
1348 623 1431 656 circa
1458 625 1571 659 urbem
1597 626 1802 661 Romanam.
1830 627 1924 663 Istius
1939 628 2119 664 schismatis

300 678 386 724 scopo
398 677 466 721 suo.
495 676 548 710 Ne
567 674 741 720 Neophyti
754 675 945 709 electionem
959 672 1177 707 admitterent.
1244 672 1337 706 series
1355 673 1400 707 est
1419 673 1540 709 deduci
1560 687 1598 710 ac
1617 676 1775 711 elucidari
1797 677 1915 724 digna:
1943 678 1992 714 At
2016 680 2117 725 longa

307 730 376 763 Res
396 728 440 762 ita
460 725 600 760 cucurrit
618 727 718 769 usque
736 724 776 758 ad
801 724 909 758 Sancti
934 722 1094 767 Cypriani
1114 721 1181 756 exi·
1243 720 1288 755 est
1304 745 1315 761 ,
1341 723 1375 756 δε
1398 724 1482 767 petit
1506 725 1608 759 alium
1634 726 1760 761 locum,

307 778 389 812 lium
409 801 417 810 .
445 775 587 811 Duravit
606 775 671 810 hoc
692 774 732 809 ad
755 774 927 808 biennium
950 798 957 805 .
995 771 1099 821 Qod
1125 770 1181 804 ille
1292 770 1446 808 Novatus
1463 773 1497 807 ὅ(
1518 776 1744 820 Novatianus,
1765 777 1843 812 licet
1862 778 1985 814 fuerint
2003 778 2047 814 ad
2073 780 2119 815 la·

308 827 483 871 praevidens
497 851 507 867 ,
533 826 685 860 Ecclefiae
695 826 755 858 suae
768 823 1084 871 administrationem
1095 831 1182 856 com·
1244 823 1416 857 cerandam
1437 824 1614 860 Ecclefiam
1634 827 1797 872 colligatae
1807 828 1941 872 vulpes,
1967 829 2061 864 nullo
2072 840 2119 865 ta-

307 878 391 913 misit
415 876 595 912 Calidonia
615 875 649 909 &
671 874 862 908 Herculano
886 873 1055 917 Episcopis
1077 885 1084 904 :
1113 871 1182 906 Eos
1246 882 1319 906 men
1341 872 1442 907 modo
1458 886 1683 912 convenerunt
1703 878 1736 911 in
1760 875 1915 922 dogmate
1935 903 1942 910 .
1971 880 2118 914 Fuerunt

307 928 398 963 dedit
419 927 504 971 quasi
527 925 720 959 Vifitatores
739 934 795 958 aut
819 923 1076 958 Interventores.
1104 923 1198 966 Erat!
1245 920 1304 957 sibi
1323 934 1441 958 mutuo
1466 925 1647 969 capitaliter
1667 928 1701 962 δε
1737 926 1896 961 hostiliter
1932 929 2092 963 adversati
2108 954 2118 962 .

307 987 388 1012 tunc
415 978 448 1010 in
469 975 580 1009 Africa
603 973 714 1008 nescio
737 974 810 1018 quis
832 973 982 1007 Novatus
1003 997 1015 1014 ‚
1052 972 1097 1007 ob
1123 969 1198 1011 cri-j
1247 971 1379 1006 Etenim
1395 972 1435 1006 de
1456 973 1581 1009 Novati
1599 987 1636 1009 ac
1657 977 1840 1012 Feliciffimi
1851 977 1994 1013 factione
2008 978 2118 1014 scribit

306 1028 396 1061 mina
422 1025 504 1060 olim
530 1022 722 1069 degradatus
758 1023 938 1066 Episcopus
958 1048 969 1064 ,
1005 1034 1101 1066 atque
1127 1021 1200 1055 hic-²
1246 1022 1287 1056 ad
1309 1023 1398 1055 suam
1412 1022 1540 1066 plebem
1562 1026 1637 1058 exul
1660 1026 1845 1069 Cyprianus
1867 1041 1878 1061 .·
1914 1033 2007 1062 Nunc
2023 1028 2057 1073 fi.-
2074 1030 2121 1062 ad

133 1100 184 1137 Ep,
204 1108 250 1134 49·
304 1077 475 1112 occasione
503 1073 564 1108 hac
590 1073 706 1108 abusus
740 1075 818 1107 fecit
843 1073 932 1116 quod
958 1073 1090 1107 Sanctus
1118 1073 1182 1116 Cy·
1245 1070 1392 1114 lapsorum
1407 1078 1566 1115 perniciem
1582 1084 1733 1107 venenata
1748 1074 1806 1118 sua
1828 1079 1995 1120 deceptione
2021 1088 2119 1113 verte-

303 1127 434 1171 prianus
460 1124 570 1160 scribit
591 1125 632 1158 ad
654 1124 804 1159 Sannum
826 1122 948 1167 Papam
968 1122 1182 1157 Cornelium:
1245 1131 1335 1160 runt,
1359 1129 1492 1165 utaegros
1512 1125 1547 1157 (9·
1552 1122 1688 1166 saucios,
1713 1125 1747 1158 (5
1766 1126 1811 1158 ad
1819 1129 1963 1168 capienda
1987 1128 2118 1170 fortiora

305 1179 389 1211 Idem
408 1176 445 1217 est
467 1181 611 1208 Novatus
622 1199 631 1214 ‚
658 1180 709 1216 qui
737 1174 820 1216 apud
844 1184 897 1206 nos
920 1179 1055 1215 primum
1081 1171 1184 1216 discor-
1245 1172 1358 1215 confina
1374 1180 1430 1214 per
1447 1173 1648 1208 calamitatem
1665 1180 1760 1208 rulnae
1777 1173 1845 1219 suae
1864 1178 1959 1210 minus
1979 1179 2116 1220 idoneos,

305 1230 367 1263 diae
386 1228 420 1261 ὠ·
437 1223 605 1270 schismatis
629 1225 797 1258 incendium
812 1221 1000 1266 seminavit,
1026 1229 1077 1265 qui
1103 1221 1186 1265 quos·
1247 1225 1280 1257 ἴα
1302 1223 1401 1256 mimis
1418 1221 1548 1266 solidos,
1573 1225 1594 1256 ἃ
1616 1226 1731 1259 medela
1751 1226 1886 1260 vulneris
1900 1224 1951 1270 sui
1972 1237 2118 1267 avocent,

305 1279 380 1312 dam
406 1275 465 1316 istic
485 1287 524 1310 ex
538 1274 694 1317 fratribus
718 1273 756 1306 ab
769 1273 912 1317 Episcopo
916 1272 1085 1317 segregavit
1097 1297 1107 1313 ‚
1133 1277 1185 1314 qui
1245 1274 1278 1307 <5
1298 1273 1461 1312 intermiffis
1479 1274 1870 1316 precibus&orationibus,
1898 1274 2005 1318 quihus
2017 1281 2120 1311 Domi-

306 1334 339 1361 2„
362 1325 429 1370 ipsa
446 1323 640 1367 persecutione
659 1325 704 1356 ad
724 1325 905 1357 evertendas
924 1323 1061 1364 fratrum
1073 1332 1186 1356 mentes
1249 1334 1302 1355 nus
1314 1322 1401 1366 longa
1413 1325 1594 1356 &continua
1602 1322 1809 1366 satisfae‘lione
1814 1328 1981 1367 placandus
1993 1326 2050 1367 est,
2076 1327 2123 1360 ad

307 1379 375 1410 alia
406 1377 546 1418 quaedam
562 1373 722 1417 persecutio
741 1373 844 1414 nostris
859 1372 928 1415 fuit
949 1396 956 1404 .
982 1370 1050 1414 Ipse
1071 1372 1108 1411 est
1134 1377 1187 1414 qui
1245 1370 1398 1414 exitiosam
1410 1377 1605 1407 temeritatem
1614 1375 1766 1407 mendacio
1785 1374 1919 1418 captiosae
1937 1381 2021 1417 pacis
2040 1381 2121 1410 invi-

305 1427 508 1466 Feliciffimum
523 1449 535 1465 ,
557 1425 718 1458 satellitem
734 1421 841 1465 suum,
867 1423 1028 1455 Diaconum
1048 1432 1098 1454 nec
1120 1430 1188 1463 per·
1247 1430 1311 1455 tent
1325 1447 1332 1453 .
1360 1421 1460 1455 Hanc
1482 1433 1602 1456 novam
1624 1422 1885 1466 praedicationem
1902 1426 2039 1460 affirmat
2059 1425 2122 1460 effe

303 1483 444 1510 mittente
464 1486 529 1515 me,
557 1484 606 1506 nec
622 1471 750 1515 sciente,
772 1471 829 1514 fica
848 1470 981 1512 fallione
1006 1472 1183 1506 &ambitio-
1249 1482 1366 1506 novam
1393 1471 1540 1506 Ecclesiae
1569 1474 1827 1517 persecutionem
1850 1497 1861 1514 ,
1890 1475 1924 1509 ὅ(
1955 1475 2011 1510 dat
2047 1487 2122 1510 cau-

305 1539 344 1561 ne
364 1525 510 1565 constituit
522 1547 529 1554 .
558 1523 647 1557 Cum
668 1522 815 1566 quinque
840 1521 905 1555 illis
917 1520 1118 1564 Presbyteris
1131 1532 1186 1555 no·
1250 1523 1313 1556 sam
1325 1536 1335 1556 .·
1357 1523 1478 1557 Eadem
1499 1533 1565 1564 quae
1586 1531 1677 1565 nuper
1691 1531 1747 1565 per
1762 1523 1993 1567 persecutionem
2006 1549 2016 1566 ,
2044 1536 2121 1559 nunc

304 1587 380 1610 vam
408 1572 671 1617 conjurationem
694 1572 846 1607 Novatus
870 1573 945 1606 iniit
964 1596 974 1612 ‚
1016 1571 1185 1606 blateravit
1248 1578 1325 1606 ratio
1345 1580 1401 1615 per
1425 1577 1557 1616 quinque
1577 1573 1763 1612 Presbyteros
1783 1575 1950 1616 Feliciffimo
1974 1575 2120 1618 copulatos

304 1625 511 1669 Cyprianum
537 1624 600 1657 effe
623 1622 781 1657 intrusum
808 1621 1166 1665 Pseudo-Episcopum
1178 1645 1188 1661 ,
1247 1625 1290 1656 ad
1309 1629 1431 1656 ruinam
1445 1621 1555 1665 salutis
1577 1624 1751 1663 inducitur,
1778 1634 1811 1658 ut
1821 1637 1880 1658 non
1889 1635 2003 1669 rogetur
2016 1627 2120 1666 Deus,

303 1677 399 1719 ejecit
428 1672 642 1708 Calidoniam
669 1671 962 1709 &Herculanum‚
991 1671 1108 1705 invafit
1122 1673 1187 1715 ipse
1249 1685 1299 1706 nec
1319 1679 1369 1715 qui
1382 1677 1502 1717 negavit
1513 1671 1685 1713 Christum,
1707 1675 1833 1710 eundem
1843 1673 2009 1715 Christum,
2035 1685 2121 1717 quem

305 1724 497 1760 Visitatoris
520 1724 668 1758 officium
692 1746 703 1762 ,
739 1733 895 1763 tanquam
924 1720 1082 1754 Visitator
1107 1721 1188 1755 feli·
1250 1731 1436 1767 negaverat,
1462 1722 1648 1764 deprecetur.
1676 1723 1743 1763 Post
1765 1726 1881 1766 culpam
1892 1728 2024 1757 criminis
2035 1725 2120 1757 tolla·

305 1776 469 1811 ciffimum
496 1772 695 1808 consecravit
722 1770 1027 1810 Archidiaconum,
1054 1770 1187 1806 tandem
1215 1795 1220 1800 -
1250 1783 1301 1807 tur
1324 1778 1624 1813 omnispoenitentia,
1650 1782 1700 1806 nec
1707 1781 1763 1814 per
1773 1771 1933 1815 Episcopos
1944 1774 2122 1807 &sacerdo-

305 1823 498 1870 degradavit
524 1821 730 1866 Cyprianum
745 1845 756 1862 ‚
782 1832 820 1856 ac
846 1822 881 1854 in
907 1820 977 1863 ejus
1003 1820 1117 1853 Sedem
1140 1821 1189 1854 in·
1250 1832 1293 1856 tes
1306 1826 1429 1856 Domino
1435 1819 1590 1864 satisfiat,
1607 1819 1777 1865 sedulii-‘lis
1789 1823 2120 1857 Dominisacerdotibus

307 1876 399 1910 trusit
426 1875 670 1911 Fortunarum,
703 1882 808 1904 unum
833 1869 852 1904 ὲ
879 1870 1027 1913 quinque
1057 1868 1189 1913 Presby-
1250 1882 1349 1906 contra
1371 1871 1587 1914 Evangelicam
1610 1869 1796 1914 disciplinam
1805 1884 1886 1906 nova
1895 1875 2021 1907 traditio
2025 1871 2121 1916 sacri-

309 1927 404 1960 teris.
433 1923 507 1958 Nec
533 1922 637 1957 solam
664 1921 855 1955 Africanam
875 1946 886 1962 ,
922 1919 976 1955 sed
1002 1920 1100 1953 etiam
1124 1921 1190 1954 Ro·
1249 1924 1323 1966 legae
1347 1921 1536 1959 institutionis
1548 1929 1690 1964 exurgat.
1717 1925 1852 1964 Cumque
1857 1920 2119 1964 semelplacuerit,

309 1986 444 2011 manam
470 1974 516 2008 ita
545 1972 685 2007 turbavit
711 1971 886 2005 Ecciefiam
909 1995 916 2003 .
952 1969 1063 2015 Pergit
1100 1970 1190 2004 enim
1251 1982 1313 2006 tam
1333 1971 1416 2004 nobis
1439 1974 1530 2013 quam
1550 1970 1763 2014 Confefforibus
1786 1973 1821 2006 Θ·
1841 1973 1966 2005 clericis
1991 1971 2121 2013 urbicis,

311 2027 355 2060 de
383 2026 452 2069 ipso
479 2022 687 2066 Cyprianus:
712 2025 758 2054 Et
784 2033 849 2055 cum
873 2020 930 2066 sua
958 2020 1127 2062 tempestate
1138 2025 1192 2054 Ro·
1249 2029 1319 2056 item
1336 2019 1477 2061 univerfis
1496 2019 1676 2064 Episcopts,
1701 2023 1754 2055 vel
1771 2027 1804 2054 in
1828 2020 1922 2061 nostra
1934 2024 2121 2062 Provincia,

312 2088 396 2110 mam
421 2079 594 2117 navigans,
613 2072 725 2112 similia
751 2073 809 2104 illic
835 2073 870 2104 ἐν
890 2076 982 2112 paria
1007 2072 1125 2103 molitus
1136 2071 1193 2112 est,
1249 2075 1301 2107 vel
1321 2081 1407 2104 trans
1427 2081 1510 2104 mare
1532 2069 1712 2113 constitutis,
1737 2079 1771 2105 ut
1793 2069 1870 2104 nibil
1878 2076 2032 2105 innovetur
2043 2078 2122 2106 circa

312 2128 334 2159 ἃ
359 2127 446 2158 clero
467 2128 634 2165 portionem
658 2120 756 2164 plebis
780 2121 916 2154 avellens
937 2144 948 2160 ,
981 2119 1192 2162 fraternitatis
1248 2121 1397 2165 lapsorum
1410 2118 1618 2163 causam,nist'
1625 2132 1724 2154 omnes
1736 2127 1769 2155 in
1778 2131 1867 2154 unum
1875 2128 2122 2162 convenerimus,

309 2175 367 2220 fibi
391 2174 465 2207 bene
488 2171 659 2205 cohaerentis
681 2172 715 2204 o·
736 2169 771 2214 se
791 2175 918 2204 invicem
930 2170 1083 2214 diligentis
1097 2194 1108 2210 ‚
1132 2181 1193 2204 con·
1251 2173 1285 2206 (9
1304 2169 1546 2212 collatisconfiliis
1556 2181 1622 2204 cum
1632 2169 1790 2214 disciplina
1796 2170 2124 2215 pariter&misericor·

313 2226 446 2260 cordiam
465 2221 606 2266 scindens
619 2246 626 2253 .
655 2222 751 2254 Plane*
777 2226 914 2262 quoniam
935 2228 993 2262 pro
1012 2223 1193 2264 magnitudi·
1251 2223 1304 2256 dia
1330 2229 1525 2263 temperatam
1543 2219 1726 2264 sententiam
1744 2221 1919 2264 fixerimus,
1944 2231 2048 2255 contra
2071 2220 2124 2254 boc

315 2286 351 2310 ne
371 2273 431 2317 sua
456 2272 563 2307 debeat
585 2270 800 2314 Carthaginem
823 2274 918 2302 Roma
924 2271 1109 2311 praecedere,
1135 2271 1195 2304 illic
1250 2269 1391 2312 confilium
1415 2270 1539 2310 nostrum
1560 2270 1735 2310 rebelletur,
1762 2272 1797 2305 (5
1813 2276 1907 2303 omnis
1928 2269 2123 2313 sacerdotalis

314 2329 433 2365 majora
458 2326 492 2356 Θ·
515 2327 662 2365 graviora
682 2320 817 2361 commisit
830 2345 837 2352 .
866 2322 930 2363 ,Qui
956 2319 1018 2361 istic
1045 2321 1214 2392 adversus}
1252 2321 1421 2355 authoritas
1442 2330 1477 2352 ac
1491 2319 1616 2362 potestas
1632 2319 1763 2362 fac‘liosi‘s
1784 2318 2047 2362 conspirationibus
2073 2322 2124 2354 de-

315 2371 470 2415 Ecclefiam
495 2375 660 2404 Diaconum
673 2369 813 2412 fecerat,
839 2371 899 2403 illic
908 2369 1088 2414 Episcopum
1098 2369 1176 2412 fecit
1190 2395 1198 2402 .
1246 2371 1397 2411 struatur.
1424 2369 1462 2403 In
1486 2371 1569 2404 datis
1581 2370 1621 2404 ad
1632 2370 1780 2404 Sanetum
1794 2369 1915 2413 Papam
1929 2370 2125 2406 Cornelium

316 2425 390 2460 Illic
418 2422 572 2457 excitavit
594 2422 628 2454 δε
647 2420 824 2462 complevit
846 2420 983 2454 schisma
997 2420 1178 2454 Novatiani
1192 2445 1200 2453 .
1257 2420 1370 2454 litteris
1391 2421 1477 2454 varia
1495 2419 1702 2455 fastiosorum
1722 2421 1859 2454 crimina
1879 2431 2049 2456 enumerat
2070 2430 2126 2464 pet

318 2475 404 2522 Qae
425 2472 539 2507 omnia
561 2470 695 2515 quidam
715 2470 864 2504 distincte
875 2469 1088 2514 ignorantes,
1115 2470 1201 2512 peffi-
1262 2468 1485 2514 praeteritionis
1506 2470 1666 2514 figuram,
1692 2480 1790 2513 atque
1816 2469 1967 2516 adjungit
1990 2484 2002 2505 .-
2028 2475 2126 2506 Unum

320 2526 374 2558 me
393 2522 603 2558 confundunt
626 2520 851 2554 Novatianum
877 2530 952 2553 cum
979 2519 1131 2552 Novato.
1158 2520 1202 2553 Et
1260 2521 1355 2560 illud,
1379 2525 1412 2552 in
1429 2530 1484 2562 quo
1504 2530 1561 2553 non
1581 2531 1645 2552 mea
1665 2530 1716 2554 nec
1735 2518 2128 2564 hominum,ssea.1>e1eau5
2141 2526 2190 2565 Ep.
2213 2531 2260 2562 55.

320 2576 380 2610 suo
402 2573 515 2609 officio
539 2571 725 2614 Cyprianus
750 2582 818 2603 non
836 2567 958 2603 defuit.
986 2569 1120 2603 Etenim
1133 2580 1202 2604 om·
1257 2569 1294 2614 sa
1306 2569 1364 2611 est,
1391 2570 1426 2602 de
1445 2581 1540 2603 eorum
1554 2569 1691 2611 facinore
1714 2572 2127 2613 nonputoeffereticendum‚

321 2635 398 2659 nem
422 2624 512 2658 illam
540 2622 716 2656 finitionem
743 2620 980 2654 communione
1007 2619 1146 2662 privavit
1170 2616 1204 2653 δε
1261 2621 1338 2663 quod
1355 2621 1375 2652 ἃ
1392 2625 1489 2661 primo
1503 2619 1608 2659 statim
1625 2618 1831 2663 persecutionis
1854 2620 1925 2661 die,
1948 2631 2014 2653 ‘um
2033 2632 2128 2655 recen-

322 2675 425 2720 gradu
448 2699 459 2715 ,
482 2685 519 2707 ac
548 2684 602 2716 per
629 2671 773 2714 plurium
802 2669 1038 2713 Episcoporum
1056 2693 1067 2710 ,
1095 2670 1204 2712 suique
1260 2676 1304 2703 tia
1328 2670 1559 2712 delinquentium
1570 2669 1712 2711 facinora
1728 2669 1906 2711 ferverent,
1932 2668 2129 2712 &sacrificiis

324 2724 431 2758 fidelis
457 2723 544 2757 Cleri
571 2733 609 2755 ac
631 2721 744 2764 populi
773 2719 929 2754 auxilium
956 2719 1078 2762 ejecire
1097 2719 1205 2753 civita·
1263 2719 1403 2762 nefandis
1429 2731 1487 2753 non
1508 2719 1627 2752 tantum
1652 2719 1763 2753 diaboli
1783 2719 1894 2751 altaria
1919 2742 1931 2759 ‚
1953 2718 2012 2762 sed
2033 2720 2130 2755 adhue

324 2784 356 2808 te
379 2771 648 2817 Carthaginensi.
677 2772 720 2804 Et
744 2769 824 2803 hinc
850 2770 882 2802 in
912 2769 1027 2803 litteris
1052 2768 1093 2803 ad
1119 2768 1206 2803 Cali-
1263 2781 1372 2808 manus
1397 2768 1470 2812 ipsae
1494 2768 1640 2812 lapsorum
1663 2779 1751 2810 atque
1772 2780 1823 2801 ora
1840 2769 1999 2810 fumarent
2020 2793 2031 2809 ,
2057 2782 2132 2804 com-

155 2848 206 2883 Ep·
229 2847 275 2880 38·
324 2823 462 2857 donium
491 2824 523 2856 ὃς
548 2821 772 2855 Herculanurn
801 2818 984 2862 Episcopos
995 2818 1064 2862 post
1077 2830 1207 2853 enume-
1263 2826 1412 2853 manicare
1430 2830 1496 2852 cum
1515 2819 1624 2861 lapfis,
1650 2821 1684 2853 (5
1701 2825 1884 2860 poenitentiae
1907 2821 2134 2862 agendaeinter-

362 109 476 157 274

309 180 378 216 etus
389 206 397 214 .
423 180 467 214 Et
478 176 556 214 bitte
566 184 682 214 contra
693 176 759 221 ejus
771 177 1012 222 promotionem
1025 200 1036 216 ‚
1062 175 1109 209 uti
1123 172 1177 208 ad-

310 232 431 265 versam
442 228 638 273 Apostolico
657 228 810 270 Canoni,
838 226 971 272 quidam
991 225 1175 267 Presbyteri

308 279 660 315 dureintercesserunt.
686 278 732 314 Et
744 279 849 323 pergit
868 277 1026 311 Pontius:
1055 273 1174 318 ,Quibus

307 338 424 373 quanta
433 331 576 371 lenitate,
601 330 868 374 quampatienter‚
894 328 986 369 quam
1002 325 1174 359 benevolen—

308 386 353 412 ter
371 379 489 423 indullt't
509 405 521 421 ,
545 380 635 423 quam
653 382 806 413 clementer
828 381 943 420 ignovit
954 377 972 409 ἔ
994 374 1176 413 Amiciffimos

306 428 551 474 eoqustmodum,
585 420 618 464 ἓν
635 436 713 463 inter
723 427 887 468 necessarios
901 432 1075 467 computans
1085 445 1097 462 ,
1123 427 1177 455 mi-

307 480 445 515 rantibus
461 482 565 514 multis
586 505 593 512 .
620 480 706 525 Qae
724 473 837 511 omnia
855 473 967 509 scribit
989 473 1089 508 etiam
1112 471 1176 515 ipse

307 530 494 576 Cyprianus
512 530 546 563 in
570 529 687 561 litteris
704 525 745 560 ad
769 526 857 558 suam
879 523 1005 567 plebem
1023 546 1034 561 ,
1070 522 1103 556 &
1124 520 1177 555 ad-

326 2883 393 2907 rata
413 2873 597 2906 Feliciffimi
620 2871 764 2904 facinora
790 2881 887 2911 atque
915 2868 1039 2913 flagitia
1078 2867 1205 2903 scribit:

329 2922 514 2962 Feliciffimus
549 2927 743 2952 comminatus
784 2919 820 2959 est
839 2918 994 2960 fratribus
1026 2918 1128 2959 nostris
1159 2927 1209 2961 po-

328 2982 447 3008 tentatu
472 2969 600 3013 improbo
628 2971 662 3003 (5
689 2978 799 3002 terrore
824 2970 951 3001 violento
971 2993 983 3009 ,
1008 2971 1092 3010 quod
1111 2968 1209 3012 secum

329 3030 362 3059 in
386 3030 484 3056 monte
511 3031 567 3053 non
592 3024 856 3058 communicarent,
883 3025 935 3059 qui
962 3019 1044 3051 nobis
1070 3019 1208 3060 obtempe-

330 3085 400 3108 rare
425 3070 595 3114 voluiffent.
625 3068 768 3103 Civitate
793 3068 902 3111 pulsus
929 3068 1142 3102 Feliciffimus
1175 3070 1206 3102 in

332 3123 443 3158 nescio
468 3133 535 3164 quo
563 3130 677 3163 propre
705 3117 941 3162 Carthaginem
967 3129 1083 3152 monte
1107 3119 1209 3152 erexit

333 3183 457 3207 novum
486 3171 600 3204 Altare
622 3193 633 3209 ,
661 3167 837 3202 manifesto
863 3167 1035 3202 schismate
1061 3167 1211 3202 laceravit

333 3222 533 3267 Ecclesiam,
558 3218 627 3252 illic
655 3219 684 3252 se
709 3216 1184 3252 ostentavitArchidiaconum
1202 3243 1211 3257 ‚

333 3272 368 3305 &
395 3272 493 3314 coepit
521 3280 643 3304 novum
667 3267 883 3312 Evangelium
895 3268 1079 3311 praedicare.
1108 3267 1211 3314 Qod

333 3320 681 3362 Pseudo—Episcopus
708 3319 908 3352 Fortunatus
933 3319 1034 3351 etiam
1061 3318 1131 3351 illic
1152 3318 1212 3351 suae

335 3369 523 3415 pestilentiae
534 3368 732 3404 Cathedram
753 3367 887 3405 erexerit
898 3393 909 3410 ‚
937 3367 1070 3403 testatur
1082 3367 1213 3411 Cypria·

1224 3406 1230 3435 ¹
1261 3412 1266 3444 l

753 94 1163 139 DrssssR-rano
1197 104 1263 136 De
1299 105 1736 139 peccaronum.

1238 184 1298 207 nus
1324 174 1359 207 in
1380 173 1444 208 alia
1469 174 1509 209 ad
1535 177 1689 211 &netum
1715 178 1920 222 cyprianum
1946 181 2114 227 Epistoia;

1240 224 1283 256 Et
1317 222 1351 256 id
1387 224 1490 266 ipsum
1525 225 1665 260 insinuat
1700 227 1736 260 in
1763 229 1909 264 sermone
1932 232 1973 269 de
1998 234 2113 278 lapsis.

1237 271 1400 320 Qinque
1426 273 1611 317 Presbyteri
1638 287 1729 312 erant
1755 277 1814 311 viri
1841 279 1931 314 senes
1953 306 1966 323 ‚
1989 284 2025 318 ὅ(
2049 284 2116 317 exi·

1240 322 1312 355 miae
1336 322 1421 366 apud
1446 335 1582 359 omnem
1608 325 1736 370 plebem
1756 325 1980 364 authoritatis.
2007 332 2055 368 At
2064 345 2117 368 oc·

1240 370 1329 406 culte
1353 372 1523 418 insigniter
1556 376 1748 411 criminosi.
1784 378 1989 422 Huiusmodi
2022 382 2112 421 enim

1242 421 1337 465 paleae
1362 423 1466 458 solent
1491 424 1577 459 foras
1595 436 1686 460 extra
1708 427 1854 462 Ecclesiae
1874 440 1983 464 aream
2008 433 2114 466 avola-

1242 482 1298 505 re.
1325 471 1369 507 Et
1390 472 1425 507 hi
1445 474 1519 508 sunt
1545 476 1643 519 primi
1671 477 1828 512 Afrorum
1855 477 1997 514 haeretici
2016 480 2118 515 Mon·

1243 520 1363 555 tenses.
1390 524 1639 560 Donatistarum
1667 527 1857 564 Monteuses
1883 541 1951 564 non
1987 530 2119 566 fuerunt

1264 2872 1362 2904 cedere
1382 2881 1439 2902 non
1461 2869 1653 2909 destiterunt.
1681 2870 1868 2912 Exaggerat
1894 2866 1959 2902 hoc
1986 2871 2132 2911 facinus,

1269 2921 1371 2964 sperni
1393 2920 1588 2953 lamentatur
1614 2919 1680 2961 jam
1701 2919 1868 2951 laudatum
1897 2919 2056 2952 Romanae
2077 2921 2134 2963 Sy-

1270 2971 1348 3004 nodi
1369 2970 1533 3004 decretum
1555 2991 1566 3007 ,
1600 2969 1635 3002 &
1654 2968 1873 3012 prosequitur:
1901 2968 2072 3002 Elaborant
2096 2981 2134 3004 ne

1269 3023 1383 3054 Divina
1401 3021 1556 3053 clementia
1576 3019 1746 3051 vulneratos
1769 3023 1801 3049 in
1824 3017 2015 3062 Ecclefiasua
2029 3029 2131 3060 curet,

1268 3069 1433 3113 miserorum
1446 3073 1656 3111 poenitentIam
1676 3068 1890 3100 mendaciorum
1906 3067 2029 3110 suorum
2043 3068 2136 3110 frau-

1269 3123 1305 3154 de
1324 3127 1512 3159 corrumpunt
1534 3141 1544 3158 ,
1571 3129 1606 3150 ne
1627 3121 1690 3151 Deo
1707 3119 1881 3161 indignanti
1897 3117 2032 3161 satis-fiat
2053 3142 2064 3158 ,
2098 3129 2134 3151 ac

1270 3170 1418 3210 Christum
1440 3171 1598 3200 Dominum
1614 3166 1722 3210 suum,
1747 3174 1799 3209 qui
1820 3168 2008 3209 Christianus
2028 3168 2078 3210 effe
2087 3168 2138 3200 vel

1269 3221 1384 3253 erubuit
1405 3228 1475 3252 ante
1491 3218 1542 3251 vel
1551 3223 1651 3250 timuit
1662 3242 1672 3257 ,
1693 3216 1874 3259 postmodum
1886 3225 2002 3260 quaerat
2014 3242 2025 3256 ,
2050 3228 2086 3250 ne
2095 3217 2139 3255 ad

1272 3268 1428 3311 Ecclefiam
1440 3293 1451 3309 ‚
1475 3275 1529 3310 qui
1547 3269 1584 3300 de
1595 3267 1720 3308 Ecclesia
1738 3268 1906 3310 receffirat,
1930 3269 2051 3300 redeat.
2078 3270 2142 3304 Da·

1272 3329 1320 3352 tur
1348 3327 1435 3361 opera
1451 3342 1462 3357 ,
1488 3329 1524 3351 ne
1539 3316 1802 3360 satisfablionibus
1826 3319 1859 3350 ὦ·
1878 3316 2141 3349 lamentationibus

1266 3369 1354 3409 justis
1365 3368 1687 3407 delicffarcdimantum
1714 3378 1751 3400 ne
1774 3367 1898 3399 vulnera
1918 3365 2073 3406 lachrymis
2093 3366 2145 3398 ab-

2015 3417 2099 3448 luen.
