2352 3756
87 1303 127 1333 A·
157 1305 221 1339 369.

116 2700 145 2729 ¹²·
171 2707 235 2736 559·

858 143 1422 188 CONCILIUM.

230 229 420 266 Constantii
443 225 565 264 Editus
587 235 693 272 parere
713 227 900 262 constanter
911 226 1087 261 recusarint
1101 248 1110 264 ,

233 281 317 314 infra
340 281 449 314 laudat
467 279 662 314 Athanafius
678 303 688 318 ‚
714 289 751 312 ac
778 279 904 322 pergit:
933 283 991 311 His
1015 277 1059 308 ad
1077 273 1111 317 se

231 335 346 365 vocatis
361 332 443 372 juffir
463 336 628 373 Imperator
647 338 680 362 ut
704 339 806 362 contra
829 325 1018 366 Athanafium
1038 324 1113 368 sub·

229 380 414 424 scriberent,
438 384 472 414 (⁴5
493 393 557 414 cum
568 384 719 413 Haereticis
731 384 959 412 communionem
978 382 1110 409 inirent.

232 432 351 474 ‚Quibus
373 431 594 464 admirantibus
616 441 724 462 novum
739 431 804 470 ejus
821 427 954 468 studium
977 451 987 466 ,
1015 427 1113 459 dicen·

232 479 365 523 libusque
383 482 419 514 id
444 493 501 513 non
521 479 573 522 effe
598 478 782 520 Ecclefiaflici
812 482 945 510 Canonis
966 501 977 516 ‚
1010 476 1113 515 statim

229 530 380 574 subjecit:
418 535 458 563 At
477 531 557 572 quod
575 542 624 573 ego
649 529 716 562 volo
734 528 773 569 fit
795 536 851 569 pro
870 533 991 560 canone
1018 550 1025 557 .
1064 530 1114 558 Ita
1143 551 1146 554 .

234 587 313 615 enim
334 592 379 612 me
400 581 562 621 loquentem
585 582 672 618 syriae
693 576 837 620 Episcopi
853 575 996 619 sustinent
1019 599 1027 607 .
1055 580 1114 607 Aut

234 635 324 674 igitur
344 629 540 671 obtemperate
560 654 570 670 ‚
597 636 649 661 aut
671 641 725 661 vos
749 639 860 669 quoque
886 629 987 663 exules
1015 625 1112 664 abite.

236 680 278 712 Id
294 690 357 713 cum
374 680 520 721 audissent
531 678 691 722 Episcopi,
720 685 893 721 magnopere
903 678 1113 714 admirantes,

237 731 272 762 Θ
296 731 340 761 ad
360 731 455 762 Deum
475 741 583 761 manus
611 729 788 767 tendentes,
814 728 909 760 multa
921 737 984 758 cum
994 724 1113 757 liberta·

234 775 268 814 ’τε
289 778 364 822 suas
392 780 439 815 illi
459 786 588 815 rationes
608 776 824 820 proposuerunt
851 800 862 816 ‚
896 778 1032 808 docentes
1060 776 1114 810 Re·

234 840 330 872 gnum
349 841 406 861 non
426 828 513 869 ipsius
535 830 609 870 effe,
630 826 688 869 sed
710 830 791 865 Dei,
817 828 837 857 ἃ
861 836 915 867 quo
941 832 1113 864 acceperat,

236 888 360 918 eumque
384 879 594 915 metuendum,
620 887 656 908 ne
676 875 754 908 illud
762 880 780 912 ,“
798 876 876 916 quod
901 875 1045 914 dederat,
1074 886 1115 907 re-

234 928 330 970 pente*
349 928 490 962 adimeret
512 951 519 958 .
559 925 786 961 Denunciabant
813 925 861 957 illi
887 925 966 957 diem
985 925 1115 965 judicii,

234 976 465 1020 suadebantque
487 988 522 1010 ne
547 973 740 1017 Ecclefiastica
775 983 973 1017 corrumperet
994 999 1004 1014 ,
1042 985 1115 1008 neve

242 1032 407 1059 Romanum
439 1031 599 1068 Imperium
626 1024 830 1066 Ecclestasticis
854 1024 1115 1064 constitutionibus

242 1076 435 1119 immisceret,
462 1088 538 1110 neve
558 1081 703 1109 Arianam
714 1074 843 1118 haerefim
854 1077 1004 1109 induceret
1015 1080 1047 1107 in
1060 1078 1115 1108 Ec-

242 1126 374 1166 clesiam.
403 1128 511 1160 Verum
529 1138 578 1160 nec
600 1127 647 1159 ille
669 1127 792 1165 audiit,
819 1136 870 1159 nec
887 1137 933 1158 eos
957 1127 1049 1167 plura
1075 1126 1117 1157 di-

244 1188 305 1211 cere
326 1176 455 1218 permifit
476 1203 483 1211 .
512 1177 659 1211 Cunctos
682 1176 862 1219 proscripsit
883 1176 916 1208 in
935 1175 1024 1208 varia
1050 1176 1117 1208 exi-

244 1228 305 1261 lia.
332 1228 376 1260 Et
399 1226 465 1260 huc
487 1227 615 1270 respicit
639 1227 673 1259 in
687 1224 1119 1267 EusebianiChronioisup-

242 1278 410 1320 plemento
433 1278 568 1311 Santius
588 1275 834 1319 Hieronymus:
861 1280 971 1309 Omnes
983 1284 1042 1308 toto
1054 1275 1119 1308 orbe

239 1329 318 1369 pem?
337 1325 487 1368 Ecclefiae,
509 1326 566 1370 sub
588 1332 701 1360 nomine
719 1332 809 1369 pacis
833 1327 868 1360 ὀ·
895 1330 1007 1370 Regis,
1034 1329 1118 1358 Aria-

243 1389 347 1411 norum
367 1375 506 1419 consortio
524 1377 696 1419 polluuntur
714 1400 722 1408 .
760 1377 858 1410 Muta
885 1376 1120 1410 Constantium

241 1429 277 1462 in
301 1427 509 1467 Henrieum‚
537 1427 758 1461 Athanasium
774 1427 808 1460 in
820 1425 1037 1471 Gregorium,
1065 1425 1120 1468 Sy-

240 1478 296 1511 riae
318 1477 495 1520 Episcopos
514 1478 549 1511 in
573 1476 807 1512 VVecilonem
823 1500 835 1523 3
862 1475 979 1510 Arium
992 1475 1026 1509 in
1041 1475 1121 1508 Gui-

242 1527 389 1561 bertum:
417 1527 490 1560 Erit
508 1527 622 1561 eadem
643 1528 717 1561 fasti
739 1527 879 1570 species.
908 1525 1120 1560 Nam-&hoc

242 1577 444 1611 Guibertino
465 1588 612 1621 tempore
629 1582 744 1611 omnes
765 1575 865 1611 ferme
875 1577 1120 1612 Germanorum

242 1637 281 1660 nc
304 1628 464 1660 italorum
489 1628 636 1662 Ecclefiae
659 1628 789 1661 fuerunt
813 1639 868 1671 per
893 1628 1121 1672 contagiosam

242 1677 515 1710 communionem
537 1677 669 1720 polluta:
690 1701 697 1708 .
738 1678 783 1711 Et
809 1679 858 1710 uti
885 1677 1123 1716 Constantius,

242 1725 289 1773 ita
316 1727 351 1760 &
377 1726 542 1761 Henricus
560 1726 605 1761 ob
630 1725 749 1760 similes
762 1726 934 1760 violentias
947 1727 1051 1760 amisit
1062 1727 1126 1759 Im-

243 1775 371 1819 perium
391 1800 398 1808 .
437 1776 527 1809 Nam
560 1777 595 1809 δε
622 1777 729 1819 ipsum
758 1775 877 1810 Arium
903 1777 997 1810 fuisse
1021 1776 1038 1809 ὲ
1066 1775 1125 1809 Ni-

243 1835 334 1859 caena
361 1826 499 1868 Synodo
527 1825 638 1869 inique
655 1825 849 1860 damnatum
861 1826 1010 1865 censuit,
1037 1824 1125 1858 ideo-

242 1886 307 1918 que
332 1874 400 1908 fine
425 1875 617 1918 poenitentia
644 1874 679 1909 &
704 1874 974 1909 reconciliatione
985 1875 1026 1908 ad
1038 1884 1124 1908 com·

242 1924 442 1959 munionem
469 1925 590 1968 suscipi
614 1925 657 1958 ab
684 1923 1126 1958 Alexandro.Constantino·

240 1973 395 2018 politano
423 1975 588 2018 Episcopo
614 1974 700 2018 juffit
723 1973 958 2008 Constantius.
986 1974 1129 2008 Excom-

241 2024 421 2059 manicatis
459 2024 634 2058 ithacianae
669 2023 920 2067 conspirationis
957 2024 1128 2066 Episcopis

242 2074 343 2108 etiam
370 2075 522 2108 Sandium
549 2074 735 2107 Martinum
771 2073 1018 2106 communicare
1042 2072 1126 2115 juffit

242 2124 422 2167 Imperator
443 2123 633 2157 Maximus.
663 2123 705 2156 Et
728 2121 816 2167 quod
829 2122 993 2156 Martinus
1006 2122 1046 2156 ab
1059 2122 1125 2156 An-

244 2174 321 2218 gelo
339 2178 504 2217 corrept-us
530 2173 652 2213 fuerit,
679 2183 716 2206 ae
742 2172 866 2207 exinde
891 2172 1126 2207 miraculorum

243 2224 385 2268 gratiam
407 2222 535 2257 senserit
560 2223 618 2257 libi
636 2221 812 2266 suspendi,
838 2223 972 2257 testatur
1000 2222 1035 2256 in
1062 2221 1129 2266 ejus

243 2274 313 2307 vita
341 2273 496 2316 Sulpicius
522 2273 656 2307 Severus
680 2298 687 2306 .
716 2272 759 2306 Et
782 2273 901 2307 litteris
921 2297 931 2312 ,
967 2284 1021 2317 pet
1049 2284 1128 2315 quas

244 2323 478 2366 imperatorem
506 2322 688 2358 Arcadium
717 2324 1020 2358 excommunicavit
1039 2348 1048 2364 ‚
1075 2322 1129 2357 In-

244 2373 421 2406 nocentius
443 2372 566 2416 primus
586 2373 714 2407 addidit
736 2385 743 2405 :
772 2375 804 2406 51
830 2379 894 2407 vim
918 2398 928 2414 ‚
954 2375 1035 2416 quod
1053 2377 1130 2416 equi-

245 2424 314 2456 dem
335 2422 486 2456 abominor
501 2446 511 2462 ‚
547 2423 698 2466 aliquibus
721 2421 835 2464 inferre
861 2422 925 2465 aufi
935 2423 1064 2465 fueritis
1090 2423 1134 2456 ad

246 2471 452 2517 abrogandam
478 2472 556 2506 banc
575 2473 763 2515 Apollolicam
786 2471 968 2516 sandionem
993 2498 1004 2514 ,
1045 2478 1131 2507 eritis

244 2528 279 2555 in
297 2522 442 2564 posterum
461 2522 601 2567 universo
622 2528 710 2557 caetui
733 2522 893 2557 orthodoxo
913 2533 1058 2566 tanquam
1073 2525 1132 2556 Pu-

249 2572 409 2606 blicani&
435 2575 571 2617 Pagani.
599 2573 737 2607 Timuit
760 2575 897 2607 censurae
908 2583 1131 2616 contemptum

250 2633 288 2655 ac
310 2623 526 2657 violentiam.
554 2622 669 2657 Exstat
692 2622 840 2666 Epistola
863 2623 898 2656 in
925 2634 1018 2657 nono
1047 2623 1131 2656 libro

250 2672 328 2716 iuris
349 2673 646 2707 Graeco-Romani.
676 2672 719 2706 Et
730 2674 1109 2707 excommunicationem
1122 2697 1131 2713 ,

252 2724 351 2767 quam
374 2722 597 2757 Haeresiarchae
616 2722 772 2757 Nestorio
796 2734 850 2766 per
866 2723 1075 2766 Apostolicas
1086 2723 1129 2757 vi·

252 2785 306 2808 ces
326 2773 451 2806 inflixit
470 2775 605 2807 Sanstus
617 2773 766 2816 Cyrillus
780 2772 985 2807 Alexandriae
996 2772 1131 2807 Patriar-

252 2823 314 2858 cha
328 2848 339 2864 ‚
352 2824 428 2857 licet
440 2834 506 2857 non
518 2823 714 2864 exsufflarit,
742 2834 852 2857 tamen
867 2825 964 2866 usque
975 2823 1014 2857 ad
1027 2821 1129 2867 Ephe-

251 2874 313 2907 sini
332 2873 479 2908 Concilii
499 2885 638 2907 examen
652 2873 814 2916 suspendit
826 2873 1006 2917 Imperator
1017 2872 1130 2908 Theo-

253 2923 381 2957 dofius.
409 2924 503 2957 Hinc
530 2924 675 2967 impurus
702 2923 757 2957 ille
784 2923 910 2967 Judaeus
932 2923 995 2957 fuit
1022 2923 1062 2957 ad
1075 2925 1132 2969 sy-

251 2970 335 3006 nodi
357 2973 531 3021 exordium
553 2974 707 3008 invitatus
734 2974 1046 3019 utireligiofiffimus
1059 2973 1132 3018 Epi-

254 3024 372 3066 scopus
391 3047 398 3055 .
445 3023 616 3068 Augustus
651 3025 728 3057 item
754 3025 848 3059 Zeno
877 3023 973 3058 Petro
1000 3023 1128 3069 Mogo,

254 3073 548 3108 excommunicato
576 3074 809 3108 Alexandrinae
845 3073 936 3109 Sedis
970 3074 1132 3116 invasori,

256 3134 374 3156 omnes
409 3123 482 3157 istic
518 3122 727 3159 orthodoxos
753 3124 840 3170 jussit
875 3124 1130 3159 communicare.

257 3173 305 3207 Ita
324 3172 422 3206 habes
445 3174 478 3206 in
504 3173 611 3207 Sancti
635 3175 757 3208 Gelasii
778 3185 872 3210 tomo
906 3175 947 3208 de
972 3175 1131 3209 sententia

255 3220 476 3256 anathematis
495 3236 504 3255 τ
542 3222 699 3264 Manifesta
736 3225 922 3267 approbatur
958 3225 1131 3258 Alexandri-

257 3284 327 3306 num
352 3275 475 3306 Petrum
493 3281 549 3315 per
568 3274 763 3313 Imperialem'
787 3276 994 3309 tantummodo
1016 3273 1131 3318 senten-

257 3328 332 3356 tiam
353 3324 576 3365 nulloprorszis
609 3324 694 3355 modo
711 3326 832 3368 potuisse
854 3323 967 3368 absolvi
993 3350 998 3357 .
1035 3325 1090 3358 Ubi
1108 3325 1138 3367 fi

259 3373 437 3415 Pontificum
474 3375 584 3416 q'uoque
605 3372 734 3415 sociatur
759 3372 900 3417 adsenfiis
922 3400 933 3415 ‚
970 3380 1132 3418 quarimus

259 3424 360 3456 utrum
379 3424 554 3466 praeceffertt
566 3446 575 3461 ‚
601 3435 642 3455 an
653 3423 752 3464 fuerit
765 3422 962 3468 subsecutus?
987 3427 1018 3459 51
1034 3424 1130 3470 subse·

359 3473 467 3515 christ.
477 3477 554 3518 Lupi
565 3478 662 3517 Opera
672 3477 703 3506 T.
709 3478 758 3508 VI.

1175 233 1260 259 cutus
1277 224 1316 265 est
1328 248 1339 264 ‚
1366 225 1554 260 nihilominus
1578 232 1622 262 ad
1641 233 1677 265 id
1690 235 1805 267 reditur
1818 258 1828 274 ,
1854 242 1887 268 ut
1907 234 2050 278 absolone

1173 273 1310 318 saeculari
1315 275 1457 317 potestate
1462 285 1616 318 praecepta
1631 303 1640 317 ,
1667 284 1913 326 &principaliter
1935 285 2049 318 inchoa·

1177 335 1211 357 ta
1230 327 1333 359 valere
1354 338 1411 359 non
1431 327 1529 368 poffit,
1562 328 1791 373 Pontificumque
1807 333 1925 376 [ει-κτω-
1946 334 2051 378 adsen-

1173 374 1227 418 sus
1250 377 1432 409 adulationis
1450 378 1552 418 potius
1573 376 1674 418 fuerit
1687 402 1697 417 ‚
1725 384 1812 421 quam
1833 385 1969 427 legitimae
1977 384 2051 427 san-

1176 426 1294 459 tironis.
1326 429 1358 459 si
1367 428 1507 468 praeceffit
1519 452 1530 468 ,
1547 429 1692 471 ,doceatur
1702 429 1723 460 ἃ
1736 429 1838 471 quibus
1851 435 1884 465 Θ·
1897 435 1945 466 ubi
1955 436 2004 467 ille
2008 433 2050 474 fit

1171 475 1286 519 gestus.
1317 477 1400 522 Quae
1424 477 1518 511 verba
1541 477 1576 510 in
1599 478 1664 511 suis
1686 478 1726 511 ad
1750 490 1866 513 omnes
1890 482 2051 517 Constan-

1177 527 1403 570 tinopolitanae
1426 527 1600 561 Dioecefios
1612 527 1784 562 Antistites
1797 529 1831 563 δε
1844 527 1990 564 Clericos
2002 532 2054 565 lit⁴

1178 577 1251 610 teris
1273 578 1408 611 adducit
1420 578 1581 611 Nicolaus
1595 579 1715 620 primus
1729 603 1739 618 ,
1766 579 1799 612 δε
1812 590 1852 612 ex
1868 580 1936 622 ipsis
1949 580 2055 614 osten-

1177 627 1226 662 dit
1251 626 1455 672 Gregorium
1480 627 1670 668 Asbestam,
1699 627 1861 671 Syracusae
1884 628 2056 672 Archiepi-

1179 678 1331 720 scopum,
1359 676 1447 719 cujus
1473 677 1602 710 vincula
1623 678 1802 720 Imperator
1825 678 1972 713 Michael
1998 688 2056 712 ter-

1178 727 1242 760 tius
1264 728 1419 766 caffarat,
1447 727 1538 760 fuisti:
1561 727 1668 771 magis
1692 728 1890 762 innodatum
1903 740 2058 763 acmacu-

1178 776 1281 814 larum
1295 802 1302 809 .
1333 777 1376 812 Et
1389 778 1464 813 istas
1475 777 1598 811 litteras
1611 775 1760 819 probavit
1772 801 1783 818 ,
1793 789 1830 811 ac
1843 779 1903 816 suae
1913 779 2058 821 septimae

1181 827 1315 861 Astioni
1345 827 1479 861 inseruit
1502 828 1653 861 odiavum
1682 826 1874 861 Concilium
1900 854 1906 860 .
1945 829 2058 863 Etiam

1179 876 1360 911 Theodora
1380 877 1528 922 Augusta
1551 902 1561 917 ,
1598 876 1772 921 Iustiniani
1794 877 1967 921 imperiosa
1990 889 2062 913 rnu-

1180 927 1258 967 lier,
1286 928 1436 970 Sylverio
1458 939 1495 962 ac
1510 927 1642 973 Vigilio
1655 925 1994 971 Pontificibusjuffit,
2023 938 2062 965 ut

1181 975 1355 1020 Anthymo
1378 979 1632 1022 Trapezuntino
1646 978 1827 1022 Episcopo,
1859 977 2011 1013 haeretico
2023 988 2062 1012 ac

1180 1027 1357 1068 damnato,
1384 1027 1454 1062 fine·
1474 1028 1669 1071 poenitentia
1688 1040 1726 1064 ac
1747 1027 1956 1063 absolutione
1975 1039 2066 1063 com-

1182 1078 1402 1112 municarent.
1431 1079 1475 1112 Et
1495 1077 1574 1113 hinc
1585 1079 1735 1122 processit
1755 1077 1919 1114 horrenda
1931 1079 1988 1113 illa
1998 1089 2067 1123 per-

1182 1128 1308 1163 secutio
1331 1129 1365 1162 in
1386 1138 1564 1173 utrumque
1586 1129 1805 1163 Pontificem.

1231 1178 1383 1212 Eandem
1396 1178 1691 1213 violentiamasuis
1714 1178 1861 1224 Regibus
1883 1179 2068 1223 frequenter

1184 1228 1269 1271 passa
1291 1227 1337 1261 est
1359 1227 1438 1261 item
1463 1228 1583 1262 Latina
1608 1227 1770 1263 Ecclesia.
1798 1229 1934 1263 Etenim
1960 1227 2070 1263 Otho-

1186 1289 1260 1312 nem
1285 1278 1427 1320 primum
1448 1278 1680 1320 Imperatorem
1694 1303 1704 1319 ,
1731 1278 1822 1323 quod
1833 1280 1891 1326 sibi
1905 1279 1923 1312 ὸ.
1938 1279 2068 1322 proprio

1184 1328 1256 1361 filio
1278 1327 1451 1362 Frederico
1476 1327 1687 1373 Moguntino
1716 1330 1884 1373 Episcopo
1906 1328 2070 1362 infliiium

1184 1378 1229 1412 ob
1250 1388 1361 1422 pravas
1385 1378 1513 1422 nuptias
1529 1378 1704 1413 anathema
1722 1380 1885 1423 sperneret
1909 1391 1947 1413 ac
1966 1376 2073 1412 exsuf-

1185 1428 1274 1463 flaret
1294 1453 1304 1469 ‚
1343 1427 1435 1461 fiiiffe
1455 1428 1578 1463 infelici
1618 1439 1724 1464 morte
1743 1430 1761 1462 ὲ
1786 1430 1860 1463 Deo
1890 1426 2072 1473 percussum

1187 1478 1298 1512 scribit
1324 1478 1364 1512 ad
1380 1478 1605 1513 “Desiderium
1642 1479 1865 1513 Caffinensem
1901 1478 2071 1513 Abbatem
2114 1518 2118 1523 .

1187 1530 1319 1563 Sanetus
1343 1528 1459 1563 Petrus
1482 1529 1659 1563 Damiani.
1687 1527 1731 1562 Et
1745 1529 1785 1563 de
1801 1528 1959 1573 Philippo
1972 1529 2076 1562 Fran-
2090 1519 2148 1551 Lib·
2176 1528 2208 1548 ²·

1187 1591 1303 1614 corum
1327 1579 1444 1624 Rege,
1471 1578 1516 1613 ob
1537 1580 1657 1613 similes
1682 1579 1813 1623 nuptias
1834 1579 1994 1613 damnato
2016 1589 2073 1621 per
2088 1570 2131 1600 ep·
2158 1568 2203 1594 ¹⁵⁸

1188 1629 1389 1664 Pistaviense
1401 1629 1594 1665 Concilium
1608 1654 1619 1670 ,
1645 1628 1744 1664 habet
1756 1629 1864 1674 Hugo
1876 1629 1988 1663 Abbas
2000 1629 2074 1662 Fla·
2091 1642 2118 1670 p,
2143 1640 2209 1668 250,

1191 1680 1404 1713 viffiacenfis:
1425 1681 1585 1725 Jezabelis
1603 1679 1691 1721 furor
1705 1704 1716 1720 ‚
1742 1677 1811 1723 usus
1822 1686 1958 1713 novitate
1965 1678 2074 1721 profa-

1190 1741 1251 1768 na,
1278 1740 1386 1761 manus
1409 1734 1519 1770 impias
1537 1736 1570 1762 in
1595 1733 1691 1763 Deum
1702 1731 1864 1763 extendens
1881 1755 1892 1770 ,
1918 1730 2000 1770 miffis
2014 1732 2077 1770 Ap·

1186 1777 1368 1820 paritoribus
1391 1776 1550 1820 Ecclesiam
1566 1778 1683 1823 fregit,
1709 1780 1742 1812 Θ
1763 1784 1795 1812 in
1806 1791 1840 1813 ea
1845 1779 1902 1821 fibi
1916 1779 2032 1821 Miffam
2046 1779 2067 1809 ἃ

1187 1826 1232 1870 sui
1254 1826 1396 1869 similibus
1417 1829 1475 1862 dici
1496 1834 1598 1872 coegit.
1628 1829 1671 1862 Et
1692 1829 1725 1862 in
1750 1828 1866 1863 litteris
1887 1827 1928 1863 ad
1951 1838 2068 1862 omnes

1191 1879 1313 1911 Sanstae
1338 1877 1497 1911 Romanae
1511 1878 1659 1912 Ecclefiae
1672 1877 1881 1918 cardinales,
1909 1878 2071 1913 exstantes

1192 1925 1276 1968 apud
1294 1925 1503 1962 Cardinalem
1520 1928 1674 1962 Caesarem
1694 1929 1875 1962 Batonium
1897 1954 1908 1969 ‚
1936 1929 2072 1962 Sanstus

1191 1975 1346 2010 Thomas
1365 1976 1608 2011 Cantuariensis
1629 1977 1757 2022 Regem
1777 1979 1871 2012 suum
1885 1979 2072 2012 Henricum
2089 1988 2127 2019 Α.
2148 1985 2231 2015 iic&-

1183 2025 1370 2061 secundum
1393 2027 1553 2061 accusavit
1573 2027 1674 2061 etiam
1687 2028 1728 2061 de
1741 2026 1806 2062 hoc
1818 2029 1977 2062 articulo:
2005 2031 2074 2061 Rex

1194 2077 1322 2109 mandat
1333 2077 1458 2109 clericos
1465 2075 1498 2119 se
1509 2088 1565 2110 non
1576 2075 1683 2111 habere
1704 2084 1986 2116 excommunicatos,
2010 2079 2075 2111 cum

1193 2125 1373 2166 ritefuerint
1385 2131 1627 2158 excommunicat}
1641 2151 1648 2157 .
1675 2127 1719 2160 Et
1732 2128 1816 2161 inter
1829 2129 2007 2167 articulos,
2035 2126 2076 2161 de

1195 2173 1312 2220 quibus
1324 2173 1505 2219 Anglicani
1530 2174 1682 2219 Episcopi
1704 2187 1891 2222 pugnarunt
1911 2188 1986 2210 cum
2011 2177 2078 2210 Re-

1195 2237 1235 2270 ge
1247 2226 1398 2259 Henrico
1409 2224 1527 2266 tertio,
1554 2224 1744 2259 fuit&hic:
1775 2230 1841 2259 Rex
1862 2228 1991 2259 mandat
2009 2224 2077 2269 suis

1194 2277 1325 2316 litteris,
1351 2276 1433 2317 quod
1450 2287 1508 2309 non
1532 2280 1668 2309 ‘ementur
1693 2283 1939 2310 excommunicati
1964 2301 1974 2317 ,
2009 2278 2077 2309 liceo

1191 2334 1249 2368 per
1270 2327 1448 2359 ordinarios
1463 2326 1584 2368 publice
1609 2327 1821 2361 denuncientur
1844 2331 2078 2361 excommunica-

1196 2383 1238 2409 ti.
1268 2375 1311 2409 Et
1330 2377 1462 2410 fuerunt
1484 2375 1529 2409 ibi
1551 2375 1655 2419 plures
1679 2376 1793 2411 similis
1805 2379 1917 2411 firinae
1927 2375 2073 2411 articuli.

1198 2426 1264 2459 Eos
1285 2425 1385 2459 habes
1405 2426 1440 2460 in
1469 2425 1715 2469 Additamentis
1745 2427 1894 2461 Matthaei
1924 2426 2076 2461 parisien-

1197 2477 1260 2509 sis.
1298 2475 1407 2519 Hujus
1433 2465 1732 2521 Regiiviolentiae
1752 2477 1910 2512 habemus
1935 2477 2075 2521 plurima

1197 2526 1344 2569 exempla
1356 2551 1363 2559 .
1394 2527 1437 2561 Et
1456 2526 1523 2569 ipsa
1541 2527 1724 2561 etiamnum
1747 2527 1846 2561 hodie
1858 2529 1947 2572 viget
1960 2528 1993 2560 in
2006 2527 2077 2570 qui·
2094 2524 2118 2551 F·
2142 2533 2209 2554 ²00·

1198 2575 1332 2610 busdam
1348 2575 1502 2620 supremis
1522 2575 1693 2611 Senatibus
1707 2602 1717 2617 ,
1746 2578 1826 2611 ausis
1847 2589 1916 2611 non
1932 2587 2077 2611 tantum-

1198 2624 1299 2659 modo
1320 2626 1526 2669 Episcopales
1542 2651 1552 2665 ,
1583 2627 1636 2661 sed
1655 2628 1753 2661 etiarn
1779 2627 1915 2670 Papales
1941 2625 2075 2661 anathe-

1193 2675 1291 2710 matis
1311 2676 1486 2710 sententias
1508 2677 1716 2717 examinare,
1742 2678 1883 2720 iudicare
1896 2702 1906 2718 ,
1933 2677 2050 2711 cassare
2063 2701 2074 2716 ,

1196 2725 1358 2760 absolvere
1382 2752 1389 2759 .
1428 2727 1563 2770 Joannis
1586 2726 1778 2761 Patriarchae
1802 2725 2005 2764 Antiocheni
2029 2728 2077 2760 fa-

1196 2776 1259 2810 Ciio
1280 2776 1378 2810 etiam
1401 2775 1694 2819 post-Ephesinum
1714 2776 1908 2812 Concilium
1929 2789 1998 2812 non
2010 2778 2075 2810 ces-

1198 2825 1275 2860 savit
1286 2826 1390 2860 favere
1407 2826 1563 2861 Nestorio
1574 2852 1584 2868 ‚
1611 2827 1644 2861 &
1661 2828 1770 2862 San-sti
1784 2828 1904 2872 Cyrilli
1919 2828 2075 2863 damnare

1197 2875 1348 2919 Capitula
1372 2902 1379 2908 .
1416 2874 1511 2910 Hinc
1535 2877 1604 2920 ejus
1625 2876 1712 2920 apud
1737 2878 2073 2921 Constantinopolim

1197 2928 1339 2970 Legatos
1361 2925 1586 2961 Maximianus
1611 2927 1789 2971 Episcopus
1801 2929 1937 2962 exclusit
1951 2928 1992 2962 ab
2004 2937 2074 2960 om-

1198 2976 1231 3010 ni
1253 2976 1411 3017 Basilica,
1440 2977 1578 3020 privavit
1599 2978 1694 3012 omni
1716 2979 1870 3014 facultate
1891 2980 2069 3021 synaxeos.

1197 3028 1239 3062 Et
1257 3026 1348 3061 istius
1370 3027 1497 3061 vinculi
1517 3029 1728 3063 cassationem
1757 3030 1942 3073 flagitantes
1970 3026 2076 3069 Impe-

1195 3087 1282 3112 rator
1302 3075 1513 3111 Theodosius
1535 3079 1654 3113 remisit
1675 3079 1715 3112 ad
1729 3078 1924 3123 Episcopum
1937 3102 1948 3117 ,
1977 3075 2075 3110 &ad-

1194 3127 1322 3171 junxit:
1350 3129 1503 3169 Equidem
1523 3128 1668 3172 Episcopo
1692 3130 1839 3171 imperare
1863 3139 1921 3162 non
1939 3127 2068 3170 poffum.

1197 3179 1243 3212 lta
1264 3176 1397 3211 testatur
1420 3176 1623 3223 Legatorum
1647 3189 1733 3212 unus
1757 3177 1996 3214 Theodoretus
2006 3177 2075 3219 Cy-

1197 3227 1293 3262 rensis
1317 3226 1498 3271 Episcopus
1513 3252 1522 3268 ‚
1549 3228 1583 3262 in
1606 3229 1783 3263 Relatione
1794 3227 1834 3262 ad
1848 3227 2075 3261 Alexandrum

1197 3277 1406 3320 Hierapolios
1420 3278 1616 3320 Episcopum
1628 3303 1639 3318 ‚
1663 3279 1757 3312 suum
1773 3276 1984 3321 Euphratesiae
1995 3276 2075 3311 Pro-

1199 3328 1312 3362 vinciae
1333 3323 1604 3370 M'etropolitam.
1633 3329 1762 3371 Nempe
1784 3328 1863 3362 varii
1886 3328 2072 3362 Adseffores
2089 3338 2165 3367 Con,
2189 3341 2222 3368 g„

1199 3380 1341 3413 fecerunt
1362 3376 1518 3411 mobilem
1532 3376 1717 3421 Principem
1741 3379 1785 3412 ita
1799 3378 1938 3413 variare.
1968 3375 2160 3413 osan-phas.
2185 3376 2206 3410 f.

1197 3427 1257 3463 dus
1270 3430 1314 3464 est
1326 3428 1417 3462 Deus
1427 3452 1437 3470 ,
1463 3438 1499 3462 ut
1511 3427 1609 3463 etiam
1623 3428 1722 3462 hodie
1735 3428 1881 3474 Regibus
1905 3426 2070 3463 adsideant
2085 3416 2152 3451 4⁶⁶·

1624 3478 1655 3511 G
1682 3490 1704 3527 g
1960 3476 2021 3514 viti
