2352 3756
201 3071 318 3115 139255}

411 131 431 173 3
444 112 509 160 86

926 114 1562 166 Drssnnirnrlo

342 193 790 236 ,lienarnmPi-ovinciarum
814 195 995 240 Episcopus
1015 207 1086 232 non
1111 196 1168 231 nifi
1192 195 1225 235 in
1286 194 1383 234 infra:
1410 198 1546 239 ,Quando
1564 197 1617 245 hec
1637 203 1737 234 omma
1760 210 1983 241 contemnantur
2004 208 2028 242 ὰ
2054 208 2160 252 nobie,

341 247 436 288 tertia
445 245 602 287 instantia
623 246 836 284 consecrasse,
865 244 1050 291 Rogandus
1065 245 1115 280 est
1140 246 1227 284 Pon·

339 297 446 339 tisex4
471 304 510 330 ut
523 296 645 330 Eleffis
657 307 725 336 non
737 295 834 331 facile
855 296 910 330 det
930 295 1123 329 facultatem
1145 295 1226 329 acci-

337 345 467 392 -piendae
476 345 759 387 consecrationisa
779 345 928 389 quolibet
949 342 1132 379 Catholico
1157 344 1225 379 An·

336 393 442 438 stistite
451 420 463 437 ,
487 396 541 431 sed
551 395 773 431 Provinciales
783 395 800 428 a
813 393 951 437 propriis
973 393 1199 438 Metropolitis
1208 419 1219 436 ‚

337 445 402 487 v,hos
411 445 431 480 ὲ
442 447 580 490 propriis
587 443 805 496 suffraganeis
824 453 880 482 aut
899 442 1222 495 primatibusjubeat

334 497 535 541 consecrari.-

360 560 363 563 Δ
385 545 565 596 Qidquid
586 544 623 577 sit
644 542 687 577 de
705 541 836 576 istarum
858 543 1040 578 litterarum
1059 544 1219 590 authore,

334 599 491 640 omittere
502 594 606 630 nolim
617 592 706 637 quod
719 593 760 627 de
773 594 881 636 primo
893 593 1032 639 Pelagio
1042 595 1153 633 scribit
1177 598 1218 631 ad

332 646 572 686 Constantium>
586 644 840 687 Metropolitam
850 644 1139 686 Mediolanensem
1149 648 1217 681 Ma·

332 708 418 743 gnus
442 694 624 739 Gregorius
644 718 655 734 ,.
680 693 917 734 Constantium
946 695 1095 730 Elerstum
1119 722 1131 738 ,
1157 698 1215 731 nisi

330 745 420 790 prius
429 744 470 780 de
482 744 679 788 damnandis
689 744 795 787 tribus
806 744 969 788 Capitulis
985 747 1020 781 &
1042 747 1217 788 admitten-

329 796 376 830 do
387 796 508 840 quinto
530 795 689 830 Concilio
709 795 892 831 solemnem
912 796 949 833 ἀ
972 795 1124 840 scriptam
1148 810 1218 840 pro-

328 846 499 887 feffionem
510 846 630 880 faceret
642 867 655 885 ,
682 845 879 886 confirmare
890 846 1002 886 nolu'it
1014 847 1196 893 Gregorius
1206 873 1216 889 ,

327 896 412 931 &ad
424 892 764 940 queritantemdeh'ac
785 907 820 930 re
841 897 996 931 eumdem
1016 896 1082 940 jam
1106 899 1215 932 conse-

188 958 253 989 ιη),
277 967 307 995 3·
327 957 455 982 eratum
470 945 628 989 rescripsit
642 958 652 985 r:
680 945 810 990 Decejsor
822 951 1049 985 Fraternitatis
1064 957 1125 982 ruae
1137 953 1214 982 Lau·

180 997 270 1039 Epist·
279 1009 310 1038 3..
324 999 443 1037 tentius
454 994 690 1043 dfflrffliffirnam
701 1003 866 1035 cautionem
875 999 948 1031 sedi
967 998 1134 1041 Apostolicae
1148 1004 1216 1032 emi-

320 1047 361 1091 fit
373 1072 386 1088 ,
409 1052 444 1080 in
462 1058 530 1089 qua
549 1051 613 1087 piri
634 1046 795 1088 nobiliffimi
818 1053 850 1081 in
869 1049 999 1093 legitimo
1021 1061 1141 1084 numero
1148 1047 1216 1092 sub-

317 1094 528 1143 scripserunt,
555 1100 638 1131 Inter
658 1109 730 1141 quos
753 1110 802 1143 ego
814 1110 927 1143 quoque
939 1123 950 1139 ‚
980 1108 1052 1133 runc
1062 1100 1215 1140 Urbanam

318 1147 636 1192 'Praturamgerens,
661 1147 822 1193 subscripsi
838 1152 848 1182 .’
887 1150 1215 1189 Affirmat'Laurem

322 1198 407 1239 tium
434 1209 505 1234 non
530 1197 706 1240 dumtaxat
729 1199 771 1234 ad
795 1200 1062 1234 solemniffimam
1097 1202 1212 1249 profes-

320 1260 424 1285 onem
446 1248 543 1284 suiffe
563 1249 793 1293 compulsum,
821 1250 875 1289 sed
888 1251 924 1284 ἀ
941 1252 1116 1285 evocatum
1145 1252 1211 1289 Ro·

319 1310 412 1334 mam
435 1324 447 1341 ,
471 1297 517 1334 ibi
541 1294 829 1349 profiterij'ussum
851 1301 1209 1346 coravaagistratn,
1246 1337 1249 1340 ,

317 1349 354 1388 βε
371 1350 390 1383 a
410 1348 738 1399 Pelagio-Pontifice
765 1351 992 1385 consecratum
1013 1377 1022 1384 .
1061 1352 1104 1389 Et
1141 1348 1210 1389 haec

316 1399 434 1438 omnia
456 1400 641 1443 Gregorius
660 1399 745 1434 adeo
768 1399 926 1443 probavit
944 1402 960 1441 ‚'
996 1411 1034 1437 rit
1060 1413 1102 1435 ex
1133 1402 1207 1444 ipsis

316 1451 412 1490 suum
434 1451 471 1484 in
491 1449 1057 1489 ConstantioxfaCtum‘stabiliverit
1081 1476 1087 1483 .
1111 1451 1210 1490 Peia-

316 1499 413 1544 gium
445 1498 595 1534 imitatus
612 1499 661 1533 'est
685 1499 834 1542 Joannes
859 1502 1024 1535 ostavuss.
1073 1502 1207 1539 Etenim

316 1550 494 1596 Aspertum
515 1544 804 1587 Mediolanensem
829 1549 1127 1598 Archiepiscopum
1154 1551 1208 1586 de-

316 1599 487 1644 gradavit,
519 1598 651 1643 procedi
669 1598 757 1642 jussit
779 1598 820 1638 ad
842 1612 965 1634 novam
984 1600 1181 1636 electionem
1195 1626 1206 1645 ,

317 1645 596 1686 Elestum'vetuit
618 1650 802 1685 consectari
823 1650 842 1684 a
862 1651 1086 1696 suffraganeis
1107 1676 1119 1693 ,
1144 1652 1205 1695 jus·

315 1701 356 1740 fit
381 1701 469 1736 mitti
495 1699 666 1741 Romam,
686 1701 727 1738 ὃς
749 1700 920 1744 adenxit:
952 1706 1022 1736 Nos
1044 1700 1205 1744 fecundam

316 1762 429 1790 rnorem
442 1749 604 1794 pristinum
625 1775 636 1792 ‚
674 1752 709 1784 (9
727 1749 890 1793 secundam
904 1754 1047 1793 -Regiam
1071 1751 1204 1790 com-effo-

315 1812 383 1835 nem
407 1802 543 1839 volumus
569 1798 824 1846 archiepiscopum
849 1797 1013 1843 rohsn-‘crare
1034 1824 1044 1837 .-
1085 1800 1203 1832 Secun-

315 1851 396 1885 dum
421 1860 548 1884 morem
571 1845 769 1892 antiquum,
799 1857 867 1890 quo
891 1848 1066 1881 Romanus
1085 1846 1201 1881 Ponti-

315 1901 371 1935 fex
394 1898 586 1942 quorumvis
608 1898 644 1931 in
667 1896 855 1936 Occidente
871 1895 1111 1940 Episcoporutn
1124 1909 1203 1935 con-

314 1950 530 1985 secrationem
552 1959 595 1982 ex
615 1947 717 1982 causis
736 1947 840 1991 potest
864 1946 921 1981 sibi
934 1947 1109 1981 reservare.
1138 1947 1200 1985 Re-

315 2000 464 2038 centiora
480 1997 628 2041 exempla
651 1997 771 2040 possint
802 1995 920 2034 adduci
943 1996 1084 2040 plurima
1107 2021 1114 2028 .
1155 1997 1200 2030 Et

315 2051 448 2094 quoties
468 2047 695 2089 Metropolitae
715 2044 885 2080 adversum
908 2045 1027 2080 ssmiles
1037 2047 1200 2080 consecra-

316 2101 426 2138 tiones
437 2098 683 2133 intercesserunt
692 2119 704 2136 ,
731 2096 865 2129 Sanetus
879 2095 1005 2134 Petrus'
1013 2094 1202 2138 Apostolus

313 2149 438 2193 semper
448 2144 682 2189 triumphavit.
710 2143 815 2178 Porro
826 2143 941 2178 Glabri
966 2143 1149 2188 Rudolphi·
1166 2145 1199 2179 in

316 2197 486 2244 loquendo
503 2197 537 2237 §c
558 2193 883 2235 ‚scribendoilicentia
906 2194 1002 2228 avitae
1014 2205 1052 2228 ac
1063 2195 1208 2230 manife»v

317 2250 371 2284 stae
392 2248 522 2283 veritati
547 2257 615 2286 non
639 2244 747 2291 potest
770 2243 989 2287 praescribere.
1019 2244 1077 2283 Est
1100 2245 1202 2288 impe·

318 2302 383 2336 rita
395 2298 577 2342 loquacitas
587 2321 594 2330 .
623 2295 758 2333 Etenim
771 2294 1064 2338 Metropolitarurn
1075 2306 1112 2332 ac
1123 2295 1201 2332 Pto-

320 2349 516 2385 vincialium
538 2346 777 2390 Episcoporum
796 2345 830 2379 in
851 2344 961 2382 danda
984 2346 1019 2382 dc
1042 2346 1202 2388 accipien-

321 2400 364 2436 da
383 2401 402 2434 ὲ
424 2399 489 2435 sese
510 2395 914 2434 invicemconsecratione
927 2407 1054 2430 morem
1067 2420 1078 2436 ,
1103 2407 1200 2439 quem

320 2461 449 2486 certum
470 2448 515 2487 est
538 2447 601 2485 esse
620 2446 802 2491 gratuitum
820 2445 1017 2484 beneficium
1026 2458 1066 2479 ac
1078 2446 1201 2489 privile·

322 2502 441 2548 gium,
467 2498 577 2534 censet
597 2499 660 2532 esse
681 2495 913 2540 Apostolicum
934 2495 1201 2533 &Canonicum

324 2561 477 2588 tenorem
494 2574 502 2582 .
544 2548 602 2584 Est
622 2547 664 2582 ab
688 2546 878 2581 Hincmaro
904 2549 1073 2581 mutuatus
1092 2557 1201 2582 error,

324 2601 495 2650 roirca
517 2599 652 2644 praesens
681 2597 802 2636 Canon
829 2608 884 2647 per
905 2596 1020 2636 omnia
1045 2597 1128 2636 reste
1153 2597 1203 2631 de-

326 2652 450 2688 finivit.
999 2678 1005 2681 .
1151 2661 1153 2664 ¹

378 2701 487 2750 Qiod
507 2698 716 2744 Episcopales
736 2697 835 2734 etiam
847 2709 901 2743 per
914 2696 1106 2736 Africanam
1117 2697 1206 2735 Dioe·

326 2754 424 2788 celim
445 2750 708 2788 consecrationes
729 2750 871 2793 spestent
891 2748 933 2785 ad
946 2748 1133 2787 Romanam
1148 2748 1207 2784 Ec-

330 2803 482 2843 clesiam,
506 2802 543 2841 ἀ
566 2811 635 2839 non
657 2800 717 2839 'nisi
738 2798 784 2836 ob
805 2799 932 2834 itineris
957 2798 1124 2832 molestias
1143 2798 1206 2835 ⁴sirit

331 2850 581 2897 Carthaginensi
601 2849 860 2893 Archiepiscopo
873 2860 910 2885 ac
923 2849 1059 2885 aliarum
1074 2848 1207 2883 Provin-

328 2901 458 2940 eiarum
480 2901 678 2938 Primatibus
699 2899 834 2938 indultae
855 2923 866 2944 ,
902 2897 1038 2938 abunde
1058 2898 1144 2936 lucet
1169 2908 1208 2934 cx

332 2952 428 2996 supra
445 2950 584 2985 laudatis
605 2951 722 2985 litteris
742 2949 851 2985 Sancti
873 2949 1034 2992 Cypriani
1053 2948 1094 2988 ad
1105 2950 1208 2983 Anto*

332 3001 475 3037 mianum
495 3000 714 3044 Episcopurm
742 3001 852 3034 Etiam
878 3010 919 3032 ex
943 2999 1058 3034 litteris
1081 2999 1122 3033 ad
1133 3000 1209 3034 San-

334 3054 422 3090 fium
446 3051 574 3094 Papam·
582 3049 779 3087 Cornelium
791 3062 802 3088 ,-
830 3051 924 3093 ,Quod
934 3049 989 3087 tibi
999 3050 1037 3083 de
1048 3054 1210 3084 Fortunato

336 3103 387 3147 iflo
399 3098 686 3145 Pseudo-Epiftopffi
711 3101 731 3133 ἃ
737 3104 843 3142 paucis
860 3100 1084 3134 &inveteratis
1106 3099 1211 3141 bereti-

337 3159 381 3188 cis
392 3151 559 3192 constituto,
586 3150 753 3191 nonfiati‘m
770 3148 873 3194 scripsi
880 3175 891 3190 ,
911 3149 1014 3197 frater
1034 3149 1210 3190 cbartffime,

338 3214 398 3238 non
409 3215 445 3237 ea
454 3214 502 3237 res
511 3209 578 3236 erat
591 3225 602 3241 ,
627 3206 738 3244 quaein
759 3204 899 3233 notitiam
919 3207 1003 3237 tuam
1023 3201 1139 3234 deberet
1160 3207 1212 3242 per

340 3253 537 3295 nosfestinatd
544 3251 679 3295 perferri
692 3277 700 3284 .
728 3251 864 3284 Maxime·
874 3251 994 3292 quando
1006 3252 1040 3284 cb·
1054 3252 1213 3286 Fortunati

340 3313 447 3336 mmen
465 3306 537 3345 jam
559 3301 641 3346 satis
669 3302 756 3345 noffes
768 3324 779 3341 ,
805 3305 856 3343 qui
877 3299 916 3340 est
927 3311 1004 3333 unus
1026 3313 1064 3334 ex
1088 3305 1213 3344 quinque

341 3353 526 3391 Presbyteris
538 3377 549 3393 ‚
567 3354 638 3395 jam
646 3354 765 3395 pridem
777 3352 814 3384 de
827 3348 951 3391 Ecclesia
957 3350 1097 3395 profugis
1108 3352 1142 3384 eb·
1148 3348 1213 3393 firn-

343 3407 439 3442 wma
450 3401 682 3450 coepiscoporum
704 3401 862 3450 nostrorum
883 3409 975 3444 nuper
992 3400 1128 3443 abstentis
1139 3423 1146 3432 .
1172 3399 1215 3433 Et

1283 246 1321 279 (5
1336 243 1470 290 miserim
1492 248 1553 284 ,tibi
1569 252 1708 291 proxime*
1730 258 1850 286 nomina
1874 255 2160 299 Episcoporumistic

1280 295 1520 337 constitutorum,
1542 304 1601 346 qui
1620 305 1730 344 integri
1750 303 1787 335 t&
1804 301 1874 347 sam·
1899 311 1931 337 in
1952 308 2076 348 Ecclefia
2095 313 2160 344 Ca·-

1282 344 1390 382 tbolica
1400 346 1559 394 fratribus
1565 348 1722 396 praefimt.
1750 349 2068 391 Omniumvrecenter
2078 370 2158 394 con·

1285 396 1479 433 sectatorum
1499 409 1556 442 per
1582 410 1722 438 omnem
1749 402 1896 438 Africam
1922 405 2158 449 Episcopotum

1282 447 1420 484 nomina
1443 447 1477 481 &
1500 449 1673 497 qualitates
1697 451 1842 490 Romam
1862 455 2019 493 festinato
2042 458 2158 495 referre

1282 495 1367 531 adeo
1391 497 1532 535 debebat
1559 499 1829 546 Carthaginenfis
1863 503 2158 549 Archiepiscopus‚

1280 556 1317 583 ut
1336 546 1380 585 de
1400 548 1521 583 omisso
1540 548 1605 584 hoc
1625 552 1725 588 etiam
1746 553 1832 587 circa
1857 555 2158 599 Anti-Episcopum

1281 597 1521 640 Fortunatum,
1545 601 1564 634 a
1585 601 1771 637 Feliciffimi
1786 604 2159 643 Diaconifaeiionetur-

1280 646 1430 686 bulenter
1457 650 1617 685 intrusum
1646 652 1680 688 in
1717 652 2011 699 Carthaginensem
2038 656 2158 690 Cathe-

1261 724 1262 727 ,
1280 697 1370 732 dram
1383 722 1394 741 ‚
1421 700 1534 739 officio
1556 702 1690 736 sanctus
1710 703 1884 738 Cornelius
1905 706 2003 740 fuerit
2015 718 2159 750 conque-

1279 747 1359 782 stus.
1385 750 1470 797 Qae
1492 749 1588 797 hujus
1609 753 1766 788 festinatae.
1787 756 1957 793 relationis
1968 755 2155 794 necessitas?

1282 797 1336 833 Ut
1356 800 1557 844 singulorum
1579 803 1613 836 in
1634 802 1746 840 Africa
1770 805 2008 851 Episcoporum
2019 806 2157 849 qualita-

1280 857 1342 886 tes,
1365 850 1558 888 elestionem
1576 877 1587 893 ‚
1613 854 1647 887 &
1673 855 1954 892 consecrationem
1979 856 2155 893 discuteret

1281 896 1457 941 Pontifex,
1482 911 1580 945 atque
1607 913 1685 937 tunc
1709 914 1764 938 aut
1784 904 1961 943 infirmaret
1971 906 2154 941 autconsir-

1279 958 1381 982 maret
1393 974 1400 981 .
1428 949 1640 993 Apostolicus
1653 964 1707 999 per
1721 955 1846 988 sextum
1858 955 2031 989 Nicaenum
2046 955 2153 997 postea

1277 999 1490 1032 confirmatus
1503 1000 1621 1034 Canon
1632 1003 1661 1035 ei
1681 1003 1844 1042 deferebat
1866 1005 2019 1052 praevium
2043 1008 2153 1039 conse-

1277 1047 1417 1086 crationi
1440 1060 1579 1085 examen
1596 1051 1631 1084 &
1651 1053 1960 1099 confirmationem,
1985 1056 2085 1089 etiam
2109 1056 2153 1098 ip-

1276 1099 1340 1132 sam
1352 1099 1649 1142 consecrationem-13
1677 1102 1787 1140 verum
1805 1096 2152 1140 'transmarini'itineris

1275 1148 1450 1183 difficultas
1463 1149 1635 1184 Romanos
1646 1150 1822 1190 Pontifices
1834 1156 1992 1195 permovit
2006 1156 2044 1189 ad
2057 1157 2151 1191 istam

1246 1240 1250 1246 .
1277 1198 1535 1244 indulgentiam.
1573 1201 1709 1238 Interim
1735 1201 1821 1236 faetae
1845 1202 1914 1246 post
1937 1206 2152 1238 consecratio-

1274 1260 1346 1282 nem
1365 1249 1516 1284 relationi
1534 1250 1710 1286 noluerunt
1722 1253 1792 1289 ullo
1813 1253 1915 1289 modo
1939 1255 2128 1291 renunciare
2142 1280 2151 1292 ,

1323 1299 1415 1347 Qin
1433 1300 1468 1339 ,δε
1490 1300 1561 1345 post
1585 1301 1755 1339 Nicaenam
1780 1303 1954 1346 Synodum
1978 1304 2151 1338 voluerunt

1279 1351 1428 1391 praeviam
1440 1350 1729 1389 confirmationem
1745 1352 1801 1387 fibi
1815 1353 1937 1388 restitui
1951 1379 1958 1386 .
1985 1352 2091 1391 Lucet
2111 1365 2151 1387 ex

1246 1432 1247 1435 ,
1274 1399 1768 1451 SyriciiPontificispec‘retali,
1795 1404 1933 1440 multam
1944 1400 2152 1448 disciplinam

1273 1449 1489 1491 reformante,
1516 1451 1556 1487 ad
1569 1452 1814 1489 omnesAfricae
1836 1453 2011 1490 Antistites
2033 1453 2151 1499 episto-

1273 1500 1303 1532 la
1321 1525 1332 1540 ,
1370 1500 1461 1544 cujus
1484 1499 1537 1537 hic
1558 1501 1603 1537 cst
1628 1503 1750 1546 primus
1772 1505 1952 1538 reformans
1978 1503 2150 1540 articulus;

1273 1554 1372 1583 Nemo
1391 1560 1481 1587 extra
1499 1550 1701 1595 conscientiam
1722 1554 1806 1587 sedis
1826 1553 1978 1596 Apostolice
1989 1579 2001 1594 ‚
2027 1552 2126 1595 bot-'est
2139 1577 2151 1595 ‚

1273 1602 1424 1634 Primatis
1451 1604 1565 1635 audeat
1583 1604 1723 1637 ordinare
1745 1628 1753 1636 .
1789 1608 1942 1649 Integrum
1968 1609 2047 1638 enim
2067 1604 2154 1645 juli·

1268 1655 1345 1684 cium
1371 1651 1409 1692 est
1436 1653 1515 1694 quod
1532 1655 1732 1695 plurimorum
1761 1653 1915 1698 ⁴sententia
1945 1653 2148 1696 consequitur.

1268 1703 1382 1735 Sextus
1413 1702 1569 1736 Nicaenus
1596 1704 1716 1736 Canon
1744 1703 1987 1736 consecrandos
2013 1702 2154 1736 Provin-

1266 1749 1366 1783 ciales
1389 1751 1571 1794 Episcopos
1591 1752 1724 1785 mandat
1735 1754 1921 1790 confirmari
1936 1763 2004 1785 non
2019 1751 2152 1788 tantum

1265 1799 1283 1830 a
1303 1799 1520 1844 Metropolim
1535 1823 1546 1843 ‚
1572 1801 1624 1836 sed
1636 1802 1736 1838 etiam
1751 1801 1769 1837 a
1783 1799 1972 1838 Patriarcha
1985 1808 2041 1836 aut
2051 1801 2152 1837 Exar-

1264 1844 1331 1884 cho
1355 1846 1494 1884 ,Ῥοηό
1517 1859 1572 1891 per
1594 1860 1730 1883 omnem
1751 1850 1900 1887 Africam
1921 1852 1954 1884 ὅς
1978 1848 2152 1895 Carthagi·

1266 1895 1373 1933 nensis
1398 1897 1568 1932 Exarchus
1588 1899 1762 1934 ordinabat
1786 1902 1985 1944 Episcopos,
2011 1901 2045 1934 ὅτ.
2067 1901 2150 1946 quis²

1265 1955 1332 1986 quc
1357 1946 1457 1979 etiam
1485 1947 1611 1980 Prin-ias
1637 1950 1672 1981 in
1699 1951 1753 1982 sua
1782 1950 1959 1985 Provincia
1980 1974 1987 1986 ‚
2026 1950 2150 1984 Conse·

1264 1993 1378 2027 crandi
1403 1994 1566 2030 habebant
1587 1997 1785 2032 electionem
1806 2000 1889 2034 inter
1913 1997 2149 2037 Exarchum&

1265 2042 1441 2077 primates.
1471 2044 1623 2079 Dabatur
1645 2047 1736 2079 locus
1757 2048 1990 2090 praeventioni,
2016 2048 2151 2085 Interim

1266 2092 1392 2127 primas
1402 2093 1467 2127 fine
1479 2095 1592 2137 praevia
1608 2095 1750 2130 Exarchi
1761 2098 2016 2135 confirmatione
2036 2099 2149 2142 neqni-

1265 2142 1321 2177 bat
1335 2144 1539 2182 consecrare,
1568 2145 1612 2184 Et
1623 2157 1741 2180 omnes
1753 2149 1889 2192 antiqua
1906 2148 2148 2186 sua-consuetu·
2167 2158 2170 2161 ¹

1265 2193 1344 2229 dine
1357 2194 1430 2230 freti
1443 2194 1617 2229 censebant
1629 2198 1778 2238 praeviam
1794 2197 1992 2234 primatis&
2007 2195 2149 2233 Exarchi

1266 2243 1552 2280 confirmationem
1576 2247 1719 2284 sufficere
1742 2272 1752 2288 ,
1780 2259 1840 2282 nec
1864 2249 1926 2282 esse
1947 2259 2030 2291 opus
2051 2247 2150 2283 simili

1265 2294 1519 2331 confirmatione
1531 2294 1620 2330 Sedis
1645 2297 1864 2339 Apostolicae.
1893 2299 1994 2332 Hanc
2016 2299 2147 2333 tertiam

1265 2344 1554 2383 confirmationem
1579 2346 1752 2384 censebant
1776 2359 1845 2382 non
1867 2346 2078 2385 solummodo
2096 2346 2150 2381 ad·

1266 2395 1388 2428 versam
1402 2395 1466 2434 suis
1477 2395 1620 2443 antiquis
1631 2396 1780 2434 moribus
1790 2422 1801 2441 ‚
1821 2396 1874 2431 sed
1887 2398 1921 2431 δε
1935 2393 2146 2440 superfluam.

1266 2441 1501 2479 Nihilominus
1510 2446 1666 2491 antiquos
1675 2457 1783 2484 mores
1794 2447 1938 2491 Syricius
1949 2447 2055 2485 voluit
2074 2457 2147 2480 cor-

1266 2493 1348 2538 rigi,
1376 2495 1443 2539 regi
1454 2493 1607 2538 deinceps
1617 2496 1710 2539 juxta
1738 2498 1864 2531 sextum
1888 2496 2064 2531 Nicaenum
2084 2496 2151 2531 Ca-

1266 2594 1356 2629 cium
1368 2596 1733 2630 ante-consecrationem
1746 2597 1919 2641 exspectari
1932 2622 1940 2633 ,
1970 2598 2010 2631 Et
2023 2595 2149 2631 addidit

1266 2644 1372 2687 ipsum
1385 2644 1480 2679 nullo
1491 2647 1583 2690 padio
1597 2646 1659 2679 esse
1674 2647 1868 2689 superfluum
1883 2662 1893 2682 :
1911 2647 1994 2691 ,Quia
2004 2648 2148 2690 integram

1262 2696 1411 2740 judicium
1436 2694 1476 2741 est
1488 2720 1499 2739 ,
1525 2697 1605 2743 quod
1619 2698 1816 2743 plurimorum
1834 2697 1982 2746 sensenna
2000 2694 2150 2742 confiqui·

1268 2754 1337 2782 tur.
1728 2759 1730 2762 v

1319 2795 1480 2831 Notanda
1503 2797 1578 2835 sunt
1598 2795 1695 2830 verba
1717 2809 1724 2831 τ
1764 2799 1849 2833 sedis
1873 2796 2039 2839 Apostolieae
2061 2807 2082 2836 ς’
2098 2795 2149 2830 hoc

1270 2845 1332 2886 est,
1359 2849 1506 2880 Primatis
1522 2872 1529 2879 .
1556 2847 1705 2884 Afiicani
1730 2844 2149 2890 Episcopiallegarunt'sibi

1272 2905 1378 2939 praeter
1403 2896 1602 2945 singularum
1630 2898 1878 2933 provinciarum
1913 2897 2072 2931 primates
2093 2896 2147 2928 seu

1272 2947 1444 2984 Praefestos
1461 2948 1525 2982 esse
1546 2948 1649 2982 totius
1670 2946 2067 2986 Dioecese'osPrimatem,
2096 2945 2150 2978 seu

1273 2995 1462 3036 Exarchum
1481 3009 1489 3031 ε
1527 2997 1572 3031 Et
1599 2997 1717 3035 horum
1738 2999 1906 3034 dumtaxat
1928 2995 2151 3033 confirmatio·

1273 3057 1349 3082 nem
1367 3048 1458 3092 exigi
1481 3046 1500 3084 a
1519 3046 1659 3085 Nicaeno
1686 3048 1840 3081 Canone.
1874 3046 2072 3090 Allegarunt
2092 3044 2148 3077 sui

1273 3096 1418 3136 Exarchi
1433 3096 1709 3139 Autocephaliam
1722 3121 1732 3136 ,
1759 3097 1899 3143 ideoque
1913 3097 2022 3132 senon
2034 3095 2149 3138 speeta-

1272 3159 1303 3185 re
1315 3147 1356 3186 ad
1370 3147 1514 3184 Romani
1527 3146 1700 3187 Pontificis
1710 3147 1996 3183 confirmationem
2006 3152 2063 3179 aut
2072 3147 2149 3178 con-

1272 3198 1484 3237 secrationem
1497 3221 1506 3237 ,
1533 3197 1584 3234 sed
1598 3197 1768 3235 dumtaxat
1789 3197 1831 3233 ad
1853 3198 2048 3234 relationem
2061 3192 2150 3228 :obli-

1274 3249 1361 3294 gari.
1391 3248 1522 3282 Etenim
1546 3246 1704 3284 Africana
1728 3247 1868 3281 Ecclesia
1889 3248 2009 3289 semper
2032 3242 2149 3278 dilexit

1273 3309 1371 3342 atque
1390 3297 1526 3333 ambivit
1544 3298 1591 3331 sui
1614 3297 1753 3332 Exarchi
1779 3294 2075 3341 Autocephaliamz·
2103 3291 2146 3324 Et

1276 3349 1392 3383 habuit
1404 3349 1495 3382 ansas
1516 3373 1523 3380 .
1552 3347 1684 3381 Etenim
1695 3346 1779 3390 apud
1791 3348 1959 3391 antiquam
1975 3342 2149 3379 Ecclesiam

1277 3400 1349 3438 solae.
1373 3408 1513 3447 quatuor
1540 3397 1705 3437 Dioeceses
1729 3395 1910 3448 habuerunt
1942 3391 2147 3477 Exalrchhum:

1846 3451 1848 3453 ’
2061 3453 2104 3476 ra-

1268 2554 1417 2584 nonem,
1445 2544 1587 2589 ideoque
1606 2548 1707 2580 etiam
1732 2547 1932 2591 Apostolicae
1954 2546 2151 2590 Sedisjudir
2178 2573 2183 2577 .
2245 2575 2248 2578 ,
