2372 3756
132 434 165 464 1.-
186 446 213 471 4.
233 445 258 467 c·

130 480 168 510 34

103 1639 179 1687 cap.
196 1659 239 1686 57.

103 1919 165 1951 Lib?
192 1929 216 1956 5.
233 1929 258 1950 c.

380 138 474 189 176

306 208 481 247 Adducam
493 217 598 243 tamen
613 207 720 251 aliqua
735 233 741 239 .
768 205 919 243 Chorum
930 208 1027 243 ducat
1038 209 1172 244 Sanstus

307 258 571 306 Lugdunensium
585 257 749 301 Antistes,
774 258 808 292 &
820 259 1021 302 temporibus
1035 258 1174 303 Aposto-

306 313 377 345 licis
390 309 515 343 vicinus
528 309 657 343 Sanctus
668 309 821 343 lrenaeus.
849 309 943 343 Licet
965 310 1053 343 enim
1077 309 1172 342 fuerit

304 359 499 396 Latinorum
513 358 712 403 Episcopus,
738 357 800 392 fuit
821 368 931 393 tamen
952 358 999 392 vir
1021 359 1172 393 Graecus.

303 412 341 444 In
354 411 458 453 primo
478 409 525 443 sui
547 408 653 453 operis
673 408 758 442 libro
775 406 842 442 haec
864 408 992 443 scribit:
1020 408 1174 453 ‚Quomodo

300 518 411 557 gratiae
423 536 433 552 ,
460 518 562 552 corpus
572 510 623 553 effe
636 512 756 542 Domini
771 507 840 552 sui,
868 510 903 543 Θ
920 511 1039 543 calicem
1055 507 1170 552 sangui-

304 568 352 596 nis
373 563 438 603 eJ‘us
449 587 459 602 ‚
479 560 571 603 finon
584 558 950 602 ipfifabricatoris'mundi
956 559 1051 601 filium
1060 560 1172 599 dicant,

303 611 385 652 idest
396 636 406 652 ‚
433 612 562 645 Verbum
575 612 658 650 ejus,
679 617 736 652 per
755 611 836 652 quod
854 612 968 653 lignum
983 608 1172 651 fruc‘ltficat‚

304 663 436 702 defluunt
453 661 556 703 fontes
571 660 587 691 ἒ
614 663 658 693 Et
679 661 734 692 dat
751 662 884 703 primum
905 660 1023 702 quidem
1038 657 1171 699 foenum,

299 713 362 757 post
374 713 480 745 deinde
484 710 619 755 spicam,
646 710 882 753 deindeplenum
906 714 1039 741 triticum
1059 715 1093 741 in
1109 707 1173 752 spi-

301 775 357 798 ca.
384 762 536 805 ‚Quomodo
556 768 654 794 autem
676 761 780 794 rursus
802 760 904 792 dicunt
921 770 1041 792 carnem
1059 765 1093 792 in
1113 770 1171 793 cor-

301 818 467 856 ruptionem
476 813 636 852 devenire,
665 812 699 845 et
719 821 777 843 non
785 814 935 851 percipere
956 814 1079 848 vitam,
1104 821 1172 852 quae

299 866 320 897 ἃ
331 872 443 906 corpore
454 866 574 896 Domini
583 862 617 895 Θ
627 860 774 904 sanguine
785 860 877 892 alitur
891 859 907 890 ,θ
933 862 963 891 E
965 861 1015 903 rgo
1038 868 1093 893 aut
1107 858 1171 903 sen-

299 920 427 948 tentiam
438 922 551 946 mutent
563 936 572 951 ,
601 919 654 943 aut
666 910 830 950 abstineant
839 909 983 950 offerendo
1005 921 1073 952 quae
1092 918 1170 952 prae-

298 963 475 1007 dictasunt.
505 959 615 999 Nostra
624 967 721 992 autem
730 958 889 1002 consonans
902 957 1096 1001 estsentenua
1108 964 1170 994 Eu-

297 1014 466 1054 charistiae,
493 1014 527 1045 (Β
547 1008 734 1048 Eztcharistia
754 1011 859 1043 rursus
883 1009 1035 1052 confirmat
1054 1009 1171 1053 senten-

296 1070 370 1096 tiam
394 1063 519 1103 nostram
544 1087 550 1092 .
580 1059 740 1100 offerimus
764 1066 843 1093 enim
861 1065 887 1093 ei
906 1071 974 1102 quae
984 1059 1060 1103 sunt
1081 1063 1167 1103 ejus,

294 1115 779 1158 congruenter-communicationem
794 1111 828 1144 ὦ·
838 1116 984 1144 unitatem
999 1113 1171 1152 praea'ican-

293 1174 341 1198 ter
350 1169 448 1196 carnis
462 1161 648 1206 &spiritus.
677 1162 933 1207 ,Quemadmodum
955 1166 1034 1194 enim
1059 1167 1111 1204 qui
1131 1161 1169 1202 est

292 1216 309 1249 ἓ
321 1222 404 1247 terra
409 1218 505 1256 panis
520 1237 531 1253 ,
553 1215 716 1254 percipiens
729 1211 978 1244 vocationem'Dei
989 1235 1000 1252 ,
1019 1214 1090 1253 jam
1113 1223 1169 1244 non

291 1270 450 1298 communis
476 1268 567 1305 panis
588 1262 648 1301 est,
670 1260 728 1304 sed
745 1260 931 1302 Eucharistia
954 1285 964 1300 ‚
990 1273 1028 1294 ex
1053 1261 1167 1295 duabus

291 1315 377 1348 rebus
389 1313 520 1353 conflans
531 1337 541 1353 ‚
569 1321 686 1346 terrena
697 1313 730 1344 Θ
740 1311 843 1350 coelesti
858 1314 875 1354 3'
885 1310 924 1352 fic
940 1312 974 1344 <5
986 1320 1104 1353 corpora
1124 1322 1166 1344 no-

285 1365 372 1407 stra,
395 1369 596 1407 percipientia
620 1360 836 1402 Eucharistiam
852 1385 862 1399 ,
881 1364 951 1402 jam
961 1371 1019 1393 non
1025 1360 1097 1403 sunt
1110 1372 1166 1395 cor-

288 1415 445 1456 ruptibilia
455 1439 465 1455 ,
487 1412 573 1457 spem
584 1410 801 1454 resurrefflionis
812 1408 955 1443 habentia
966 1435 973 1443 .
1004 1410 1166 1450 offerimus

287 1475 388 1498 autem
408 1471 436 1498 ei
457 1475 515 1497 non
538 1461 623 1505 quast
640 1462 805 1504 indigenti,
828 1458 888 1502 fi’d
902 1466 1023 1504 gratias
1047 1470 1166 1504 agentes

287 1517 443 1548 donationi
455 1515 543 1554 eJus,
570 1508 828 1554 &sanclificantes
850 1519 1034 1543 ereaturam.
1064 1512 1107 1545 Et
1133 1512 1167 1545 in

284 1565 355 1599 alio
367 1564 509 1607 ejusdem
523 1562 595 1596 libri
608 1562 731 1604 capite:
761 1561 994 1604 ‚Quomodojuste
1006 1564 1146 1593 Dominus
1157 1587 1166 1603 ‚

279 1614 311 1658 Ji
333 1618 455 1648 alterius
469 1617 572 1647 Patris
584 1611 682 1652 existit
692 1635 704 1651 ,
730 1609 819 1652 hujus
829 1612 1004 1646 conditionis
1016 1634 1027 1650 ,
1053 1623 1120 1654 quae
1129 1612 1166 1652 est

280 1663 441 1708 secundum
454 1675 525 1703 nos,
550 1671 662 1704 panem
673 1666 839 1702 accipiens,
859 1660 945 1703 suum
968 1669 1069 1702 corpus
1082 1662 1167 1702 confi-

283 1715 422 1755 tebatur,
452 1717 760 1755 &temperamentum
770 1713 867 1744 calicis
875 1710 963 1752 suum
986 1709 1162 1754 sanguinem

282 1765 498 1808 confirmavit?
525 1764 570 1796 Et
583 1763 614 1794 in
628 1763 693 1794 alio
709 1761 811 1794 libro:
840 1765 918 1792 Vani·
930 1763 1048 1794 omnino
1065 1761 1141 1804 sunt
1153 1786 1162 1802 ,

284 1820 337 1858 qui
347 1813 520 1858 universam
532 1815 587 1846 Dei
599 1810 810 1855 dispofitionem
821 1818 1008 1843 contemnunt
1019 1835 1029 1850 ,
1058 1813 1091 1845 (τ
1103 1823 1165 1844 car-

284 1872 334 1899 nis
356 1864 486 1909 salutem
512 1870 647 1911 negant„
674 1863 708 1895 to·
733 1868 982 1904 regenerationem
1001 1863 1062 1900 eius
1080 1860 1163 1904 sper-

284 1926 361 1955 nunt
373 1941 384 1956 ‚
411 1917 542 1949 dicentes
554 1925 621 1947 eam
633 1924 690 1945 non
710 1920 844 1952 capacem
863 1913 914 1954 effe
936 1913 1164 1953 incorruptibili-

284 1973 378 2000 tatis.
405 1968 451 1999 Sic
477 1973 578 1998 autem
603 1987 613 2003 ,
648 1961 806 2004 secundum
829 1961 892 1994 haec
916 1960 1056 1996 videlicet
1077 1986 1088 2002 ‚
1113 1973 1164 1995 nec

286 2021 431 2050 Dominus
441 2015 585 2059 sanguine
590 2012 642 2057 suo
651 2014 775 2046 redemit
787 2024 837 2043 nos
849 2036 859 2051 ‚
888 2024 979 2054 neque
998 2014 1078 2044 calix
1101 2015 1164 2045 Eu-

284 2066 429 2107 charistia
456 2069 676 2098 communicatio
696 2060 852 2104 sanguinis
874 2064 938 2101 ejus
960 2084 970 2100 ,
997 2072 1091 2103 neque
1107 2070 1164 2103 pa-

287 2124 357 2155 nis,
382 2127 466 2158 quem
479 2115 655 2157 frangimus
677 2137 687 2152 ,
713 2110 837 2152 corporis
861 2114 923 2151 ejus
945 2111 984 2149 est
1007 2135 1012 2141 .
1038 2113 1164 2153 Sanguis

283 2174 363 2202 enim
388 2176 444 2197 non
465 2164 502 2204 est
515 2188 524 2203 ‚
551 2161 607 2203 m'fi
624 2163 644 2193 ἃ
668 2167 755 2194 venis
777 2163 811 2193 Θ·
831 2160 968 2193 carnibus
989 2185 1000 2201 ,
1026 2162 1061 2194 ὦ·
1080 2163 1100 2191 ἃ
1122 2172 1164 2194 re-

284 2218 368 2259 liquo
388 2227 454 2258 quae
474 2213 630 2256 secundum
653 2211 798 2243 bominem
816 2208 1007 2252 substantia³
1032 2221 1100 2251 quae
1113 2221 1166 2243 ve·

285 2269 317 2300 re
333 2266 453 2308 facium
476 2264 601 2297 Verbum
628 2266 709 2300 Dei,
731 2260 875 2303 sanguine
894 2259 948 2303 suo
957 2261 1080 2294 redemit
1092 2271 1161 2293 nos.

288 2321 335 2350 Et
360 2321 498 2358 quoniam
519 2312 652 2346 membra
674 2313 738 2351 ejus
757 2308 859 2352 sumus
880 2334 891 2350 ‚
926 2312 960 2344 6
975 2317 1031 2353 per
1053 2319 1164 2343 creatu-

288 2373 356 2401 reim
377 2372 546 2399 nutrimur:
574 2366 750 2394 creaturam
771 2369 869 2393 autem
891 2359 952 2403 ipse
979 2359 1060 2394 nobis
1082 2368 1165 2401 prae·

283 2418 346 2457 flat
359 2441 369 2456 ,
390 2415 480 2459 solem
499 2412 585 2457 suum
606 2416 674 2444 oriri
690 2409 809 2451 faciens
822 2434 832 2450 ‚
857 2412 892 2443 ὁ·
906 2412 1015 2452 pluens
1027 2410 1165 2452 quemad-

290 2469 409 2500 modum
419 2466 486 2498 vult
497 2490 506 2504 ‚
533 2475 597 2497 eum
607 2462 724 2494 calicem
735 2484 744 2499 ‚
771 2466 822 2501 qui
834 2459 872 2499 est
891 2470 1035 2494 creatura
1048 2483 1059 2498 ‚
1079 2458 1165 2502 ficum
1178 2464 1183 2487 1

291 2526 392 2559 corpus
413 2513 598 2555 confirmavit
623 2537 633 2552 ,
669 2523 708 2545 ex
730 2517 784 2552 qieo
804 2509 899 2550 nostra
919 2519 1008 2554 auget
1029 2516 1167 2550 corpora.

292 2569 425 2610 ,Quando
447 2567 514 2609 ergo
537 2566 570 2598 Θ
594 2569 708 2596 mixtus
735 2561 813 2598 calix
837 2562 871 2593 ὠ*
887 2559 994 2602 fabius
1004 2565 1096 2601 pams
1104 2568 1169 2600 per-

293 2624 366 2659 cipit
387 2615 506 2650 verbum
520 2619 593 2654 Dei,
619 2612 655 2655 fit
682 2608 870 2649 Euchariflt'a
891 2608 1049 2653 sanguims
1066 2610 1170 2642 &cor-

292 2673 372 2710 poris
396 2665 505 2705 Christi
519 2690 529 2706 ‚
558 2676 594 2697 ex
619 2662 725 2705 quibus
745 2670 867 2704 augetur
887 2661 922 2694 ὁ·
946 2658 1061 2701 confists't
1071 2663 1170 2691 carnis

296 2717 399 2757 nostrae
417 2713 582 2758 substantia
608 2726 621 2754 ;
656 2712 793 2754 quomodo
816 2720 933 2743 carnem
956 2718 1066 2754 negant
1085 2716 1171 2751 capa-

296 2777 356 2800 cem
369 2766 420 2808 effi
441 2767 605 2797 donationis
620 2765 673 2795 Dei
685 2785 693 2799 ,
719 2767 768 2803 qui
792 2760 831 2800 est
851 2766 920 2793 vita
940 2769 1056 2794 aeterna
1069 2783 1080 2799 ,
1105 2770 1173 2800 quae

291 2814 438 2859 sanguine
460 2815 499 2846 (9⁹
514 2821 628 2855 corpore
647 2811 757 2852 Christi
776 2815 903 2843 nutritur
931 2834 942 2850 ,
969 2812 1003 2844 ό·
1025 2808 1064 2850 est
1087 2820 1173 2842 mem-

300 2866 385 2898 brum
403 2865 488 2905 ejus?

352 2915 406 2948 Du
412 2914 504 2958 plicis
511 2911 704 2958 Divinitatis
715 2908 883 2944 fabulones
895 2910 1044 2945 Gnostici
1055 2908 1173 2944 habue-

300 2975 376 2999 runt
388 2963 448 2998 hos
460 2962 609 3006 capitales
631 2971 770 2994 errores.
799 2959 913 2993 Primo
931 2984 942 3000 ,
966 2957 1173 3004 quod'eflent

301 3016 369 3050 duo
393 3015 475 3052 Dii,
500 3013 607 3047 bonus
628 3010 729 3050 alter,
755 3010 835 3043 alter
854 3007 976 3043 malua.
1005 3007 1176 3047 Secundo,

303 3063 526 3108 quodmaius
552 3063 643 3096 Deus
668 3061 797 3093 creasset
824 3070 959 3093 ornnem
982 3070 1172 3103 corporeum

304 3115 485 3154 mundum,
512 3124 554 3146 ex
577 3111 637 3145 illo
661 3110 765 3143 fuisiet
788 3120 885 3142 notus
898 3109 1035 3151 Judaeis,
1061 3110 1174 3152 &pro—

305 3175 373 3207 pter
394 3162 543 3200 eumdem
564 3161 606 3199 ab
628 3159 714 3193 hisce
734 3159 887 3197 cultus&
901 3159 1065 3198 adoratus.
1094 3159 1172 3193 Ter-

305 3215 375 3251 tio,
402 3212 488 3256 quod
501 3212 608 3247 bonus
619 3211 711 3244 Deus
727 3210 804 3242 esset
827 3209 967 3241 omnino
989 3208 1175 3253 incognitus

309 3263 342 3296 &
356 3263 467 3305 Judaeis
487 3264 520 3296 &
544 3260 731 3295 Gentibus.-
759 3257 890 3301 Utpote
909 3260 964 3302 qui
978 3258 1061 3293 nihil
1081 3259 1176 3292 creas·

306 3312 368 3344 set.
394 3313 538 3357 Qarto,
567 3308 654 3354 quod
669 3310 778 3353 ipsein
792 3308 978 3343 saeculorum
989 3311 1054 3344 fine
1064 3309 1104 3342 ad
1117 3319 1176 3342 nos

307 3359 414 3394 emali
429 3361 492 3393 Dei
504 3360 697 3402 operibus&
718 3358 892 3401 tyrannide
917 3359 1100 3394 liberandos
1120 3360 1177 3391 mi-

307 3409 502 3448 fiffetfilium
523 3410 617 3443 suum
639 3408 808 3444 Christum
831 3409 1042 3444 Dominum.
1070 3408 1177 3455 Qin-

302 460 442 502 constabit
454 459 595 501 Gnostici:
610 484 620 499 ‚
646 470 712 493 eum
719 466 831 501 panem
843 482 853 498 ‚
877 463 910 492 in
931 470 987 502 quo
1007 459 1082 494 ac‘tae
1098 457 1172 499 sunt
1202 503 1212 511 a

881 124 1523 172 DISSERTATIO

1239 268 1333 300 opera
1346 283 1357 299 ,
1385 257 1526 304 ideoque
1539 259 1691 297 Christus
1701 263 1766 307 ipsa
1779 275 1838 299 nec
1850 268 2055 313 affumpfiffet
2068 282 2112 306 ex

1239 318 1357 348 matre,
1386 310 1492 357 necin
1504 310 1677 345 noviffimo
1688 312 1742 347 die
1753 316 1828 350 esset
1850 317 2090 355 resuscitaturus
2099 346 2107 354 .

1240 355 1408 392 AChristo
1419 360 1571 395 Domino
1581 362 1766 404 promiflam
1777 364 1886 399 Beata!
1898 366 2113 404 Resurrectio-

1240 206 1296 248 τὸ,
1322 207 1409 252 quod
1421 210 1520 244 etiam
1532 221 1608 245 caro
1621 212 1656 246 ὃς
1671 213 1799 259 sanguis
1817 208 1921 252 'eistat
1943 220 2021 255 mali
2044 221 2112 255 Dei

1220 219 1291 463 inis
1318 409 1457 452 gratiam
1485 411 1621 459 speflare
1642 414 1825 458 garrierunt
1845 417 1887 450 ad
1914 417 2017 451 solam
2042 421 2113 455 ani-

1238 468 1324 513 rnam
1337 472 1348 491 .·
1376 459 1515 495 Carnem
1526 464 1588 496 effe
1600 473 1713 498 natura
1723 465 1864 508 malam,
1889 464 2030 510 ideoque
2053 468 2112 503 hu-

1237 517 1287 550 Jus
1311 507 1330 541 a
1353 508 1451 556 bono,
1460 511 1543 546 Deo
1566 511 1716 548 beneficii
1741 515 1947 559 incapacem.
1973 518 2113 553 Interim

1237 555 1424 593 constanter
1451 561 1661 604 praedicarunt
1688 562 1898 599 Eucharistiae
1922 569 2113 610 veritatem,

1238 608 1272 642 &
1284 608 1400 643 realem
1421 612 1617 655 praesentiam
1630 637 1642 653 ‚
1666 615 1700 649 &
1718 615 2089 653 transubstantiationem
2102 643 2111 651 .

1238 656 1351 692 Palam
1377 657 1442 694 hoc
1473 661 1559 696 lucet
1585 673 1627 696 ex
1655 665 1797 700 nefando
1823 665 1979 711 dogmate
2003 669 2110 703 Marci

1239 708 1398 754 AEgyptii
1411 734 1420 750 ,
1447 709 1564 755 dequo
1576 712 1661 747 idern
1673 715 1827 751 Irenaeus:
1857 720 1978 750 Marcus
1996 726 2110 760 proca-

1236 760 1292 792 Iice
1302 765 1375 792 vino
1388 765 1480 794 mixto
1484 762 1602 809 fingens
1609 762 1644 807 se
1652 770 1774 807 gratias
1787 778 1873 811 agere
1884 791 1894 807 ,
1921 770 1955 802 ό·
1978 773 2010 802 in
2031 769 2109 802 mul-

1237 810 1299 841 ti'tm
1309 811 1473 845 extendens
1478 810 1642 855 sermonem
1654 819 1849 850 invocationis
1860 841 1871 857 ,
1879 825 2062 859 purpureum
2071 819 2110 852 ό·-

1237 859 1432 894 rubicundum
1442 870 1586 904 apparere
1589 863 1672 905 facit
1678 889 1689 906 ‚
1721 876 1755 899 ut
1760 875 1885 908 putetur
1901 879 1938 902 ea
1952 874 2055 912 gratia
2065 868 2107 901 ab

1236 915 1274 943 iis
1285 935 1295 950 ,
1321 908 1467 955 quaesunt
1478 912 1672 956 superomnia
1683 939 1694 955 ,
1715 915 1803 958 suum
1811 915 1989 961 sanguinem
1991 917 2106 958 stillare

1234 966 1267 994 in
1290 961 1370 995 illius
1395 963 1512 996 calicem
1533 972 1589 1005 per
1609 970 1821 999 invocationem
1842 968 1928 1007 ejus,
1955 969 1989 1002 &¹
2010 969 2106 1002 valde

1235 1009 1427 1054 concupiscere
1438 1024 1476 1046 ex
1486 1014 1534 1046 illo
1543 1014 1660 1057 gustare
1666 1017 1789 1056 poculo,
1814 1025 1849 1049 ur
1871 1018 1905 1051 <9⁹
1925 1022 1959 1050 in
1979 1029 2026 1052 eos
2042 1017 2107 1060 stil-

1234 1063 1276 1095 let
1287 1085 1296 1101 ‚
1323 1073 1389 1104 quae
1395 1070 1452 1104 per
1464 1066 1586 1107 Magum
1597 1063 1673 1097 bunc
1697 1075 1821 1099 vocatur
1837 1073 1941 1110 gratia
1953 1092 1961 1100 .
1987 1069 2106 1100 Rursus

1235 1112 1406 1145 mulieribus
1417 1114 1496 1146 dans
1508 1115 1611 1147 calices
1624 1119 1751 1155 mixtos,
1781 1114 1861 1159 ipsas
1877 1117 1967 1158 jubet
1984 1122 2105 1162 gratias

1235 1173 1320 1206 agere
1335 1160 1370 1205 se
1385 1161 1554 1206 praesente:
1580 1167 1626 1196 Et
1652 1164 1702 1198 ubi
1728 1165 1781 1199 boc
1796 1166 1922 1206 facium
1947 1167 1985 1208 est
2006 1193 2017 1208 ,
2042 1166 2106 1211 ipse

1235 1214 1327 1245 alium
1352 1214 1470 1246 calicem
1495 1215 1585 1246 multo
1611 1216 1770 1255 maiorem,
1798 1219 1889 1259 quam
1915 1216 1953 1257 est
1981 1217 2047 1257 ille,
2073 1223 2106 1251 in

1233 1272 1289 1302 quo
1313 1263 1365 1294 illa
1385 1260 1508 1305 fiducia
1534 1263 1753 1304 Eucharistiam
1773 1266 1855 1308 facit
1877 1291 1888 1307 ,
1921 1267 2105 1309 proferens,

1236 1313 1268 1343 (9
1282 1311 1502 1353 transfundens
1514 1314 1534 1344 ἃ
1544 1319 1672 1354 minori,
1698 1315 1797 1356 quiest
1808 1318 1828 1348 ἃ
1850 1317 1968 1350 muliere
1987 1317 2105 1351 Eucha-

1232 1361 1314 1400 riflia
1330 1361 1460 1403 sacius,
1486 1363 1613 1395 inillam
1633 1369 1685 1405 qui
1694 1363 1732 1404 est
1740 1364 1779 1396 ab
1799 1377 1830 1398 eo
1852 1368 1963 1399 allatus
1976 1391 1986 1405 ‚
2013 1368 2105 1400 multa

1233 1413 1374 1452 majorem
1387 1437 1397 1452 ,
1418 1411 1524 1451 statim
1534 1414 1634 1446 dicens
1645 1415 1690 1446 iia
1700 1438 1711 1454 ,
1738 1414 1794 1447 illa
1805 1427 1872 1457 quae
1882 1414 1994 1455 estante
2006 1421 2105 1450 omnia

1232 1462 1464 1505 inexcogitabiln
1492 1464 1526 1495 (5
1552 1463 1762 1497 inenarrabilis
1781 1471 1887 1508 gratia
1907 1491 1917 1506 ,
1938 1467 2104 1508 adlmpleat

1232 1522 1312 1544 tuum
1322 1518 1402 1544 intus
1423 1511 1587 1552 bominem,
1615 1514 1790 1554 multiplicet
1815 1524 1845 1548 te
1870 1520 1902 1547 in
1928 1521 2105 1559 agnitionem

1229 1560 1316 1604 suam
1326 1586 1336 1602 ,
1351 1560 1537 1605 inseminans
1543 1574 1675 1606 granum
1679 1563 1795 1606 finapis
1805 1569 1837 1597 in
1853 1565 1960 1598 bonam
1970 1574 2083 1599 terram
2093 1590 2104 1598 .

1231 1614 1275 1644 Et
1287 1613 1349 1645 alia
1360 1613 1501 1654 quaea'am
1514 1614 1614 1646 dicens
1625 1637 1636 1653 ,
1663 1615 1737 1647 &in
1756 1612 1906 1657 insaniam
1927 1620 2049 1650 mittens
2068 1616 2104 1649 il-

1230 1663 1291 1694 lam
1302 1661 1468 1703 infelicem,
1496 1663 1685 1696 admirabilia
1687 1663 1806 1705 faciens
1820 1671 1960 1707 apparuit
1972 1689 1984 1706 ‚
2008 1676 2104 1707 quan·

1229 1712 1265 1743 do
1278 1714 1371 1750 maior
1386 1713 1465 1745 calix
1479 1713 1657 1754 adimpletus
1671 1713 1709 1752 est
1717 1714 1753 1747 de
1763 1721 1870 1748 minori
1884 1716 1972 1749 calice
1988 1740 2000 1756 ‚
2023 1725 2057 1749 ut
2075 1720 2104 1749 ei

1224 1760 1478 1804 supereffunderet
1491 1763 1526 1794 de
1542 1774 1573 1796 eo
1589 1787 1596 1794 .
1623 1763 1802 1798 Sceleratus
1812 1763 1868 1798 hic
1889 1765 2047 1809 impostor
2065 1765 2102 1799 δε

1230 1811 1351 1856 Magus
1377 1811 1550 1846 hinniebat
1571 1812 1612 1846 ad
1636 1823 1771 1848 omnem
1791 1814 1987 1855 foeminam,
2013 1814 2103 1850 idem

1229 1872 1291 1904 que
1303 1871 1339 1895 ut
1349 1862 1479 1896 cunctas
1492 1862 1532 1896 ad
1544 1873 1677 1897 omnem
1699 1863 1757 1897 fibi
1779 1863 1950 1898 libidinem
1973 1864 2105 1909 obliga·-

1229 1922 1275 1946 ret
1298 1935 1308 1952 ‚
1336 1911 1598 1946 Eucharisticum
1621 1912 1691 1947 vini
1713 1913 1911 1948 elementum
1931 1913 2102 1949 blateravit

1229 1973 1295 1995 non
1309 1962 1342 1995 in
1356 1960 1476 1997 Christi
1490 1962 1652 2004 Domini,
1677 1961 1775 1997 sedin
1791 1965 1883 1998 suum
1906 1964 2102 2008 sanguinem

1228 2012 1452 2046 transmutari.
1480 2012 1591 2047 Etiam
1613 2024 1668 2056 per
1687 2013 1838 2047 foeminas
1857 2013 1943 2057 juffit
1961 2013 2103 2049 similem

1228 2063 1469 2096 execrationem
1491 2061 1582 2102 fieri,
1607 2062 1743 2095 calicem
1763 2063 1858 2096 calici
1881 2063 2030 2104 miscuit,
2055 2072 2102 2097 at·

1228 2122 1292 2155 que
1305 2111 1349 2145 ita
1361 2110 1402 2145 ad
1414 2111 1554 2146 nefanda
1566 2111 1692 2156 flagitia
1712 2112 1962 2155 circumscriptis
1983 2112 2101 2147 mulie-

1229 2159 1317 2194 ribus
1342 2160 1607 2205 studuitinjicere
1619 2160 1853 2196 necessitatem.
1877 2162 1998 2197 Omnis
2008 2163 2105 2197 Gno-

1229 2211 1306 2245 stica
1320 2212 1416 2246 fastio
1429 2211 1491 2245 fuit
1503 2212 1637 2255 professa
1658 2212 2009 2246 transubstantiationis
2028 2223 2101 2255 my-

1228 2261 1357 2295 sterium
1371 2273 1378 2292 :
1406 2262 1552 2299 Marcus,
1580 2261 1638 2304 qui
1653 2261 1755 2303 ipsum
1769 2261 1866 2295 finxit
1878 2261 1943 2295 fieri
1955 2262 1989 2295 in
2003 2263 2103 2295 suum

1228 2311 1440 2355 sanguinem,
1467 2309 1560 2344 istam
1570 2310 1708 2344 offendit
1727 2310 1929 2355 gravissime,
1954 2311 1987 2345 δε
2009 2321 2102 2346 novo

1227 2360 1400 2396 schismate
1410 2360 1560 2395 laceravit
1571 2385 1579 2393 .
1877 2373 1881 2407 J

1276 2409 1381 2457 Qod
1393 2411 1426 2444 &
1438 2411 1571 2444 sanetus
1594 2410 1731 2444 Irenaeus
1752 2409 1966 2445 Eucharistiae
1985 2409 2101 2446 verita-

1228 2471 1294 2494 tem
1309 2461 1517 2503 profiteatur,
1543 2461 1577 2494 &
1589 2463 1648 2504 pro
1661 2460 1794 2504 palmari
1815 2461 1985 2495 adversum
2005 2460 2103 2495 Gno-

1231 2510 1327 2544 sticos
1338 2510 1553 2544 fundamento
1564 2512 1698 2544 assumat
1711 2533 1722 2550 ‚
1746 2511 1889 2546 clamant
1900 2511 1952 2546 vel
1973 2509 2040 2545 haec
2051 2511 2103 2545 so-.

1230 2561 1261 2594 la
1272 2559 1384 2593 verba:
1414 2563 1511 2593 Panis
1519 2565 1685 2602 percipiens
1695 2567 1875 2595 vocationem
1889 2564 1945 2594 Dei
1949 2563 2020 2602 jam
2041 2571 2102 2593 note

1228 2615 1503 2655 communisfpams
1523 2610 1582 2650 est,
1605 2609 1663 2653 sed
1681 2610 1894 2651 Eucharistia,
1918 2623 1956 2644 ex
1981 2609 2102 2643 duabus

1231 2661 1315 2694 rebus
1337 2659 1470 2699 constans
1483 2685 1494 2701 ,
1516 2668 1632 2693 terrena
1652 2661 1687 2695 ὁ·
1707 2659 1806 2700 coelesti
1821 2684 1828 2692 .
1854 2660 1936 2706 Qae
1956 2659 2017 2693 ista
2038 2670 2104 2693 coe-

1233 2710 1317 2745 lestis
1329 2712 1400 2744 res?
1425 2709 1522 2744 Certe
1535 2721 1600 2744 non
1615 2710 1679 2744 alia
1692 2734 1703 2750 ‚
1729 2712 1825 2754 quam
1837 2708 2024 2744 Dominicae
2034 2720 2101 2743 car-

1235 2761 1285 2795 nis
1307 2761 1340 2794 &
1361 2760 1527 2804 sanguinis
1547 2759 1741 2794 substantia.
1767 2759 1904 2794 Nullum
1926 2769 2043 2803 purum
2065 2759 2103 2792 fi-

1234 2822 1336 2855 gnum
1348 2810 1473 2844 constat
1490 2820 1546 2844 aut
1556 2809 1765 2853 componitur
1773 2820 1813 2843 ex
1826 2811 1883 2843 suo
1896 2809 2078 2854 significato
2087 2833 2100 2840 -

1233 2862 1319 2908 Qis
1328 2862 1417 2894 enim
1428 2859 1549 2894 dixerit
1560 2860 1665 2894 Sansti
1678 2858 1763 2892 Petri
1778 2860 1954 2903 imaginem
1967 2867 2100 2900 compo-

1235 2913 1267 2944 ni
1279 2922 1320 2944 ex
1332 2912 1452 2953 pictura
1465 2911 1499 2944 &
1518 2909 1639 2944 coelessi
1663 2909 1770 2942 Sanffl
1792 2909 1880 2942 Petri
1899 2907 2102 2942 substantia?

1239 2961 1279 2993 Et
1305 2972 1368 2994 vox
1394 2985 1404 3001 ‚
1430 2959 1565 3000 Constare
1587 2983 1598 2999 ,
1631 2959 1650 2992 ὲ
1677 2959 1768 2993 nullo
1794 2968 1949 3002 umquam
1977 2957 2104 2992 Latino

1239 3011 1362 3054 sumpta
1384 3012 1447 3045 fuit
1469 3020 1527 3053 pro
1547 3008 1735 3053 significare.
1762 3008 1897 3043 Sanctus
1918 3007 2019 3052 igitur
2040 3006 2108 3042 Ire->

1239 3072 1323 3093 naeus
1334 3072 1389 3104 per
1400 3061 1500 3103 ipsam
1513 3058 1684 3093 denotavit
1696 3058 1813 3091 realem
1825 3059 2022 3100 praesentiarn
2039 3081 2047 3090 .
2059 3056 2105 3090 Ee

1236 3109 1312 3154 quid
1323 3111 1368 3144 est
1381 3121 1497 3153 panem
1509 3108 1667 3151 percipere
1678 3108 1743 3142 Dei
1755 3107 1963 3142 vocationem
1984 3107 2019 3141 ἃς
2039 3117 2105 3140 ver-

2124 1188 2195 1217 1..'1-
2209 1188 2282 1224 c.9-‘

1237 3159 1338 3194 bum?
1364 3160 1552 3194 Fateoreffe
1573 3158 1711 3200 phrasim
1734 3168 1800 3192 non
1823 3158 1952 3202 penitus
1972 3156 2106 3191 manife-
2162 3192 2165 3193 ⁷

1238 3209 1336 3251 stam,
1362 3210 1502 3244 omnino
1521 3218 1630 3241 tamen
1653 3209 1778 3242 videtur
1789 3208 1878 3241 aliud
1889 3207 1930 3242 ab
1947 3208 2012 3251 ipsa
2035 3215 2108 3241 non.

1240 3261 1422 3304 importari,
1438 3259 1534 3303 quam
1548 3258 1638 3301 panis
1649 3258 1943 3293 transelementatio
1953 3279 1963 3294 ‚
1974 3266 2036 3299 qua
2048 3255 2106 3289 ille

1240 3310 1371 3343 vocanti
1384 3322 1420 3343 ac
1434 3309 1560 3353 jubenti
1574 3310 1646 3341 Deo
1658 3310 1748 3342 cedat
1759 3309 1846 3342 suam
1871 3305 2078 3340 substantiam
2093 3328 2108 3344 ,

1238 3359 1368 3393 acintra
1383 3361 1511 3393 suorum
1531 3358 1720 3392 testantium
1744 3356 1961 3391 accidentium
1986 3353 2108 3389 vestem

1240 3410 1391 3443 admittat
1403 3408 1525 3443 Christi
1551 3408 1690 3443 Domini
1713 3417 1841 3442 carnem
1852 3406 1884 3441 &
1895 3404 2086 3450 sanguinem
2099 3429 2109 3436 .

1956 3453 2061 3501 Qid-
