2352 3756
133 593 292 629 1..3.c.15.

134 746 195 778 Lib.
225 757 253 776 2.

129 795 198 824 cap.
217 790 264 826 53.

124 1942 186 1975 Ub-
196 1953 245 1973 ιι.

123 1985 227 2023 cepe,

141 2650 214 2684 Cap.
240 2656 282 2675 12.

379 114 479 163 254

310 186 592 223 benedictionem,
622 186 673 221 Ite
692 185 778 222 hanc
790 185 941 220 irGraecis
958 183 1105 229 titulari,
1129 182 1176 216 su-

310 237 366 282 pra
388 236 577 272 audivimus
596 236 614 272 ὲ
634 237 788 272 Simeone
797 234 1096 271 Theffalonicenfi.
1118 231 1183 265 Ex-

308 287 373 321 stat
393 285 453 319 ista
474 287 611 331 epistola
633 288 668 323 in
681 285 853 321 Chronico
876 284 1034 328 Eutychii
1047 282 1181 317 Patriar·

307 335 380 370 chae
388 335 605 373 Alexandrini
614 362 626 373 ,
658 336 757 373 Plura
768 338 843 372 sunt
853 334 1037 370 istiusmodi
1045 332 1182 377 antiqua

306 386 477 430 exempla.

359 437 505 484 Qnistio
523 439 613 472 sexta
631 436 699 477 est,

308 487 358 523 cis
378 487 446 522 dari
466 488 669 522 consueverit
682 484 884 528 Episcopalis
905 483 1074 527 praesertim
1088 481 1182 516 bene-

308 537 441 573 diffio?
465 537 660 581 Respondeo
673 559 685 576 ‚
712 535 748 568 in
771 534 867 568 variis
887 557 894 565 .
918 530 1030 567 Primo*
1048 556 1062 573 ,
1085 531 1125 566 ad
1148 531 1181 565 fi-

310 598 387 622 nem
397 585 503 621 Miffae
515 609 523 618 .
539 585 650 621 Etiam
662 584 848 628 vespertinae
860 608 867 616 .
892 582 936 617 Et
947 582 1032 616 hanc
1043 582 1078 615 in
1091 580 1179 625 Apo·

310 637 435 671 stolicis
456 633 755 671 Constitutionibus
777 634 888 668 laudat
909 634 986 666 item
1010 631 1181 666 Romanus

721 434 854 482 Qibus
868 433 1070 477 temporibus
1088 432 1125 466 δε
1135 431 1184 465 Ιο-

310 688 466 722 Clemens
479 709 486 717 .
505 684 611 719 Addit
633 685 727 720 fuiffe
739 684 847 718 datam
869 682 970 718 etiam
991 693 1067 716 ante
1077 682 1181 715 Miffae

309 735 502 772 exordium:
526 734 669 778 Pontifex
682 743 826 780 precatus⁴
828 734 939 776 populo
945 741 1052 774 pacem
1067 755 1079 772 ,
1100 732 1180 765 bene-

307 788 392 819 dicat
405 792 450 820 ei.
480 785 631 829 Exponit
653 783 935 824 benedictionem,
957 783 991 817 ὅτ.
1012 781 1179 826 adjungit.

308 835 414 877 Postea
435 835 495 879 fiat
511 835 685 880 sacrificium
706 861 714 868 .
740 834 818 868 Erat
840 833 926 877 apud
958 843 1020 866 nos
1042 832 1180 866 Latinos

308 887 408 921 etiam
430 887 541 921 ufitata
559 884 742 920 benedictio
754 907 765 924 ‚
794 895 858 928 qua
877 882 1035 927 populum
1050 882 1180 926 Episco-

306 948 366 981 pus
386 937 470 970 &ad
483 936 674 971 sacrificium
698 933 782 968 &ad
794 944 904 967 totum
926 933 1014 968 diem
1038 931 1179 967 fructuo-

304 986 340 1021 se
351 984 606 1029 impendendum
619 984 748 1019 Divino
759 984 888 1017 auxilio
900 981 1068 1018 muniebat
1078 1008 1086 1015 .
1098 982 1179 1017 Ter·

305 1036 356 1069 tio
376 1061 388 1076 ,
421 1035 490 1078 post
514 1037 700 1070 orationem
723 1034 938 1068 Dominicam
958 1032 1095 1068 dabatur
1113 1030 1178 1067 haec

305 1085 503 1126 benedictio,
516 1086 692 1128 disponens
705 1084 863 1128 populum
873 1085 913 1118 ad
926 1085 1066 1117 faustam
1079 1083 1179 1118 Com-

303 1138 499 1171 munionem
510 1160 518 1167 .
536 1136 666 1182 Qrto
678 1158 688 1173 ,
708 1135 844 1169 dabatur
855 1132 927 1177 post
939 1133 1118 1176 vespertina
1131 1135 1179 1168 of-

303 1188 399 1221 ficia.
427 1185 580 1232 Quinto,
602 1186 636 1219 in
649 1185 787 1219 articulo
813 1184 929 1218 mortis
944 1208 951 1215 .
974 1183 1068 1217 Hinc
1087 1184 1177 1217 enim

302 1237 493 1272 Sacerdotes
508 1237 527 1270 ὲ
540 1235 662 1280 populo
674 1234 885 1269 honorandos
896 1233 1133 1269 commendans
1145 1234 1177 1267 in

303 1288 450 1322 sermone
469 1287 511 1321 de
523 1286 713 1321 sacerdotio
741 1283 934 1318 venerabilis
957 1281 1101 1326 Ephrem
1121 1285 1178 1325 Sy-

303 1349 357 1372 rus
381 1336 531 1381 adjungit
541 1353 554 1374 :
580 1341 702 1370 Honora
714 1336 894 1368 Sacerdotem
907 1357 918 1373 ‚
939 1340 1012 1366 utin
1022 1335 1177 1372 novffmis

300 1387 530 1421 benedictionem
551 1387 590 1420 ab
612 1398 643 1420 eo
666 1390 793 1427 accipias
816 1409 824 1415 .
851 1389 939 1417 Nam
970 1389 1022 1424 qui
1044 1384 1178 1416 sacerdo-

301 1446 364 1470 tem
387 1436 616 1472 dehonoraverit
628 1460 639 1476 ,
658 1447 751 1478 neque
773 1433 1002 1467 benedictionem
1021 1432 1063 1464 ab
1081 1443 1113 1465 eo
1131 1443 1178 1465 ac·

299 1496 398 1529 cipere
407 1494 442 1520 in
461 1487 619 1527 noviffimis
639 1484 810 1518 merebitur.
842 1483 883 1516 Et
896 1482 985 1527 quod
1006 1483 1098 1516 omni
1113 1493 1177 1515 rno-

301 1538 444 1572 xibundo
455 1536 611 1572 Sacerdos
623 1534 815 1569 benedicere
826 1531 942 1567 debeat
957 1557 968 1574 ‚
988 1532 1077 1575 supr&
1090 1532 1178 1566 audi-

302 1589 409 1621 vimus
439 1588 459 1621 i
485 1586 699 1622 Namnetensx
729 1581 891 1627 Synodo.
928 1583 1047 1617 Laicus
1071 1582 1178 1616 adhuc

300 1638 435 1672 sanetus
458 1635 665 1682 Augustinus
705 1634 850 1668 nobilem
881 1634 988 1666 virum
1022 1633 1178 1666 innocen-

298 1690 408 1729 tium,
435 1687 578 1721 Vicari'ae
603 1687 639 1720 in
652 1684 879 1719 proconsulari
900 1683 1076 1717 Provincia
1101 1683 1177 1715 1³1ae-

299 1738 426 1772 feeturae
439 1737 715 1772 Est-Advocatum
729 1757 738 1771 ‚
761 1733 943 1777 gravissi-me
955 1732 1120 1765 infirmum
1132 1732 1179 1765 vi·

301 1789 405 1823 suavis
420 1811 432 1828 ,
451 1787 588 1821 adfuisse
613 1795 687 1819 cum
701 1784 824 1817 Geloso
840 1782 1035 1822 Presbytero
1056 1782 1090 1815 δε
1102 1781 1179 1815 Car·

306 1838 509 1883 rhaginenfis
537 1834 834 1874 EcclefiaeClericis
862 1832 1074 1866 Saturninum
1088 1831 1180 1865 Uza-

304 1889 427 1924 lensem
440 1887 638 1931 Episcopum
651 1883 763 1918 scribit
777 1883 810 1916 in
825 1882 914 1916 libris
925 1882 965 1915 de
976 1882 1042 1916 Dei
1058 1881 1179 1915 Civita-

302 1950 336 1974 te
349 1964 360 1980 ‚
392 1948 490 1982 atque
511 1935 664 1980 adjungit
684 1947 692 1967 :
716 1936 904 1966 surreximus
917 1956 928 1972 ,
950 1933 985 1965 (9'
1001 1940 1120 1974 accepta
1140 1930 1180 1964 ab

303 1987 448 2033 Episcopo
471 1987 670 2022 benedii‘lione
689 1980 859 2026 discefflmus
882 2007 891 2015 .
923 1982 975 2015 Ex
1000 1992 1066 2025 quo
1093 1982 1182 2015 lucet

303 2041 458 2083 antiquos
471 2037 601 2078 fideles,
627 2034 755 2080 quoties
773 2033 881 2066 alieno
903 2032 1002 2066 etiam
1017 2031 1182 2074 Episcopo

303 2091 438 2124 aderant
452 2113 462 2128 ‚
489 2097 661 2131 nunquam
693 2082 859 2119 disceffiffe
879 2082 938 2115 nifi
960 2093 1092 2124 accepta
1115 2082 1183 2123 ejus

304 2138 548 2176 benedi-stione.
578 2137 689 2181 Qem
713 2143 839 2166 morem
860 2131 959 2165 etiam
977 2130 1019 2164 ab
1031 2130 1199 2174 Angusto,

304 2190 459 2232 Principe
480 2187 573 2222 fuisse
593 2185 816 2222 observatum,
842 2181 932 2225 supra
950 2162 1200 2215 demonstravit¹

307 2241 488 2283 imperator
510 2233 732 2280 Justinianus‚
760 2232 839 2266 dum
862 2243 902 2265 ex
917 2230 1026 2265 habita
1049 2242 1121 2265 cum
1134 2210 1201 2273 Se)¹

308 2290 450 2326 verianis
464 2286 631 2331 Episcopis
642 2283 821 2318 collatione
831 2281 966 2316 disceffit
977 2280 1018 2314 ab
1031 2282 1099 2324 ipso
1111 2281 1187 2323 Epi·
1198 2275 1202 2321 1

310 2340 450 2386 phanius
471 2334 658 2371 Patriarcha
683 2332 1073 2375 constantinopolitanus
1093 2357 1100 2363 .
1127 2332 1186 2364 Ea-

312 2393 386 2426 dem
397 2390 436 2422 de
451 2388 543 2421 causa
562 2383 707 2428 vigilius
715 2382 872 2416 Pontifex
885 2405 895 2421 ,
909 2382 989 2415 dum
999 2380 1188 2415 Constanti·

312 2439 464 2483 nopolim
486 2437 567 2471 abiit
581 2460 590 2474 ,
618 2435 775 2469 Romano
795 2433 917 2475 populo
931 2432 1116 2465 solemniter
1137 2431 1202 2465 be-.

314 2489 464 2525 nedixit.
493 2488 533 2520 Et
558 2487 598 2519 de
619 2483 788 2525 semetipso
806 2507 818 2523 ‚
841 2479 1058 2515 Antiochenae
1081 2481 1188 2514 Eccle-

316 2539 482 2575 fiaeadhuc
508 2538 640 2572 Leti-ure
654 2558 664 2574 ,
686 2534 833 2567 visitante
853 2532 1002 2565 sanctum
1015 2531 1207 2624 Zenonem!

319 2592 498 2626 Eremitam
511 2613 520 2627 ‚
547 2585 655 2620 scribit
669 2586 701 2617 in
715 2582 862 2626 religiosa
886 2581 1017 2616 historia
1031 2579 1188 2615 Theodo-

666 101 710 145 S.
748 97 1072 145 Gneoonn
1106 109 1350 143 ςεΠιΜι
1385 97 1469 142 Po
1489 114 1752 149 nnnc-rs

1246 185 1359 220 multis
1380 187 1547 232 apologiis
1565 189 1770 226 benedixerit
1784 215 1793 224 .
1817 195 1979 238 operatus
2001 194 2111 231 est'ex

1246 235 1442 278 Apostolico
1464 237 1506 271 ad
1528 238 1686 273 Hebraeos
1698 240 1857 283 Canonea,
1872 247 1950 279 -Sine
1964 248 2027 280 ulla
2045 258 2111 280 con-

1242 285 1418 319 tradit‘lione
1431 310 1442 326 ,
1465 289 1549 329 quod
1555 293 1653 321 mitius
1661 289 1723 330 est,
1749 292 1898 326 &metim
1907 294 2109 330 benedicitur.

1246 336 1388 379 Antiqui
1401 335 1563 371 Monachi
1580 339 1713 373 fuerunt
1723 341 1816 375 istius·
1832 342 2042 386 regulavi&
2051 346 2111 381 ob·

1245 386 1424 428 servantes,
1450 396 1487 421 ut
1503 388 1603 422 etiam
1626 389 1743 424 Abbas
1761 393 1957 437 cuicumque
1965 394 2110 430 inaniori

1244 435 1375 470 Clerico
1396 460 1408 477 ,
1435 437 1512 471 licet
1537 439 1595 472 suo
1621 439 1794 475 Monacho
1818 464 1830 482 ‚
1852 441 1964 478 locum
1987 446 2112 481 cefferit

1244 497 1312 519 non
1336 485 1466 521 tantum
1486 487 1701 524 benedicendi
1722 515 1734 532 ,
1760 492 1818 526 sed·
1835 493 1935 527 etiam
1954 494 2111 529 sedendi.

1242 534 1477 571 Theodoretus
1514 538 1661 573 Zenonis
1696 541 1904 577 Sanaitatem
1940 542 2082 578 attendit
2099 566 2112 583 ,

1242 585 1480 629 ideoqueceffit
1493 588 1668 633 sui-gradus
1681 591 1854 636 privilegio
1863 618 1870 625 .
1888 593 2112 641 Qodipsum

1241 637 1374 671 Sanctus
1384 637 1539 672 Zozimas
1547 640 1623 674 fecit
1644 641 1678 673 in
1690 642 1838 675 Sanctam
1849 643 1988 678 Mariam
2002 643 2112 689 AEgy-

1241 686 1381 730 ptiacam
1410 711 1418 719 .
1452 687 1612 732 pauperes
1632 688 1673 724 de
1699 691 1873 735 Lugdunus
1893 703 2050 727 notarunt
2073 693 2111 727 in

1241 734 1439 780 Apostolico
1459 738 1599 773 Canone
1620 750 1688 774 non
1711 741 1798 781 dici,
1825 743 1845 774 ἃ
1859 744 1992 784 Major-o,
2017 741 2072 777 sed
2090 745 2114 776 ἃ

1241 788 1359 825 miore
1376 787 1574 822 benedicitur.
1601 789 1696 824 Hinc
1708 791 1889 826 intulerunt
1907 791 2121 836 non-justum

1242 836 1377 875 Laicutn
1397 838 1415 872 ὲ
1427 838 1515 873 malo
1528 839 1702 875 Sacerdote
1714 865 1725 881 ,
1753 839 1804 874 sed
1817 841 1904 876 hunc
1926 842 2039 876 abillo
2048 844 2113 877 effe

1240 886 1498 922 benedicendum
1508 914 1515 921 .
1543 890 1693 924 Errorem
1705 891 1820 926 evertit
1831 891 1958 926 Dostor
1975 890 2113 936 Angeli-

1239 948 1294 971 cus
1305 938 1342 971 in=
1349 939 1593 973 commentariis
1604 938 1643 973 ad
1656 950 1752 984 caput
1763 943 1936 986 septimum
1947 941 2115 985 Apostoli-

1239 999 1283 1021 cae
1296 987 1438 1031 epistolae
1454 988 1494 1021 ad
1507 988 1662 1024 Hebraeos
1671 1015 1678 1023 .
2030 1024 2032 1026 .

1287 1035 1368 1070 Pius
1388 1036 1443 1070 ille
1455 1060 1466 1076 ,
1492 1048 1563 1080 quo·
1578 1036 1731 1074 abeuntes
1751 1042 1967 1077 {remanente
1981 1042 2114 1086 Episco-

1241 1098 1304 1130 po,
1332 1096 1389 1121 aut
1410 1097 1615 1121 remanentes
1633 1088 1829 1126 &recedente
1849 1092 2114 1127 benedictionem

1242 1147 1356 1180 petunt
1378 1161 1389 1177 ,
1418 1147 1490 1170 mos
1515 1137 1659 1172 maxime
1692 1139 1800 1183 viguit
1827 1142 1862 1174 in
1880 1142 2114 1184 Monasteriis‚

1239 1188 1272 1221 ὅτ.
1286 1186 1407 1220 Graecis
1417 1189 1451 1220 ὃ(
1465 1187 1592 1221 Latinis
1605 1212 1613 1220 .
1643 1188 1776 1223 Etenim
1789 1189 1874 1234 apud
1889 1191 2042 1227 Sanctum
2053 1192 2116 1226 Ba-

1242 1237 1346 1270 filium
1367 1237 1503 1281 antiqua
1524 1237 1770 1273 Monachorum
1794 1240 1905 1285 regula
1927 1239 2023 1275 habet
2043 1255 2054 1274 .·
2080 1243 2114 1274 ,Β

1241 1291 1306 1329 quis
1316 1288 1486 1330 egrediatur
1497 1288 1535 1319 de
1545 1288 1715 1327 Monasterio
1737 1301 1795 1323 non
1809 1299 1927 1332 accepta
1942 1290 2116 1331 benedidio-

1243 1348 1277 1368 ne
1290 1359 1301 1376 ,
1327 1344 1382 1368 aut
1394 1348 1452 1369 non
1473 1336 1603 1379 dimiffus
1622 1337 1662 1370 ab
1674 1338 1936 1381 archimandrita,
1953 1340 1995 1381 fit
2002 1351 2115 1374 excom-

1240 1390 1405 1419 municatus
1417 1410 1425 1419 .
1454 1385 1496 1419 Et
1508 1384 1595 1421 hanc
1613 1397 1825 1422 communem
1835 1389 2116 1426 Monasteriorum

1243 1437 1350 1481 legem
1370 1437 1425 1469 sua
1436 1434 1635 1470 authoritate
1653 1438 1862 1473 confirmavit
1873 1438 2038 1474 Truliana
2056 1441 2119 1482 Sy-

1244 1487 1348 1519 nodus
1371 1509 1379 1518 .
1407 1486 1451 1518 Et
1471 1486 1505 1519 in
1532 1486 1586 1519 sua
1608 1486 1852 1522 Monachorum
1878 1489 1991 1534 regula
2012 1490 2117 1524 sancit

1243 1536 1353 1570 beatus
1361 1534 1498 1569 Isidorus
1507 1534 1662 1580 Archiepi
1667 1537 1780 1581 scopus
1790 1538 2000 1582 Hispalenfis:
2007 1541 2119 1584 ,Qun-
2132 1532 2205 1570 ΕΞΡ·
2223 1541 2268 1569 ²3·

1243 1585 1410 1628 dii-fratres
1424 1584 1778 1629 ferasprofieifiuntur,
1803 1590 1857 1622 vel
1872 1589 1997 1623 redeunt
2011 1613 2024 1630 ,
2050 1601 2116 1624 con·

1235 1642 1371 1681 gregatis
1392 1635 1528 1668 omnibus
1555 1641 1588 1667 in
1609 1635 1734 1678 Ecclefia
1757 1660 1768 1676 ,
1792 1638 2020 1672 benedictum
2040 1644 2115 1673 acci-

1237 1692 1344 1727 piant.
1373 1685 1461 1720 Etin
1475 1684 1529 1718 sua
1551 1686 1662 1730 regula
1673 1687 1806 1721 sanstus
1819 1689 2030 1723 Benedictus:
2057 1693 2115 1722 Di-

1241 1736 1357 1779 rigendi
1368 1738 1497 1767 Fratres
1519 1741 1618 1768 invia
1630 1759 1641 1776 ‚
1666 1741 1794 1769 omnium
1808 1741 1953 1771 Fratrum
1974 1723 2202 1773 &Abba-*0²9⁶
2224 1724 2271 1757 ⁶⁷⁵
2291 1728 2294 1734 ¹

1240 1791 1282 1818 tis
1303 1790 1425 1816 orationi
1447 1782 1480 1826 fi
1500 1786 1700 1818 commendent
1723 1809 1730 1818 .
1757 1790 1955 1822 Revertentes
1977 1790 2016 1822 de
2035 1793 2115 1829 via,

1238 1833 1376 1876 prostrati
1382 1832 1442 1876 solo
1452 1837 1581 1866 oratorii
1593 1858 1605 1874 ,
1629 1835 1668 1867 ab
1680 1835 1812 1869 omnibus
1819 1845 1930 1878 petant
1951 1843 2114 1873 orationem

1238 1892 1359 1926 propter
1371 1883 1512 1926 excessus:
1541 1887 1594 1917 Ne
1605 1886 1682 1926 quid
1695 1885 1779 1927 forte
1795 1885 1982 1929 subripueris*
2001 1894 2033 1921 in
2057 1894 2118 1923 viee

1242 1933 1327 1977 visus
1347 1942 1402 1967 aut
1424 1935 1546 1966 auditus
1566 1934 1656 1967 malae
1674 1940 1719 1967 rei
1739 1960 1750 1975 ‚
1779 1944 1833 1968 aut
1853 1936 1936 1978 otiofi
1945 1935 2090 1980 sermonis
2102 1963 2112 1972 .

1243 1986 1367 2019 statuta
1381 2007 1392 2023 ‚
1418 1993 1487 2027 quae
1507 1993 1565 2025 pro
1585 1983 1791 2018 reformanda
1801 1985 2024 2022 Narbonensis
2037 1988 2115 2022 Pro-

1244 2034 1358 2068 vinciae
1386 2031 1594 2067 Benedistina
1617 2033 1887 2079 Congregatione
1903 2039 2114 2073 confirmavit

1244 2083 1423 2127 Gregorius
1453 2093 1561 2116 nonus
1583 2105 1595 2122 ,
1621 2083 1746 2118 addunt
1766 2097 1774 2117 :
1803 2088 1880 2118 Tam
1899 2085 1962 2129 ipse
1993 2087 2113 2128 abbas,
2130 2104 2206 2143 Cap}
2230 2113 2277 2142 23·

1244 2135 1334 2176 quam
1357 2136 1483 2165 Fratres
1496 2155 1507 2171 ,
1533 2137 1565 2163 in
1585 2137 1669 2165 viam
1691 2135 1862 2178 dirigendi,
1889 2136 2118 2173 benedio‘lionem

1246 2188 1390 2225 accipiant
1410 2187 1442 2214 in
1461 2183 1555 2214 eundo
1575 2183 1610 2215 δ’
1627 2184 1776 2217 redeundo
1793 2210 1800 2217 .
1831 2186 1971 2221 Exstant
1992 2186 2058 2223 haec
2079 2189 2127 2224 in-

1247 2236 1337 2267 sexto
1359 2243 1452 2266 tomo
1472 2231 1641 2276 Spicilegii
1661 2234 1746 2277 apud
1759 2234 1885 2269 Lucam
1898 2236 2135 2275 Dacherium-.

1251 2282 1414 2326 Adjunxit
1450 2282 1583 2315 Sanctus
1609 2282 1804 2317 Benedifius
1825 2298 1836 2317 .·
1872 2285 2046 2330 Ubicumque
2059 2288 2120 2329 fibi
2136 2293 2209 2333 Cap.
2225 2297 2272 2331 63.

1247 2335 1371 2367 obviant
1386 2356 1395 2371 ,
1419 2331 1516 2365 etiam
1530 2331 1614 2365 intra
1626 2332 1800 2366 claustrum
1813 2357 1823 2373 ,
1847 2338 1974 2369 Fratres
1986 2359 1996 2376 ,
2013 2339 2119 2378 junior

1250 2386 1269 2415 ἃ
1293 2390 1393 2424 priore
1416 2381 1642 2415 beneditionem
1658 2390 1764 2424 petat.
1791 2383 1829 2416 ln
1851 2384 1967 2420 litteris
1985 2387 2027 2422 ad
2043 2387 2122 2421 San-

1226 2401 1336 2508 !stum
1357 2431 1581 2471 Bernardum,
1609 2433 1663 2475 qui
1680 2427 1768 2466 ⁴istud
1790 2435 1906 2478 regulae
1927 2445 2024 2480 caput
2034 2435 2120 2480 apud

1251 2482 1480 2516 Cluniacenses
1502 2492 1567 2514 non
1591 2483 1707 2516 servari
1728 2483 1893 2526 culparat,
1913 2485 2125 2529 exponitPe·

1251 2543 1317 2567 trus
1350 2529 1558 2565 Venerabilis
1579 2555 1590 2571 ,
1632 2530 1744 2566 Abbas
1769 2531 1863 2576 hujus
1892 2535 2087 2572 Monnsterii
2109 2550 2120 2571 =

1251 2583 1427 2624 Ubicumque
1441 2580 1495 2623 fibi
1509 2581 1633 2614 obviam
1645 2585 1793 2622 Fratres,
1810 2585 1916 2624 junior
1933 2589 2058 2627 &priori
2073 2586 2122 2620 be-

319 2653 425 2676 retus:
453 2640 531 2672 ciam
550 2637 644 2669 redire
657 2636 729 2675 jam
739 2635 857 2665 domum
879 2640 1042 2674 oporteret,
1068 2630 1189 2664 orabam
1252 2632 1441 2665 nedic‘lionem
1449 2637 1544 2672 petit,
1571 2632 1712 2672 dicendo,
1739 2634 1931 2673 Benedictio,
1945 2634 2124 2676 ficu-trare·

320 2702 353 2728 ut
379 2689 584 2724 benedic‘lionis
615 2690 759 2719 viaticum
778 2683 867 2715 daret
891 2707 897 2714 .

319 2741 526 2779 Theodoro,
554 2734 765 2780 quinobilem
792 2733 896 2767 virum
908 2732 1069 2765 Mennam
1093 2731 1191 2765 visua-

324 2802 391 2830 rat,
414 2790 509 2822 hibet
536 2787 604 2829 ejus
627 2787 709 2819 vita:
737 2784 813 2815 Cum
824 2783 959 2815 omnibus
979 2781 1136 2822 domesticis
1149 2781 1192 2814 be-

325 2840 478 2881 nedixisset
497 2862 506 2877 ,
534 2835 650 2878 dist-effic
667 2860 674 2867 .
707 2834 758 2867 Ex
773 2845 839 2874 quo
857 2834 946 2866 vides
963 2831 1047 2865 hanc
1065 2832 1180 2865 benedi

326 2893 467 2924 &onem
501 2898 566 2920 non
587 2885 716 2918 tantum
736 2883 776 2916 ab
796 2883 968 2925 Episcopis
992 2906 1003 2922 ,
1027 2883 1080 2916 sed
1097 2885 1191 2916 etiam

327 2942 345 2974 ὲ
359 2936 555 2980 presbyteris
572 2946 608 2967 ac
630 2932 809 2967 Monachis
828 2934 919 2966 fui-sse
938 2933 1075 2975 petitam
1094 2932 1192 2965 &im-

330 2990 462 3034 pensam
476 3012 483 3019 .
512 2986 554 3018 Et
570 2982 762 3017 abeuntibus
782 2983 871 3015 fuifle
892 2983 1065 3016 viaticum.
1094 2982 1194 3029 Qod

329 3042 417 3073 enim
442 3035 624 3070 Walbertus
643 3034 784 3071 Comes,
811 3032 877 3064 fine
902 3032 1129 3066 bened÷3ione
1146 3032 1196 3065 di·

333 3092 463 3124 scedens
479 3088 496 3120 ὲ
508 3086 623 3120 Sancto
635 3082 771 3115 Bertino
787 3082 931 3122 Abbare,
958 3083 992 3115 in
1005 3082 1133 3116 foveam
1149 3092 1198 3115 ce-

332 3139 446 3173 ciderit
458 3149 532 3170 cum
548 3137 622 3167 vitae
634 3133 826 3176 pericu¹0‚&
836 3142 917 3165 tunc
929 3134 1088 3174 poenitens
1099 3132 1198 3173 ipsam

337 3188 514 3231 impetrarit
544 3196 598 3229 per
620 3181 847 3216 Internuncios
869 3206 879 3221 ,
907 3181 1005 3215 habes
1024 3184 1057 3215 in
1082 3182 1200 3215 laudati

338 3238 461 3270 Bertini
477 3237 560 3270 vita.
588 3234 631 3268 Et
646 3244 744 3271 nota,
759 3231 1084 3274 quodSanstusZeno
1096 3231 1198 3265 adole-

338 3290 474 3320 scentem
486 3286 592 3319 adhuc
602 3307 612 3322 ,
624 3284 698 3326 quia
715 3281 861 3314 Ecclefiae
869 3281 985 3315 Lerstor
996 3291 1061 3314 erat
1070 3306 1079 3321 ,
1091 3281 1200 3314 Theo·

337 3336 488 3369 doretum
502 3333 687 3368 benedicere
699 3333 879 3365 detrestarit
893 3356 902 3371 ‚
928 3331 970 3365 ab
983 3332 1052 3374 ipso
1066 3333 1096 3365 se
1114 3331 1194 3365 bene

937 2682 979 2715 Et
1012 2681 1052 2714 de
1076 2682 1190 2715 Sancto
1246 2684 1367 2727 gulas-ia
1379 2683 1439 2714 loca
1447 2681 1565 2723 fuerit;
1580 2682 1614 2715 (9·
1626 2677 1777 2717 bummm
1786 2684 1954 2716 inclinando
1966 2709 1977 2724 ,
2001 2685 2125 2720 &nibil

1249 2732 1447 2774 proferendo,
1467 2730 1497 2772 fi
1502 2730 1585 2772 infra
1605 2732 1731 2773 officinas
1754 2734 1902 2775 regulares
1918 2733 1974 2775 fibi
1994 2746 2121 2770 occurre-

1252 2795 1333 2816 rint.
1362 2779 1486 2824 ,Quodsi
1500 2779 1614 2823 semper
1625 2782 1764 2823 loquendo
1782 2782 1859 2815 hanc
1875 2789 1938 2824 peti
1959 2775 2062 2818 debere
2072 2787 2119 2818 di-

1253 2839 1318 2865 citis
1342 2857 1352 2872 ,
1377 2832 1512 2864 viderint
1531 2829 1669 2874 disereti,
1696 2833 1796 2864 utrum
1814 2831 1970 2875 superfluae
1989 2835 2125 2868 locutioni

1255 2884 1323 2915 utile
1340 2881 1484 2923 silentium
1503 2886 1615 2922 imponi
1632 2905 1644 2921 ,
1669 2893 1710 2914 an
1726 2880 1851 2924 supponi
1870 2883 1992 2917 debeat.
2019 2887 2124 2926 super-

1253 2933 1345 2974 fluam
1362 2934 1430 2965 vero
1442 2932 1547 2963 idcirco
1568 2934 1713 2972 dicimus,
1738 2938 1808 2973 quia
1820 2934 1864 2965 ad
1884 2935 1920 2965 id
1939 2936 2020 2975 quod
2041 2935 2125 2976 aequb

1257 2984 1327 3016 bene²
1331 2982 1446 3023 silentio
1453 2981 1543 3022 potest
1545 2980 1613 3022 fieri
1622 3005 1632 3020 ,
1657 2983 1788 3024 linguam
1799 2993 1856 3015 non
1866 2983 1917 3025 effe
1927 2984 2126 3027 neceffariam,

1259 3029 1546 3074 &ideosuperfluam
1556 3030 1771 3070 existimamus.
1798 3035 1953 3074 Maxime,
1980 3035 2043 3066 ciem
2063 3036 2127 3067 nul-

1260 3085 1315 3116 lius
1333 3080 1478 3125 sermonis
1488 3088 1609 3122 propter
1632 3081 1712 3115 hanc,
1723 3079 1934 3123 salutationem
1950 3084 2128 3126 proferendi

1262 3140 1292 3165 in
1326 3132 1425 3175 regula
1443 3128 1540 3173 fuerit
1562 3129 1653 3172 facia
1686 3137 1792 3164 mentio
1817 3154 1837 3165 ,η
1862 3133 1904 3167 Et
1930 3133 1996 3167 haec
2017 3134 2130 3168 omnia

1262 3182 1441 3215 etiamnum
1477 3180 1639 3214 servantur
1675 3183 1709 3214 in
1731 3182 1945 3226 disciplinatis
1965 3182 2131 3217 Monaste-

1265 3234 1317 3266 riis
1340 3256 1347 3263 .
1375 3230 1475 3264 Obvii
1499 3242 1607 3263 tamen
1635 3232 1756 3266 Fratres
1777 3243 1845 3267 non
1869 3235 2043 3267 Beni-dicite
2064 3234 2131 3275 pas-

1267 3283 1321 3314 slm
1349 3281 1463 3314 dicunt
1489 3304 1498 3319 ,
1526 3279 1577 3313 sed
1601 3283 1660 3313 Deo
1674 3288 1796 3325 gratias
1817 3308 1826 3315 .
1862 3284 2041 3325 Desumpta
2063 3280 2133 3318 haec

1268 3333 1341 3365 sunt
1361 3342 1401 3364 ex
1438 3329 1579 3373 antiquis
1605 3330 1783 3365 Christiani
1820 3333 1930 3374 populi
1968 3332 2132 3367 moribus.

336 3385 512 3422 dicendum
536 3384 629 3418 fuerit
650 3381 839 3427 prorestatus
858 3404 872 3421 ,
898 3382 930 3416 ὃς
952 3393 1020 3415 non
1043 3381 1099 3414 nisi
1131 3392 1206 3415 cum
1273 3381 1403 3416 Etenim
1431 3381 1519 3425 quod
1547 3382 1747 3415 transeuntes
1767 3381 1963 3416 merentibus
1988 3392 2043 3415 aut
2069 3383 2134 3419 alia

1996 3431 2084 3466 labo·
