2352 3756
326 112 424 160 394

228 185 296 220 fiio
310 208 318 216 .
346 185 399 218 De
414 183 480 226 ipsa
493 181 604 216 scribit
617 182 651 214 in
665 182 814 215 sermone
825 178 865 214 ad
878 179 1068 214 Sacerdotes
1079 187 1118 210 ac

229 235 386 270 Praelatos
408 233 522 266 Petrus
542 231 700 265 Blesensis
726 243 733 263 ι
760 232 943 264 Notandum
971 233 1093 261 occurrit
1109 250 1120 265 ‚

229 293 305 329 quia
322 283 488 326 producitur
510 293 588 316 nunc
606 281 645 322 est
666 279 823 324 adscensus
845 281 888 312 ad
903 277 1119 312 sacerdotalem

227 337 360 380 gradum
373 358 383 373 ‚
410 334 502 375 qudm
522 339 554 366 in
568 338 732 375 primitiva
753 329 900 370 Ecclefia,
926 334 958 360 in
986 337 1047 368 qua
1069 331 1122 366 qui

235 393 354 419 tantum
365 383 464 425 fidelis
493 392 579 423 erat,
605 386 754 415 Diaconus
777 379 869 420 fiebat
890 379 941 410 vel
961 377 1121 409 sacerdos.

236 432 579 477 Introduc‘lipostecisunt
592 435 715 475 quidam
728 436 876 461 minorum
898 428 1033 459 ordinum
1051 437 1124 470 gra-

237 488 321 526 dus,
343 493 397 527 per
417 496 489 527 quos
510 493 656 524 tanquam
675 489 731 521 per
745 482 874 511 Cantica
890 478 1043 521 graduum
1070 477 1125 508 ad·

234 535 388 579 stenditur
399 536 444 568 ad
454 534 654 567 Sacerdotium
666 554 673 561 .
702 529 746 562 Et
770 527 853 562 certe
866 527 1041 561 isidoriana
1065 526 1125 559 Ca-

239 597 371 620 nonum
391 584 541 619 collectio
565 580 761 613 hodiernum
787 579 975 612 adscensum
987 577 1126 610 affirmat

241 637 304 670 effe
317 636 502 670 institutum
516 631 591 664 Caii
603 629 793 664 Pontificis.
822 629 865 662 Et
879 628 943 662 hoc
965 628 1034 670 ejus
1044 636 1127 670 opus

241 686 352 720 laudat
372 684 472 717 etiam
500 681 692 714 Romanum
714 679 915 713 Breviarium
937 704 945 711 .
972 677 1066 723 Quin
1090 677 1125 710 &

242 736 367 771 dudum
383 731 453 776 post
466 732 542 765 varii
559 731 656 764 sancti
674 731 756 770 viri,
782 729 910 772 &apud
933 729 1073 761 Latinos
1094 727 1128 760 &

241 785 327 829 apud
338 784 470 816 Graecos
486 806 496 821 ,
524 781 678 826 leguntur
699 792 738 813 ex
752 779 862 814 Laicis
885 777 1035 822 proxime
1057 788 1128 810 eve-

243 837 283 869 &i
307 836 340 868 in
362 834 552 868 Diaconos.
579 829 753 877 Qidquid
776 829 838 869 fit,
864 830 973 862 omnis
997 838 1051 872 per
1075 826 1130 860 sal·

242 896 314 919 tum
326 883 493 918 ordinatio
508 882 570 914 suit
585 882 707 924 semper
727 879 879 913 damnata
905 878 992 922 apud
1015 888 1131 910 omnes

243 934 420 969 Ecclesias.
448 932 543 964 Hinc
564 932 654 964 enim
680 931 803 974 primus
822 930 926 963 Graeci
950 927 1130 962 schismatis

242 982 502 1020 aurhorPhotius
510 993 568 1025 pro
583 981 706 1014 summa
718 980 883 1015 calumnia
900 979 994 1014 nobis
1006 978 1133 1012 Latinis

242 1034 475 1078 improperavit
500 1058 510 1072 ,
537 1031 626 1075 quod
655 1043 697 1066 ex
738 1031 901 1074 Diaconis
937 1028 1132 1064 immediate

243 1094 425 1119 crearemus
440 1083 621 1125 Episcopos
645 1108 651 1114 .
694 1082 771 1115 Erat
797 1081 959 1116 calumnia
990 1090 1065 1113 nata
1092 1091 1132 1112 ex

245 1136 439 1170 Latinarum
452 1144 557 1166 rerum
571 1134 773 1176 ignorantia.
802 1133 921 1165 Latina
936 1131 1059 1175 quippe
1075 1130 1133 1162 Ec·

243 1186 336 1221 clesia
346 1196 386 1218 ex
398 1183 558 1218 Diaconis
573 1186 695 1227 semper
708 1183 809 1227 elegit
825 1182 1004 1226 Episcopos
1014 1206 1024 1222 ‚
1054 1191 1135 1214 nun-

245 1246 344 1281 quam
369 1235 574 1268 consecravit
607 1258 614 1266 .
650 1232 739 1267 Istud
767 1234 892 1266 crimen
923 1232 1050 1265 videtur
1081 1242 1134 1274 per

243 1287 392 1320 Arianos
418 1284 557 1328 primurn
581 1284 782 1327 apparuisse.
808 1282 943 1317 Etenim
967 1282 1008 1316 de
1029 1280 1135 1323 lschy-

244 1348 279 1370 ra
292 1362 302 1377 ‚
329 1335 526 1379 nequiffimo
538 1335 644 1369 Sancti
662 1333 831 1367 Athanasii
849 1333 1034 1366 accusatore
1046 1355 1058 1370 ,
1085 1329 1137 1363 ha·

247 1386 361 1421 bemus
378 1387 412 1419 in
424 1385 616 1430 fragmentis
632 1384 738 1417 Sandii
761 1383 886 1416 Hilarii
901 1381 1061 1426 'Episcopi
1084 1379 1133 1413 Pi-

248 1437 435 1471 &aviensiss
462 1435 592 1478 Ischyras
617 1437 654 1468 de
668 1437 794 1466 Diacono
817 1434 952 1476 asseritur
973 1430 1134 1474 Episcopus

249 1488 406 1520 ordinatus
426 1510 433 1517 .
464 1485 508 1519 Et
529 1486 690 1518 consonat
710 1484 902 1518 Sardicenfis
926 1481 1076 1517 Concilii
1096 1480 1134 1514 ad

247 1547 363 1572 omnes
383 1535 441 1569 sub
450 1536 536 1570 coelo
549 1533 758 1568 orthodoxos
774 1534 951 1567 Antistites
966 1531 1112 1575 Epistola
1129 1543 1135 1562 :

249 1593 355 1622 Ariani
368 1585 489 1629 Ischyrae
504 1592 535 1618 in
547 1588 565 1617 5
562 1585 746 1626 ycopbantiae
756 1590 920 1627 praemium
932 1585 1077 1616 dederunt
1089 1581 1135 1614 bo-

249 1650 347 1672 norem
358 1635 557 1679 Epifitopatus
569 1635 698 1676 bomini,
724 1642 774 1677 qui
794 1646 830 1668 ne
849 1634 999 1672 Presbyter
1017 1633 1136 1675 quidem

243 1689 308 1734 fuit
325 1714 331 1720 .
363 1688 437 1721 Erat
450 1687 538 1721 enim
551 1687 638 1720 mere
651 1686 791 1720 Laicus.
819 1685 953 1728 Utpote
964 1683 1135 1717 ordinatus

248 1742 266 1773 a
279 1737 440 1778 Collum,
467 1749 564 1781 quem
578 1737 700 1770 Hosius
715 1734 934 1770 Cordubensis
955 1732 1136 1775 Episcopus

248 1790 400 1823 &Sanffl
423 1787 576 1830 Sylvestri
599 1796 653 1829 per
672 1785 861 1829 AEgyptum
877 1784 1022 1826 Legatus
1032 1782 1138 1821 Syno-

250 1839 367 1872 daliter
379 1837 605 1880 pronuntiavit
620 1845 790 1876 nunquam
805 1833 899 1866 fuisse
913 1832 1113 1873 Episcopum
1127 1852 1137 1866 ‚

250 1889 304 1923 sed
327 1888 501 1921 dumtaxat
521 1885 748 1926 Presbyterum
769 1907 776 1915 .
817 1879 1020 1928 Qinimmo
1047 1876 1135 1922 quod

251 1951 311 1973 nec
337 1940 355 1971 a
374 1937 515 1971 Colluto
533 1935 741 1969 consecratus
761 1959 770 1974 ‚
809 1933 862 1966 sed
889 1931 983 1964 istam
1006 1931 1138 1963 inanem

251 1989 532 2024 consecrationem
546 1986 704 2019 mentitus
714 1983 811 2017 fuerit
826 2007 835 2022 ‚
850 1982 983 2015 testatur
996 1979 1140 2013 Alexan·

252 2037 487 2079 drinaeSynodi
511 2048 570 2078 pro
587 2035 704 2067 Sanfto
722 2031 905 2064 Athanasio
918 2029 1141 2073 Apologetica

253 2086 389 2133 epistola
403 2112 413 2127 ‚
440 2084 663 2119 &Mareotici
688 2081 776 2115 Cleri
798 2081 914 2113 relatio
935 2080 975 2111 ad
998 2077 1142 2119 Tyriam

254 2138 428 2184 synodum
453 2159 461 2167 .
489 2134 598 2167 Etiam
623 2132 736 2165 Petrus
757 2130 854 2163 Fullo
877 2154 887 2168 ,
915 2127 1144 2170 Eutychianus

256 2186 444 2223 Antiochiae
468 2181 674 2222 patriarcha,
699 2180 859 2223 Xenajam
882 2178 1053 2212 hominem
1075 2188 1142 2210 non

255 2240 457 2284 baptizatum
475 2231 674 2269 consecravit
702 2231 902 2274 Episcopum
922 2254 929 2261 .
953 2227 1079 2262 Verum
1102 2238 1144 2260 an

256 2303 311 2336 per
337 2289 453 2322 saltum
482 2282 714 2319 consecraverit
743 2305 753 2321 ,
791 2282 963 2325 ignoratur
991 2303 998 2311 .
1035 2278 1145 2312 Etiam

257 2340 375 2376 Ariani
399 2336 518 2382 poffint
542 2333 705 2375 lschyram
720 2343 774 2374 per
797 2330 1019 2375 ignorantiam
1039 2328 1147 2362 conse·

255 2392 378 2427 crasse.
407 2387 485 2420 Hoc
513 2386 603 2419 enirn
629 2384 751 2416 crimen
781 2381 842 2414 fuit
868 2377 1009 2413 omnino
1036 2378 1146 2412 rariffi-

260 2453 352 2477 mum
369 2437 453 2482 apud
472 2436 641 2479 antiquam
666 2432 856 2466 Ecclesiam.
886 2431 965 2473 Ejus
978 2440 1044 2462 non
1059 2439 1146 2470 repe·

261 2493 311 2527 rio
322 2488 470 2532 exempla
484 2484 541 2520 nifi
565 2485 634 2529 post
649 2481 772 2517 Christi
783 2481 925 2517 Domini
936 2490 1062 2514 annum
1075 2478 1158 2512 mil->

265 2544 427 2578 lefimum.

315 2593 371 2625 Ad
394 2590 484 2624 istius
506 2586 611 2621 saeculi
636 2585 781 2620 medium
803 2582 1020 2627 Herphrastus
1036 2578 1150 2614 Thed·

266 2642 432 2677 fordienfis
456 2640 488 2673 in
513 2637 636 2682 Anglia
661 2637 839 2678 Episcopus
853 2635 961 2675 nescio
973 2629 1152 2676 quemCle-
1171 2656 1178 2677 ,ὁ

267 2695 371 2726 ticum
386 2691 551 2724 inordinate
571 2688 744 2729 ordlnavit.
774 2685 826 2729 Ex
839 2685 924 2721 laic'o
937 2685 1130 2719 Diaconum
1143 2705 1150 2712 .

270 2743 314 2776 Et
336 2743 466 2775 Sanstus
486 2738 687 2773 Lanfrancus
719 2735 961 2770 Cantuariensis
986 2731 1155 2774 Archiepi-

271 2795 386 2834 scopus
407 2791 440 2824 &
469 2790 570 2823 totius
596 2786 724 2832 Angliae
750 2786 876 2819 Primas
902 2785 1072 2819 consultus
1097 2781 1163 2815 res·³

273 2841 408 2887 pondit:
443 2844 638 2872 Diaconatum
651 2844 678 2870 ei
691 2836 808 2878 auferte
820 2862 829 2876 ,
851 2835 1027 2868 'adcaeteros
1038 2834 1155 2866 ordines
1173 2834 1177 2839 “

273 2898 398 2925 minores
425 2895 557 2932 congruis
580 2900 645 2922 eum
666 2887 842 2928 temporibus
861 2895 1054 2927 promovete,
1083 2886 1156 2914 Dia—

274 2951 397 2976 conatus
421 2942 492 2973 vero
515 2938 650 2971 ordinem'
667 2948 818 2979 nunquam
838 2939 983 2976 recipiat,
1012 2933 1067 2975 nifi
1084 2931 1158 2971 caste

277 3000 369 3027 vivat
389 3015 400 3030 ‚
426 2988 482 3030 mfi
497 2989 534 3021 de
554 2989 664 3029 reliquo
685 2986 716 3028 se
740 2986 812 3025 caste
832 2986 983 3020 vic‘lurum
1007 2988 1159 3017 Canonica

277 3042 461 3082 attestatione
467 3042 625 3081 promittat
635 3061 643 3069 .
670 3039 782 3069 sivero
800 3035 927 3069 coelibem
939 3040 1039 3068 vitam
1049 3038 1136 3077 egerit
1150 3056 1160 3071 ‚

278 3094 311 3126 (7¹
336 3092 472 3124 aduram
502 3087 534 3132 se
550 3092 643 3121 romni-
663 3091 792 3127 tempore
816 3085 995 3129 respondere·
1016 3087 1161 3123 voluerit,

280 3154 336 3175 non
359 3140 478 3182 quidem'
501 3150 568 3173 eum
587 3138 630 3170 ad
653 3138 786 3169 ordinem
808 3135 1108 3170 Diaconatus.iterum
1119 3146 1162 3166 or-

279 3191 423 3226 dinabitis
440 3215 451 3231 ,
472 3188 531 3233 sed
549 3187 645 3231 ipsum
667 3187 790 3229 officium
806 3195 863 3228 per
884 3190 998 3219 textum
1009 3184 1161 3218 sam‘liE-

149 3248 198 3285 Ep.
218 3256 262 3279 ²1-
280 3243 411 3283 vangelii
423 3266 433 3281 ,
459 3240 511 3273 vel
527 3245 560 3271 in
577 3239 685 3277 synodo
706 3238 757 3271 vel
772 3242 806 3270 in
817 3238 975 3270 multorum
986 3237 1165 3268 clericorum

282 3296 439 3326 Conventa
451 3291 581 3324 reddetis
593 3313 601 3321 .
612 3286 759 3321 Proinde
769 3286 958 3330 illegitima,
978 3296 1087 3320 tamen
1098 3295 1164 3318 rata

284 3342 319 3376 &
343 3338 452 3374 valida
476 3339 522 3372 est
549 3337 731 3374 istiusmodi
764 3337 966 3371 consecratio
991 3361 998 3369 .
1037 3334 1166 3373 Verba,

284 3387 444 3433 Nfivcaefle
465 3394 578 3429 vivat,
604 3389 780 3433 respiciunt
802 3386 932 3422 novella
950 3397 1030 3420 tunc
1044 3385 1165 3421 Roma·

605 91 857 154 QUAEDAM
893 107 1027 137 ALIA
1064 92 1102 138 S.
1139 91 1461 138 Grteoorzrl
1498 110 1779 142 3ε1>τῙΜῙ’

1185 189 1232 211 nae
1246 178 1396 212 Ecclefiae
1418 189 1532 214 contra
1545 182 1744 226 conjugatos
1756 184 1902 220 elericos
1913 189 2051 224 Decreta
2064 190 2076 223 .’

1187 228 1376 262 lnordinate
1397 229 1588 264 ordinatum
1606 233 1795 268 Diaconum
1809 259 1819 274 ,
1846 236 1904 269 nifi
1925 238 1982 272 illa
1993 241 2077 274 sole-

1188 279 1308 311 mniter
1331 279 1538 322 profiteretur
1551 305 1561 320 ‚
1588 283 1792 318 Lanfrancus
1804 285 1909 320 voluit
1920 291 2078 330 perpetuo

1187 339 1319 363 manere
1345 329 1586 374 degradatum,
1616 334 1650 367 dc
1680 335 1774 368 omni
1802 338 1867 368 vita
1894 340 2079 373 communi·-

1189 389 1260 412 care
1280 389 1317 413 ut
1338 379 1498 415 Laicurn.
1527 382 1572 416 Et
1593 383 1669 424 quia
1682 393 1758 418 ante
1778 384 1933 430 Gregorii
1948 388 2086 431 septimi.

1191 438 1336 472 tempora
1364 430 1554 475 Anglorum
1579 443 1660 477 gens
1687 435 1743 468 vix
1770 435 1900 470 admisit
1929 437 1985 471 illa
2012 437 2081 472 De-

1190 490 1275 512 creta
1303 505 1314 520 ,
1355 480 1481 515 videtur
1519 482 1577 516 ista
1617 484 1752 528 epistola
1787 487 1851 520 esse
1877 486 1992 530 scripta
2020 487 2080 522 sub

1192 530 1391 564 Pontificatu
1416 532 1516 566 nostri
1540 532 1713 579 Gregorii.
1740 534 1877 582 Qodfi
1900 549 2012 572 verum
2023 539 2080 578 fit,

1192 580 1395 615 Lanfrancus
1417 584 1585 626 respondit
1608 596 1650 617 ex
1672 583 1857 620 Alexandri
1880 588 2012 622 secundi
2036 588 2079 623 ad

1193 630 1398 664 Rumoldum
1429 632 1714 668 Constantiensem
1737 636 1771 668 in
1799 637 1976 672 Germania
2001 638 2080 680 Epi·

1192 682 1326 724 scopum
1341 682 1516 726 Rescripto
1532 697 1542 716 .·
1569 686 1735 718 Sollicitudo
1754 688 1927 721 Dilefflonrs
1953 688 2080 729 tuaestu·

1193 732 1257 764 duit
1284 730 1427 775 consulere
1446 759 1455 774 ,
1482 734 1583 766 utrum
1605 741 1734 776 portitor
1761 736 1882 776 istarum
1908 740 2079 771 litterarum

1194 785 1378 816 Diaconatus
1401 784 1435 816 (9
1449 783 1670 823 Presbyteratus
1682 787 1802 827 officium
1810 786 1847 827 fit
1859 789 1982 821 idoneus
1995 796 2079 831 pera-

1189 844 1260 876 gere
1274 857 1284 872 ,
1309 844 1399 866 necne
1413 857 1423 873 ,
1451 835 1514 866 cum
1526 836 1572 867 ad
1587 837 1624 868 id
1628 844 1818 878 praepropero
1839 837 1939 880 cursu,
1973 840 2079 872 videli-

1194 892 1238 915 cet
1251 881 1315 923 fine
1347 883 1584 917 subdiaconatus
1610 887 1711 919 ordine
1739 911 1749 925 ‚
1776 889 1954 931 negligentia
1975 890 2079 929 potius

1195 933 1285 974 qutim
1303 931 1443 975 superbia
1469 933 1651 976 cognoscatur
1678 934 1856 980 adscendiffe
1881 962 1887 969 .
1915 939 1998 970 Unde
2026 950 2081 970 nos

1196 981 1366 1025 consulendo
1388 981 1545 1015 charitati
1569 992 1631 1016 tuae
1651 988 1853 1027 mandamus,
1879 997 1912 1019 ut
1935 987 1972 1020 ab
1995 988 2081 1030 officio

1196 1045 1260 1066 eum
1284 1033 1462 1073 Saces-dotali
1482 1031 1667 1075 prohibeam
1684 1055 1694 1072 ,
1718 1036 1805 1068 donec
1811 1043 1948 1078 proximo
1958 1048 2082 1080 quatuor

1197 1091 1360 1125 temporum
1369 1084 1488 1124 jejunio
1511 1083 1744 1116 Subdiaconatus
1770 1085 1960 1124 ministerium
1979 1093 2004 1119 ei
2024 1090 2082 1121 rit?

1199 1140 1335 1176 imponas
1349 1158 1358 1173 ‚
1386 1135 1420 1167 (θ’
1426 1131 1465 1174 fic
1476 1134 1612 1175 deinceps
1624 1136 1668 1167 ad
1680 1135 1794 1175 majora
1811 1135 1899 1176 officia
1910 1146 1973 1167 eum
1984 1138 2083 1170 redire

1197 1185 1337 1217 concedas
1351 1209 1358 1216 .
1388 1183 1439 1216 Ex
1457 1184 1576 1227 quibus
1601 1184 1856 1220 lucetinflistam
1879 1185 1937 1219 tali
1957 1183 2086 1220 ordina-

1199 1235 1284 1268 tioni
1309 1234 1550 1276 suspensionem
1584 1245 1663 1268 tunc
1687 1247 1756 1269 non
1779 1234 1871 1269 fuisse
1892 1237 2085 1270 reservatam

1202 1286 1328 1318 summo
1353 1283 1536 1319 Pontifici.
1569 1284 1685 1318 Exstat
1712 1285 1849 1328 epistola
1875 1285 1911 1320 in
1938 1285 2085 1321 Decreto

1200 1335 1308 1368 Sancti
1333 1334 1446 1368 lvonis
1458 1334 1614 1379 Episcopi
1626 1335 1838 1369 Carnutensis
1850 1361 1859 1368 .

1237 1384 1389 1427 Ejusdem
1404 1385 1509 1418 saeculi
1520 1396 1610 1419 anno
1623 1386 1855 1430 septuagesimo
1866 1386 2001 1431 septimo
2013 1385 2086 1423 Hu-

1201 1446 1243 1479 go
1256 1435 1384 1469 Diensis
1398 1434 1583 1479 Episcopus
1594 1461 1604 1476 ,
1633 1436 1759 1479 septimi
1774 1437 1927 1481 Gregorii
1941 1449 1996 1480 per
2005 1432 2088 1472 Gal-

1201 1485 1276 1520 liam
1299 1485 1444 1530 Legatus
1470 1510 1480 1525 ,
1507 1486 1681 1520 celebravit
1713 1487 1886 1529 Synodum
1906 1482 2089 1522 Pic'iav'ien-

1202 1537 1263 1570 sem
1277 1561 1286 1576 ‚
1313 1536 1346 1570 &
1360 1536 1393 1569 in
1417 1536 1636 1578 synodalium
1649 1537 1808 1571 Actorum
1828 1538 1870 1571 ad
1887 1537 2089 1572 Pontificem

1203 1586 1359 1622 relatione
1373 1587 1492 1630 scripsit
1504 1601 1517 1621 .-
1543 1586 1637 1628 Pestis
1663 1589 1697 1620 Θ
1709 1589 1837 1621 dedecus
1855 1587 1973 1621 sane‘lae
1984 1588 2088 1620 siecle.-

1194 1636 1245 1678 fiae
1257 1662 1268 1678 ,
1296 1636 1530 1681 archiepiscopus
1551 1636 1722 1678 Turonensis
1737 1662 1748 1677 ‚
1775 1640 1809 1671 (¹5
1828 1648 1891 1669 eum
1915 1649 1946 1670 eo
1966 1634 2087 1678 Episto-

1197 1695 1258 1727 ραι
1282 1687 1457 1728 Redonenfis
1476 1711 1487 1726 ‚
1523 1697 1615 1719 torum
1636 1689 1714 1728 pene*
1743 1694 1956 1728 occupaverunt
1983 1690 2091 1719 Conci—¹

1199 1737 1269 1768 lium
1292 1761 1299 1768 .
1328 1735 1504 1777 Redonenfis
1528 1748 1656 1777 namque
1686 1735 1889 1776 comprobatus
1921 1733 1958 1772 est
1990 1744 2061 1766 reus
2074 1756 2093 1774 ,.

1200 1790 1271 1825 quia
1283 1795 1340 1816 non
1347 1786 1434 1824 prius
1446 1787 1604 1817 ordinatus
1617 1790 1650 1816 in
1663 1785 1810 1817 clericum
1827 1783 1863 1824 est
1874 1785 2027 1816 ordinatus
2052 1789 2087 1816 m

1202 1831 1398 1875 Episcopum.
1428 1833 1581 1876 Ejusdem
1604 1833 1665 1868 alia
1676 1835 1812 1868 crimina
1829 1843 1997 1869 enumerat
2010 1857 2022 1873 ,
2047 1845 2087 1868 ac

1202 1884 1323 1926 pergit:
1352 1888 1418 1916 Nos
1431 1885 1586 1916 multorum
1605 1885 1742 1925 precibus
1767 1886 1924 1923 inclinati,
1953 1884 2087 1916 nondum

1202 1931 1380 1974 depoſstum,
1401 1931 1460 1973 sed
1477 1941 1576 1965 tamen
1592 1931 1766 1975 suspensum
1786 1957 1797 1973 ‚
1822 1939 1893 1975 quia
1914 1932 1979 1974 suae
2000 1934 2087 1967 utilis

1203 1985 1268 2015 erat
1292 1980 1424 2021 Ecclefiae
1445 2005 1455 2020 ,
1482 1982 1586 2020 vestrae
1606 1980 1812 2023 misericordia
1834 1982 2086 2024 praesentandum

1203 2033 1237 2065 ὼ·
1248 2031 1447 2071 judicandum
1457 2031 1647 2072 reliquimus.
1679 2031 1721 2063 Et
1736 2030 1797 2064 hac
1820 2032 1928 2066 forsan
1948 2032 2093 2065 occasio-

1205 2092 1246 2115 ne
1259 2081 1366 2114 noster
1380 2080 1561 2124 Gregorius
1569 2081 1672 2114 emisit
1685 2083 1868 2123 praesentem
1893 2083 2069 2116 Canonem
2079 2106 2090 2114 .

1206 2131 1395 2164 EstCanon
1409 2132 1590 2164 conformis
1602 2131 1774 2174 Rescripto
1798 2131 1998 2166 Alexandri.
2027 2131 2090 2166 iste

1206 2181 1406 2216 Redonensis
1447 2181 1628 2225 Episcopus
1664 2182 1728 2215 fuit
1765 2182 1902 2216 nomine
1922 2182 2093 2216 Silvester..

1208 2229 1353 2265 Laudata
1371 2231 1486 2265 relatio
1507 2231 1612 2265 exstat
1624 2232 1710 2274 apud
1723 2233 1907 2276 Hugonem
1928 2232 2093 2266 Flavinia·

1208 2283 1355 2315 censem.
1381 2282 1434 2314 De
1447 2282 1658 2327 nescioquo,
1684 2283 1740 2325 qui
1762 2282 1902 2316 necdum
1926 2283 1959 2315 in
1988 2281 2090 2315 Cleri-

1209 2343 1283 2366 cum
1296 2329 1494 2367 benedictus:
1508 2333 1539 2365 se
1556 2331 1695 2375 permisit
1708 2333 1886 2366 consecrari
1910 2332 1945 2365 in
1957 2331 2092 2366 Subdin-

1210 2393 1353 2423 conum,
1379 2383 1532 2416 Sanstum
1558 2383 1694 2416 lvonem
1717 2382 1882 2416 consuluit
1893 2381 2092 2415 Guilielmus

1211 2432 1483 2477 Rothomagensis
1496 2432 1788 2475 Archiepiscopus:
1816 2433 1860 2466 Et
1882 2431 1940 2465 lvo
1963 2432 2094 2475 respon-

1209 2483 1259 2518 dit
1280 2484 1397 2527 partim
1419 2495 1461 2517 ex
1484 2483 1656 2526 Rescripto
1678 2482 1858 2516 Alexandri
1877 2507 1888 2523 ‚
1916 2482 2031 2525 partim
2052 2494 2095 2517 ex

1212 2533 1276 2567 hoc
1303 2533 1444 2567 Canone
1470 2533 1623 2577 Gregorii
1648 2557 1656 2565 .
1693 2532 1860 2576 Integrum
1888 2533 2094 2576 Rescriptum

1213 2585 1346 2618 inseruit
1369 2584 1433 2617 suis
1456 2583 1590 2623 litteris,
1617 2583 1649 2616 &
1670 2583 1798 2616 addidit
1819 2583 1939 2616 similes
1959 2594 2011 2626 per
2036 2583 2095 2616 sal-

1214 2646 1283 2669 tum
1307 2644 1475 2680 promotos
1508 2633 1682 2676 dispensari
1703 2633 1792 2676 posse
1821 2658 1831 2674 ‚
1868 2634 1889 2666 si
1910 2631 2094 2666 honorifica.

1214 2695 1327 2720 eorum
1340 2685 1404 2718 vita
1417 2709 1427 2724 ‚
1451 2692 1506 2717 aut
1519 2683 1666 2719 Ecclesia:
1677 2683 1801 2718 utilitas
1816 2683 1861 2716 ita
1872 2684 1980 2726 exigat
1991 2706 2001 2721 ‚
2015 2683 2096 2715 alio-

1215 2736 1294 2779 quin
1311 2733 1572 2768 necadscendere
1583 2735 1689 2777 poffe,
1713 2745 1773 2767 nec
1787 2733 1983 2766 ministrare.
2013 2733 2095 2765 Haec

1217 2786 1373 2830 posterior
1387 2784 1557 2830 'Responfi
1577 2794 1646 2827 pars
1670 2783 1773 2827 palam
1794 2782 1961 2825 desumpta
1987 2782 2031 2814 est
2054 2794 2095 2815 ex

1219 2836 1358 2880 praesenti
1383 2834 1541 2868 canone-
1569 2834 1658 2868 Vide
1681 2835 1770 2877 plura
1790 2834 1874 2877 apud
1896 2833 2095 2875 Gregorium

1221 2898 1344 2920 nonum
1366 2885 1421 2918 sub
1443 2885 1542 2918 titulo
1576 2885 1617 2917 de
1638 2885 1769 2917 Clerico
1788 2884 1939 2916 ordinato
1961 2893 2016 2924 per
2039 2881 2096 2914 sal-

1220 2947 1290 2970 tum
1313 2962 1320 2968 .
1349 2935 1428 2968 Haec
1451 2936 1496 2968 est
1532 2933 1702 2968 novissima
1726 2930 2098 2969 TridentinivConcui'r

1220 2988 1358 3021 sanstio:
1387 2989 1464 3019 Cum
1472 2990 1610 3026 promotis
1629 2993 1685 3026 per
1689 2982 1824 3026 saltum,
1845 2981 1875 3023 fi
1882 2987 1938 3014 non
1951 2981 2099 3021 mimstrrae-
2119 2980 2182 3012 Seff.
2195 2989 2244 3016 23·

1219 3043 1325 3071 verint
1339 3061 1349 3076 ‚
1369 3034 1540 3078 ⁴Episcopms
1553 3046 1592 3068 ex
1604 3035 1736 3077 legitima
1749 3030 1836 3074 causa
1851 3034 1932 3074 possit
1945 3029 2099 3076 dispensat
2118 3032 2182 3061 ‘3²1’-
2194 3031 2238 3056 ¹4·

1221 3100 1268 3121 re.
1296 3087 1385 3130 Ipsos
1396 3085 1581 3119 effe-&solo
1603 3095 1658 3125 per
1681 3083 1797 3116 saltum
1819 3084 1967 3126 suscepto
1984 3076 2102 3116 ordine

1224 3136 1390 3182 suspensos
1415 3135 1512 3170 sentit
1542 3145 1619 3168 cum
1655 3133 1750 3166 variis
1785 3132 2012 3176 Augustinus*
2030 3132 2105 3167 Bar·

1225 3188 1320 3222 bosa.

1276 3238 1378 3271 A'liaa
1391 3233 1637 3271 nobisne-edum
1655 3234 1785 3267 laudata
1805 3242 1861 3267 aut
1872 3234 2011 3275 expolita
2027 3233 2107 3268 Gre·

1224 3289 1308 3332 gorii
1320 3290 1459 3323 Decreta
1471 3282 1565 3319 refert
1577 3285 1692 3319 Guido
1705 3283 1816 3317 Abbas
1828 3283 1863 3316 in
1887 3283 1971 3317 libro
1982 3283 2109 3316 Micro-

1225 3339 1304 3382 logo
1318 3339 1358 3370 de
1372 3335 1600 3370 Ecclefiastieis
1609 3332 1914 3368 observationibus:
1943 3337 1989 3365 De
1991 3332 2085 3375 fignis
2096 3355 2108 3371 ,

1224 3400 1290 3431 que
1309 3386 1397 3431 super
1411 3386 1585 3420 oblationem
1606 3386 1626 3417 ἃ
1646 3382 1769 3425 diversss
1792 3384 1913 3418 diverse
1927 3382 2028 3424 fiunt,
2057 3393 2108 3414 nos

2021 3432 2060 3465 ab
2130 3406 2202 3442 Cap.
2223 3412 2269 3437 14·
