<?xml version="1.0" encoding="UTF-8"?>
<!DOCTYPE html PUBLIC "-//W3C//DTD XHTML 1.0 Transitional//EN"
    "http://www.w3.org/TR/xhtml1/DTD/xhtml1-transitional.dtd">
<html xmlns="http://www.w3.org/1999/xhtml" xml:lang="en" lang="en">
 <head>
  <title>
</title>
<meta http-equiv="Content-Type" content="text/html;charset=utf-8" />
  <meta name='ocr-system' content='tesseract 3.04.00' />
  <meta name='ocr-capabilities' content='ocr_page ocr_carea ocr_par ocr_line ocrx_word'/>
</head>
<body>
  <div class='ocr_page' id='page_1' title='image "./operaomniastudio06lupuuoft/operaomniastudio06lupuuoft_0248.png"; bbox 0 0 2372 3756; ppageno 0'>
   <div class='ocr_carea' id='block_1_1' title="bbox 145 540 282 576">
    <p class='ocr_par' dir='ltr' id='par_1_1' title="bbox 145 540 282 576">
     <span class='ocr_line' id='line_1_1' title="bbox 145 540 282 576; baseline -0.007 -5"><span class='ocrx_word' id='word_1_1' title='bbox 145 540 180 571; x_wconf 80' lang='lat' dir='ltr'>A.</span> <span class='ocrx_word' id='word_1_2' title='bbox 200 548 282 576; x_wconf 74' lang='lat'>1025,</span> 
     </span>
    </p>
   </div>
   <div class='ocr_carea' id='block_1_2' title="bbox 390 63 486 121">
    <p class='ocr_par' dir='ltr' id='par_1_2' title="bbox 390 63 486 121">
     <span class='ocr_line' id='line_1_2' title="bbox 390 63 486 121; baseline 0 -12"><span class='ocrx_word' id='word_1_3' title='bbox 390 63 486 121; x_wconf 81' lang='lat'>238</span> 
     </span>
    </p>
   </div>
   <div class='ocr_carea' id='block_1_3' title="bbox 313 141 1203 444">
    <p class='ocr_par' dir='ltr' id='par_1_3' title="bbox 313 141 1203 444">
     <span class='ocr_line' id='line_1_3' title="bbox 313 141 1199 195; baseline 0.005 -18"><span class='ocrx_word' id='word_1_4' title='bbox 313 141 378 184; x_wconf 64' lang='lat' dir='ltr'>stet}</span> <span class='ocrx_word' id='word_1_5' title='bbox 408 151 449 185; x_wconf 55' lang='lat' dir='ltr'>ia</span> <span class='ocrx_word' id='word_1_6' title='bbox 475 149 598 182; x_wconf 78' lang='lat' dir='ltr'>exilium</span> <span class='ocrx_word' id='word_1_7' title='bbox 628 147 702 190; x_wconf 78' lang='lat' dir='ltr'>mist‘t</span> <span class='ocrx_word' id='word_1_8' title='bbox 729 175 736 182; x_wconf 90' lang='lat'>.</span> <span class='ocrx_word' id='word_1_9' title='bbox 775 149 964 194; x_wconf 72' lang='lat' dir='ltr'><em>sabinensem</em></span> <span class='ocrx_word' id='word_1_10' title='bbox 995 149 1199 195; x_wconf 73' lang='lat' dir='ltr'>Episcopum,</span> 
     </span>
     <span class='ocr_line' id='line_1_4' title="bbox 319 197 1201 244; baseline 0.01 -16"><span class='ocrx_word' id='word_1_11' title='bbox 319 204 407 236; x_wconf 80' lang='lat' dir='ltr'>quem</span> <span class='ocrx_word' id='word_1_12' title='bbox 429 208 487 230; x_wconf 86' lang='lat' dir='ltr'>non</span> <span class='ocrx_word' id='word_1_13' title='bbox 508 197 652 239; x_wconf 77' lang='lat' dir='ltr'><em>ambitio,</em></span> <span class='ocrx_word' id='word_1_14' title='bbox 673 197 734 243; x_wconf 85' lang='lat' dir='ltr'>sed</span> <span class='ocrx_word' id='word_1_15' title='bbox 754 205 803 234; x_wconf 83' lang='lat' dir='ltr'>vis</span> <span class='ocrx_word' id='word_1_16' title='bbox 823 202 866 234; x_wconf 87' lang='lat' dir='ltr'>ad</span> <span class='ocrx_word' id='word_1_17' title='bbox 880 204 1032 243; x_wconf 85' lang='lat' dir='ltr'>Papatum</span> <span class='ocrx_word' id='word_1_18' title='bbox 1041 211 1175 244; x_wconf 74' lang='lat' dir='ltr'>coegerat</span> <span class='ocrx_word' id='word_1_19' title='bbox 1189 223 1201 242; x_wconf 64' lang='lat'><em>7</em></span> 
     </span>
     <span class='ocr_line' id='line_1_5' title="bbox 319 246 1201 300; baseline 0 -15"><span class='ocrx_word' id='word_1_20' title='bbox 319 246 363 277; x_wconf 66' lang='lat' dir='ltr'>“d</span> <span class='ocrx_word' id='word_1_21' title='bbox 383 247 487 280; x_wconf 75' lang='lat' dir='ltr'>Sedem</span> <span class='ocrx_word' id='word_1_22' title='bbox 504 253 659 291; x_wconf 76' lang='lat' dir='ltr'>propriam</span> <span class='ocrx_word' id='word_1_23' title='bbox 684 251 783 286; x_wconf 77' lang='lat' dir='ltr'>redire</span> <span class='ocrx_word' id='word_1_24' title='bbox 800 253 954 292; x_wconf 74' lang='lat' dir='ltr'>compulit.</span> <span class='ocrx_word' id='word_1_25' title='bbox 983 251 1088 300; x_wconf 86' lang='lat' dir='ltr'>Qod</span> <span class='ocrx_word' id='word_1_26' title='bbox 1112 249 1201 285; x_wconf 83' lang='lat' dir='ltr'>hunc</span> 
     </span>
     <span class='ocr_line' id='line_1_6' title="bbox 319 296 1201 350; baseline -0.001 -18"><span class='ocrx_word' id='word_1_27' title='bbox 319 304 390 350; x_wconf 70' lang='lat' dir='ltr'>nf&gt;n</span> <span class='ocrx_word' id='word_1_28' title='bbox 415 296 554 333; x_wconf 84' lang='lat' dir='ltr'>ambitio</span> <span class='ocrx_word' id='word_1_29' title='bbox 582 323 594 340; x_wconf 91' lang='lat'>‚</span> <span class='ocrx_word' id='word_1_30' title='bbox 622 299 675 337; x_wconf 86' lang='lat' dir='ltr'>sed</span> <span class='ocrx_word' id='word_1_31' title='bbox 703 302 752 334; x_wconf 88' lang='lat' dir='ltr'>vis</span> <span class='ocrx_word' id='word_1_32' title='bbox 778 302 819 334; x_wconf 89' lang='lat' dir='ltr'>ad</span> <span class='ocrx_word' id='word_1_33' title='bbox 847 300 1006 344; x_wconf 85' lang='lat' dir='ltr'>Papatum</span> <span class='ocrx_word' id='word_1_34' title='bbox 1032 299 1201 344; x_wconf 82' lang='lat' dir='ltr'>coegerit,</span> 
     </span>
     <span class='ocr_line' id='line_1_7' title="bbox 319 346 1203 392; baseline 0.001 -12"><span class='ocrx_word' id='word_1_35' title='bbox 319 346 450 381; x_wconf 78' lang='lat' dir='ltr'>videtur</span> <span class='ocrx_word' id='word_1_36' title='bbox 476 351 602 392; x_wconf 69' lang='lat' dir='ltr'>parum!</span> <span class='ocrx_word' id='word_1_37' title='bbox 613 349 783 385; x_wconf 88' lang='lat' dir='ltr'>credibile.</span> <span class='ocrx_word' id='word_1_38' title='bbox 802 350 946 384; x_wconf 86' lang='lat' dir='ltr'>Videtur</span> <span class='ocrx_word' id='word_1_39' title='bbox 970 351 1049 384; x_wconf 86' lang='lat' dir='ltr'>item</span> <span class='ocrx_word' id='word_1_40' title='bbox 1062 348 1203 383; x_wconf 89' lang='lat' dir='ltr'>Benedi-</span> 
     </span>
     <span class='ocr_line' id='line_1_8' title="bbox 320 396 1199 444; baseline 0.001 -14"><span class='ocrx_word' id='word_1_41' title='bbox 320 396 391 433; x_wconf 68' lang='grc' dir='ltr'>,ἕως</span> <span class='ocrx_word' id='word_1_42' title='bbox 404 396 512 442; x_wconf 68' lang='lat' dir='ltr'>postea</span> <span class='ocrx_word' id='word_1_43' title='bbox 524 399 617 435; x_wconf 73' lang='lat' dir='ltr'>fuisse</span> <span class='ocrx_word' id='word_1_44' title='bbox 627 399 881 444; x_wconf 85' lang='lat' dir='ltr'>comprehensus</span> <span class='ocrx_word' id='word_1_45' title='bbox 893 425 900 432; x_wconf 93' lang='lat'><strong>.</strong></span> <span class='ocrx_word' id='word_1_46' title='bbox 928 399 1064 434; x_wconf 77' lang='lat' dir='ltr'>Etenim</span> <span class='ocrx_word' id='word_1_47' title='bbox 1075 397 1199 432; x_wconf 87' lang='lat' dir='ltr'>histori-</span> 
     </span>
    </p>
   </div>
   <div class='ocr_carea' id='block_1_4' title="bbox 320 448 1230 495">
    <p class='ocr_par' dir='ltr' id='par_1_4' title="bbox 320 448 1230 495">
     <span class='ocr_line' id='line_1_9' title="bbox 320 448 1230 495; baseline -0.005 -9"><span class='ocrx_word' id='word_1_48' title='bbox 320 458 358 486; x_wconf 64' lang='lat' dir='ltr'>ca</span> <span class='ocrx_word' id='word_1_49' title='bbox 372 449 537 495; x_wconf 82' lang='lat' dir='ltr'>incogniti</span> <span class='ocrx_word' id='word_1_50' title='bbox 559 451 719 487; x_wconf 88' lang='lat' dir='ltr'>Authoris</span> <span class='ocrx_word' id='word_1_51' title='bbox 740 449 931 492; x_wconf 86' lang='lat' dir='ltr'>compilatio</span> <span class='ocrx_word' id='word_1_52' title='bbox 944 448 1053 488; x_wconf 85' lang='lat' dir='ltr'>scribit</span> <span class='ocrx_word' id='word_1_53' title='bbox 1066 462 1077 481; x_wconf 89' lang='lat'>.-</span> <span class='ocrx_word' id='word_1_54' title='bbox 1107 450 1202 481; x_wconf 83' lang='lat' dir='ltr'>Bene-</span> <span class='ocrx_word' id='word_1_55' title='bbox 1227 463 1230 470; x_wconf 55' lang='lat'>¹</span> 
     </span>
    </p>
   </div>
   <div class='ocr_carea' id='block_1_5' title="bbox 317 498 1203 599">
    <p class='ocr_par' dir='ltr' id='par_1_5' title="bbox 317 498 1203 599">
     <span class='ocr_line' id='line_1_10' title="bbox 321 498 1203 545; baseline -0.005 -10"><span class='ocrx_word' id='word_1_56' title='bbox 321 503 417 535; x_wconf 63' lang='lat' dir='ltr'>diuus</span> <span class='ocrx_word' id='word_1_57' title='bbox 424 500 508 545; x_wconf 78' lang='lat' dir='ltr'>sedit</span> <span class='ocrx_word' id='word_1_58' title='bbox 530 501 885 544; x_wconf 68' lang='lat' dir='ltr'>annis&#39;quatuordecim‚</span> <span class='ocrx_word' id='word_1_59' title='bbox 912 498 1069 539; x_wconf 75' lang='lat' dir='ltr'>defunc‘lus</span> <span class='ocrx_word' id='word_1_60' title='bbox 1079 498 1141 538; x_wconf 85' lang='lat' dir='ltr'>est,</span> <span class='ocrx_word' id='word_1_61' title='bbox 1168 499 1203 531; x_wconf 56' lang='grc' dir='ltr'>Θ</span> 
     </span>
     <span class='ocr_line' id='line_1_11' title="bbox 317 547 1202 599; baseline -0.008 -12"><span class='ocrx_word' id='word_1_62' title='bbox 317 554 450 599; x_wconf 77' lang='lat' dir='ltr'>sepultus</span> <span class='ocrx_word' id='word_1_63' title='bbox 473 561 506 589; x_wconf 80' lang='lat' dir='ltr'>in</span> <span class='ocrx_word' id='word_1_64' title='bbox 529 551 699 594; x_wconf 84' lang='lat' dir='ltr'>Hamborgb</span> <span class='ocrx_word' id='word_1_65' title='bbox 720 548 882 590; x_wconf 83' lang='lat' dir='ltr'>Bremenfis</span> <span class='ocrx_word' id='word_1_66' title='bbox 897 547 1046 589; x_wconf 80' lang='lat' dir='ltr'>Dioecefis.</span> <span class='ocrx_word' id='word_1_67' title='bbox 1077 549 1126 582; x_wconf 84' lang='lat' dir='ltr'>At</span> <span class='ocrx_word' id='word_1_68' title='bbox 1138 558 1202 581; x_wconf 89' lang='lat' dir='ltr'>cer-</span> 
     </span>
    </p>
   </div>
   <div class='ocr_carea' id='block_1_6' title="bbox 320 598 1244 641">
    <p class='ocr_par' dir='ltr' id='par_1_6' title="bbox 320 598 1244 641">
     <span class='ocr_line' id='line_1_12' title="bbox 320 598 1244 641; baseline -0.012 0"><span class='ocrx_word' id='word_1_69' title='bbox 320 617 394 641; x_wconf 85' lang='lat' dir='ltr'>tum</span> <span class='ocrx_word' id='word_1_70' title='bbox 418 605 464 640; x_wconf 88' lang='lat' dir='ltr'>est</span> <span class='ocrx_word' id='word_1_71' title='bbox 484 615 585 638; x_wconf 87' lang='lat' dir='ltr'>errare</span> <span class='ocrx_word' id='word_1_72' title='bbox 598 627 605 634; x_wconf 95' lang='lat'><strong><em>.</em></strong></span> <span class='ocrx_word' id='word_1_73' title='bbox 633 600 769 635; x_wconf 87' lang='lat' dir='ltr'>Etenim</span> <span class='ocrx_word' id='word_1_74' title='bbox 795 598 979 632; x_wconf 83' lang='lat' dir='ltr'>Cardinalis</span> <span class='ocrx_word' id='word_1_75' title='bbox 992 598 1109 632; x_wconf 86' lang='lat' dir='ltr'>Benno</span> <span class='ocrx_word' id='word_1_76' title='bbox 1122 599 1202 631; x_wconf 88' lang='lat' dir='ltr'>affir·</span> <span class='ocrx_word' id='word_1_77' title='bbox 1242 603 1244 606; x_wconf 76' lang='grc'>’</span> 
     </span>
    </p>
   </div>
   <div class='ocr_carea' id='block_1_7' title="bbox 320 647 1221 1203">
    <p class='ocr_par' dir='ltr' id='par_1_7' title="bbox 321 647 1221 1052">
     <span class='ocr_line' id='line_1_13' title="bbox 322 647 1203 695; baseline -0.01 -4"><span class='ocrx_word' id='word_1_78' title='bbox 322 667 391 695; x_wconf 84' lang='lat' dir='ltr'>mat</span> <span class='ocrx_word' id='word_1_79' title='bbox 407 654 621 690; x_wconf 62' lang='lat' dir='ltr'>Bene-ditium</span> <span class='ocrx_word' id='word_1_80' title='bbox 634 650 704 695; x_wconf 89' lang='lat' dir='ltr'>post</span> <span class='ocrx_word' id='word_1_81' title='bbox 715 649 839 686; x_wconf 87' lang='lat' dir='ltr'>multos</span> <span class='ocrx_word' id='word_1_82' title='bbox 848 647 1084 692; x_wconf 81' lang='lat' dir='ltr'>inquietudinis</span> <span class='ocrx_word' id='word_1_83' title='bbox 1094 658 1203 682; x_wconf 88' lang='lat' dir='ltr'>motus</span> 
     </span>
     <span class='ocr_line' id='line_1_14' title="bbox 322 697 1203 751; baseline -0.014 -9"><span class='ocrx_word' id='word_1_84' title='bbox 322 708 422 751; x_wconf 83' lang='lat' dir='ltr'>egisse</span> <span class='ocrx_word' id='word_1_85' title='bbox 444 715 501 740; x_wconf 86' lang='lat' dir='ltr'>aut</span> <span class='ocrx_word' id='word_1_86' title='bbox 524 701 681 737; x_wconf 82' lang='lat' dir='ltr'>fimulaffe</span> <span class='ocrx_word' id='word_1_87' title='bbox 700 699 950 744; x_wconf 86' lang='lat' dir='ltr'>poenitentiarn,</span> <span class='ocrx_word' id='word_1_88' title='bbox 979 697 1203 735; x_wconf 84' lang='lat' dir='ltr'>Hildebrandi</span> 
     </span>
     <span class='ocr_line' id='line_1_15' title="bbox 322 748 1205 800; baseline -0.011 -9"><span class='ocrx_word' id='word_1_89' title='bbox 322 767 421 800; x_wconf 81' lang='lat' dir='ltr'>opera</span> <span class='ocrx_word' id='word_1_90' title='bbox 445 753 664 790; x_wconf 81' lang='lat' dir='ltr'>admissumin</span> <span class='ocrx_word' id='word_1_91' title='bbox 690 751 830 796; x_wconf 84' lang='lat' dir='ltr'>gratiam</span> <span class='ocrx_word' id='word_1_92' title='bbox 844 749 950 784; x_wconf 67' lang='lat' dir='ltr'>Saneti</span> <span class='ocrx_word' id='word_1_93' title='bbox 964 748 1089 785; x_wconf 78' lang='lat' dir='ltr'>Leonis</span> <span class='ocrx_word' id='word_1_94' title='bbox 1099 748 1205 790; x_wconf 89' lang='lat' dir='ltr'>noni,</span> 
     </span>
     <span class='ocr_line' id='line_1_16' title="bbox 323 798 1205 842; baseline -0.011 -1"><span class='ocrx_word' id='word_1_95' title='bbox 323 807 419 842; x_wconf 78' lang='lat' dir='ltr'>fuiffe</span> <span class='ocrx_word' id='word_1_96' title='bbox 440 803 613 840; x_wconf 77' lang='lat' dir='ltr'>authorem</span> <span class='ocrx_word' id='word_1_97' title='bbox 635 801 767 836; x_wconf 82' lang='lat' dir='ltr'>infausti</span> <span class='ocrx_word' id='word_1_98' title='bbox 791 798 958 837; x_wconf 73' lang='lat' dir='ltr'>adversum</span> <span class='ocrx_word' id='word_1_99' title='bbox 974 798 1205 833; x_wconf 87' lang='lat' dir='ltr'>Nortmannos</span> 
     </span>
     <span class='ocr_line' id='line_1_17' title="bbox 322 848 1205 899; baseline -0.014 -7"><span class='ocrx_word' id='word_1_100' title='bbox 322 856 400 892; x_wconf 86' lang='lat' dir='ltr'>belli</span> <span class='ocrx_word' id='word_1_101' title='bbox 414 879 425 895; x_wconf 88' lang='lat'>‚</span> <span class='ocrx_word' id='word_1_102' title='bbox 437 858 470 891; x_wconf 87' lang='lat' dir='ltr'>in</span> <span class='ocrx_word' id='word_1_103' title='bbox 483 867 550 899; x_wconf 85' lang='lat' dir='ltr'>quo</span> <span class='ocrx_word' id='word_1_104' title='bbox 564 854 630 897; x_wconf 87' lang='lat' dir='ltr'>ipse</span> <span class='ocrx_word' id='word_1_105' title='bbox 639 853 708 886; x_wconf 88' lang='lat' dir='ltr'>Leo</span> <span class='ocrx_word' id='word_1_106' title='bbox 719 860 879 886; x_wconf 84' lang='lat' dir='ltr'>armatum</span> <span class='ocrx_word' id='word_1_107' title='bbox 892 848 932 882; x_wconf 80' lang='lat' dir='ltr'>du</span> <span class='ocrx_word' id='word_1_108' title='bbox 939 849 989 882; x_wconf 81' lang='lat' dir='ltr'>xit</span> <span class='ocrx_word' id='word_1_109' title='bbox 1001 849 1183 886; x_wconf 77' lang='lat' dir='ltr'>exercitum</span> <span class='ocrx_word' id='word_1_110' title='bbox 1195 873 1205 890; x_wconf 91' lang='lat'><strong>,</strong></span> 
     </span>
     <span class='ocr_line' id='line_1_18' title="bbox 322 898 1221 946; baseline -0.012 -3"><span class='ocrx_word' id='word_1_111' title='bbox 322 921 362 944; x_wconf 85' lang='lat' dir='ltr'>ac</span> <span class='ocrx_word' id='word_1_112' title='bbox 389 903 604 941; x_wconf 71' lang='lat' dir='ltr'>infeliciffime</span> <span class='ocrx_word' id='word_1_113' title='bbox 629 901 786 946; x_wconf 85' lang='lat' dir='ltr'>pugnavit</span> <span class='ocrx_word' id='word_1_114' title='bbox 814 925 821 932; x_wconf 93' lang='lat'>.</span> <span class='ocrx_word' id='word_1_115' title='bbox 849 899 1018 934; x_wconf 86' lang='lat' dir='ltr'>Videntur</span> <span class='ocrx_word' id='word_1_116' title='bbox 1039 898 1107 933; x_wconf 84' lang='lat' dir='ltr'>haec</span> <span class='ocrx_word' id='word_1_117' title='bbox 1133 910 1221 946; x_wconf 52' lang='lat' dir='ltr'>non!</span> 
     </span>
     <span class='ocr_line' id='line_1_19' title="bbox 322 957 569 1002; baseline -0.024 -10"><span class='ocrx_word' id='word_1_118' title='bbox 322 959 454 1002; x_wconf 80' lang='lat' dir='ltr'>penitus</span> <span class='ocrx_word' id='word_1_119' title='bbox 476 957 546 990; x_wconf 65' lang='lat' dir='ltr'>fieta</span> <span class='ocrx_word' id='word_1_120' title='bbox 562 978 569 986; x_wconf 88' lang='lat'><strong>.</strong></span> 
     </span>
     <span class='ocr_line' id='line_1_20' title="bbox 321 1001 1051 1052; baseline -0.012 -10"><span class='ocrx_word' id='word_1_121' title='bbox 321 1008 558 1052; x_wconf 73' lang='lat' dir='ltr'>quintisorrem</span> <span class='ocrx_word' id='word_1_122' title='bbox 572 1001 725 1038; x_wconf 76' lang='lat' dir='ltr'>adscribit</span> <span class='ocrx_word' id='word_1_123' title='bbox 741 1001 920 1037; x_wconf 62' lang='lat' dir='ltr'>Benediflo</span> <span class='ocrx_word' id='word_1_124' title='bbox 939 1012 1051 1034; x_wconf 87' lang='lat' dir='ltr'>nono.</span> 
     </span>
    </p>

    <p class='ocr_par' dir='ltr' id='par_1_8' title="bbox 320 1049 1204 1203">
     <span class='ocr_line' id='line_1_21' title="bbox 372 1049 1204 1101; baseline -0.008 -11"><span class='ocrx_word' id='word_1_125' title='bbox 372 1057 503 1101; x_wconf 84' lang='lat' dir='ltr'>Qinta</span> <span class='ocrx_word' id='word_1_126' title='bbox 524 1053 656 1097; x_wconf 76' lang='lat' dir='ltr'>quaessio</span> <span class='ocrx_word' id='word_1_127' title='bbox 674 1051 719 1086; x_wconf 85' lang='lat' dir='ltr'>est</span> <span class='ocrx_word' id='word_1_128' title='bbox 733 1075 743 1092; x_wconf 88' lang='lat'>,</span> <span class='ocrx_word' id='word_1_129' title='bbox 770 1050 827 1088; x_wconf 84' lang='lat' dir='ltr'>Ad</span> <span class='ocrx_word' id='word_1_130' title='bbox 850 1061 949 1095; x_wconf 86' lang='lat' dir='ltr'>quam</span> <span class='ocrx_word' id='word_1_131' title='bbox 973 1049 1141 1088; x_wconf 82' lang='lat' dir='ltr'>civitatem</span> <span class='ocrx_word' id='word_1_132' title='bbox 1154 1050 1204 1083; x_wconf 79' lang='lat' dir='ltr'>de·</span> 
     </span>
     <span class='ocr_line' id='line_1_22' title="bbox 321 1100 1204 1152; baseline -0.01 -10"><span class='ocrx_word' id='word_1_133' title='bbox 321 1118 468 1152; x_wconf 85' lang='lat' dir='ltr'>portatus</span> <span class='ocrx_word' id='word_1_134' title='bbox 495 1130 506 1146; x_wconf 89' lang='lat'>‚</span> <span class='ocrx_word' id='word_1_135' title='bbox 531 1106 565 1139; x_wconf 82' lang='lat'>&amp;</span> <span class='ocrx_word' id='word_1_136' title='bbox 590 1101 726 1140; x_wconf 82' lang='lat' dir='ltr'>ubinam</span> <span class='ocrx_word' id='word_1_137' title='bbox 760 1101 930 1136; x_wconf 68' lang='lat' dir='ltr'>defunctus</span> <span class='ocrx_word' id='word_1_138' title='bbox 965 1100 1060 1134; x_wconf 87' lang='lat' dir='ltr'>suerit</span> <span class='ocrx_word' id='word_1_139' title='bbox 1096 1101 1204 1134; x_wconf 82' lang='lat' dir='ltr'>sextus</span> 
     </span>
     <span class='ocr_line' id='line_1_23' title="bbox 320 1150 1203 1203; baseline -0.01 -11"><span class='ocrx_word' id='word_1_140' title='bbox 320 1158 503 1203; x_wconf 79' lang='lat' dir='ltr'>Gregorius</span> <span class='ocrx_word' id='word_1_141' title='bbox 523 1155 540 1187; x_wconf 71' lang='grc' dir='ltr'><em>ἒ</em></span> <span class='ocrx_word' id='word_1_142' title='bbox 568 1151 768 1198; x_wconf 84' lang='lat' dir='ltr'>Respondeo</span> <span class='ocrx_word' id='word_1_143' title='bbox 800 1151 975 1186; x_wconf 66' lang='lat' dir='ltr'>abductum</span> <span class='ocrx_word' id='word_1_144' title='bbox 1006 1151 1041 1184; x_wconf 87' lang='lat' dir='ltr'>iu</span> <span class='ocrx_word' id='word_1_145' title='bbox 1069 1150 1203 1184; x_wconf 73' lang='lat' dir='ltr'>Germa-</span> 
     </span>
    </p>
   </div>
   <div class='ocr_carea' id='block_1_8' title="bbox 314 1302 1230 3418">
    <p class='ocr_par' dir='ltr' id='par_1_9' title="bbox 314 1302 1232 3418">
     <span class='ocr_line' id='line_1_24' title="bbox 320 1302 1204 1343; baseline -0.012 0"><span class='ocrx_word' id='word_1_146' title='bbox 320 1319 400 1343; x_wconf 85' lang='lat' dir='ltr'>tunc</span> <span class='ocrx_word' id='word_1_147' title='bbox 418 1308 512 1342; x_wconf 74' lang='lat' dir='ltr'>fuisse</span> <span class='ocrx_word' id='word_1_148' title='bbox 539 1307 574 1340; x_wconf 89' lang='lat' dir='ltr'>in</span> <span class='ocrx_word' id='word_1_149' title='bbox 595 1305 690 1340; x_wconf 83' lang='lat' dir='ltr'>ltalia</span> <span class='ocrx_word' id='word_1_150' title='bbox 700 1302 807 1338; x_wconf 82' lang='lat' dir='ltr'>adhuc</span> <span class='ocrx_word' id='word_1_151' title='bbox 820 1303 1078 1342; x_wconf 68' lang='lat' dir='ltr'>tumultuatum,</span> <span class='ocrx_word' id='word_1_152' title='bbox 1105 1303 1204 1342; x_wconf 57' lang='lat' dir='ltr'>(yper</span> 
     </span>
     <span class='ocr_line' id='line_1_25' title="bbox 318 1352 1206 1400; baseline -0.014 -6"><span class='ocrx_word' id='word_1_153' title='bbox 318 1362 438 1394; x_wconf 81' lang='lat' dir='ltr'>litteras</span> <span class='ocrx_word' id='word_1_154' title='bbox 462 1356 602 1400; x_wconf 82' lang='lat' dir='ltr'>discipuli</span> <span class='ocrx_word' id='word_1_155' title='bbox 621 1354 670 1399; x_wconf 81' lang='lat' dir='ltr'>sui</span> <span class='ocrx_word' id='word_1_156' title='bbox 698 1353 962 1392; x_wconf 79' lang='lat' dir='ltr'>Hildebrana&#39;iea,</span> <span class='ocrx_word' id='word_1_157' title='bbox 989 1361 1054 1393; x_wconf 82' lang='lat' dir='ltr'>quae</span> <span class='ocrx_word' id='word_1_158' title='bbox 1067 1357 1099 1382; x_wconf 84' lang='lat' dir='ltr'>in</span> <span class='ocrx_word' id='word_1_159' title='bbox 1112 1352 1206 1383; x_wconf 79' lang='lat' dir='ltr'>Pala·</span> 
     </span>
     <span class='ocr_line' id='line_1_26' title="bbox 320 1399 1204 1452; baseline -0.015 -9"><span class='ocrx_word' id='word_1_160' title='bbox 320 1415 362 1443; x_wconf 81' lang='lat' dir='ltr'>tio</span> <span class='ocrx_word' id='word_1_161' title='bbox 380 1413 575 1452; x_wconf 84' lang='lat' dir='ltr'>Imperatoris</span> <span class='ocrx_word' id='word_1_162' title='bbox 597 1404 801 1450; x_wconf 79' lang='lat' dir='ltr'>gerebantur,</span> <span class='ocrx_word' id='word_1_163' title='bbox 829 1401 968 1444; x_wconf 70' lang='lat' dir='ltr'>resciisse.</span> <span class='ocrx_word' id='word_1_164' title='bbox 996 1401 1098 1449; x_wconf 83' lang='lat' dir='ltr'>Qod</span> <span class='ocrx_word' id='word_1_165' title='bbox 1120 1399 1141 1431; x_wconf 82' lang='lat' dir='ltr'>fi</span> <span class='ocrx_word' id='word_1_166' title='bbox 1155 1411 1204 1434; x_wconf 84' lang='lat' dir='ltr'>ve-</span> 
     </span>
     <span class='ocr_line' id='line_1_27' title="bbox 319 1451 1204 1499; baseline -0.012 -5"><span class='ocrx_word' id='word_1_167' title='bbox 319 1471 393 1494; x_wconf 78' lang='lat' dir='ltr'>rum</span> <span class='ocrx_word' id='word_1_168' title='bbox 415 1460 476 1499; x_wconf 85' lang='lat' dir='ltr'>fit,</span> <span class='ocrx_word' id='word_1_169' title='bbox 503 1457 631 1491; x_wconf 87' lang='lat' dir='ltr'>videtur</span> <span class='ocrx_word' id='word_1_170' title='bbox 652 1453 831 1497; x_wconf 80' lang='lat' dir='ltr'>Gregorius</span> <span class='ocrx_word' id='word_1_171' title='bbox 856 1462 922 1485; x_wconf 84' lang='lat' dir='ltr'>non</span> <span class='ocrx_word' id='word_1_172' title='bbox 946 1461 1037 1485; x_wconf 83' lang='lat' dir='ltr'>certo</span> <span class='ocrx_word' id='word_1_173' title='bbox 1059 1451 1134 1484; x_wconf 81' lang='lat' dir='ltr'>loco</span> <span class='ocrx_word' id='word_1_174' title='bbox 1146 1451 1204 1483; x_wconf 76' lang='lat' dir='ltr'>Cli·-</span> 
     </span>
     <span class='ocr_line' id='line_1_28' title="bbox 319 1502 1202 1551; baseline -0.012 -7"><span class='ocrx_word' id='word_1_175' title='bbox 319 1509 577 1551; x_wconf 85' lang='lat' dir='ltr'>cumscriptum‚</span> <span class='ocrx_word' id='word_1_176' title='bbox 606 1504 659 1539; x_wconf 83' lang='lat' dir='ltr'>sed</span> <span class='ocrx_word' id='word_1_177' title='bbox 680 1514 756 1537; x_wconf 89' lang='lat' dir='ltr'>cum</span> <span class='ocrx_word' id='word_1_178' title='bbox 777 1502 936 1544; x_wconf 83' lang='lat' dir='ltr'>Principis</span> <span class='ocrx_word' id='word_1_179' title='bbox 955 1503 1115 1535; x_wconf 81' lang='lat' dir='ltr'>comitatu</span> <span class='ocrx_word' id='word_1_180' title='bbox 1139 1512 1202 1533; x_wconf 88' lang='lat' dir='ltr'>am-</span> 
     </span>
     <span class='ocr_line' id='line_1_29' title="bbox 319 1550 1201 1595; baseline -0.012 0"><span class='ocrx_word' id='word_1_181' title='bbox 319 1558 519 1595; x_wconf 82' lang='lat' dir='ltr'>bulatorium</span> <span class='ocrx_word' id='word_1_182' title='bbox 533 1555 679 1590; x_wconf 76' lang='lat' dir='ltr'>habuisse</span> <span class='ocrx_word' id='word_1_183' title='bbox 691 1554 832 1588; x_wconf 85' lang='lat' dir='ltr'>exilium</span> <span class='ocrx_word' id='word_1_184' title='bbox 844 1577 851 1584; x_wconf 93' lang='lat'>.</span> <span class='ocrx_word' id='word_1_185' title='bbox 879 1550 1005 1587; x_wconf 75' lang='lat' dir='ltr'>Verum</span> <span class='ocrx_word' id='word_1_186' title='bbox 1019 1551 1136 1588; x_wconf 82' lang='lat' dir='ltr'>Benno</span> <span class='ocrx_word' id='word_1_187' title='bbox 1154 1562 1201 1584; x_wconf 88' lang='lat' dir='ltr'>te-</span> 
     </span>
     <span class='ocr_line' id='line_1_30' title="bbox 314 1599 1202 1650; baseline -0.011 -6"><span class='ocrx_word' id='word_1_188' title='bbox 314 1614 384 1644; x_wconf 51' lang='lat' dir='ltr'>*ties</span> <span class='ocrx_word' id='word_1_189' title='bbox 408 1609 565 1643; x_wconf 78' lang='lat' dir='ltr'>mentitur</span> <span class='ocrx_word' id='word_1_190' title='bbox 587 1603 781 1650; x_wconf 75' lang='lat' dir='ltr'>splendide,</span> <span class='ocrx_word' id='word_1_191' title='bbox 808 1614 845 1640; x_wconf 83' lang='lat' dir='ltr'>ut</span> <span class='ocrx_word' id='word_1_192' title='bbox 866 1602 965 1636; x_wconf 86' lang='lat' dir='ltr'>etiam</span> <span class='ocrx_word' id='word_1_193' title='bbox 987 1613 1059 1638; x_wconf 84' lang='lat' dir='ltr'>vera</span> <span class='ocrx_word' id='word_1_194' title='bbox 1080 1599 1202 1645; x_wconf 84' lang='lat' dir='ltr'>dicenti</span> 
     </span>
     <span class='ocr_line' id='line_1_31' title="bbox 320 1650 1204 1704; baseline -0.015 -8"><span class='ocrx_word' id='word_1_195' title='bbox 320 1660 498 1704; x_wconf 78' lang='lat' dir='ltr'>nonpoffit</span> <span class='ocrx_word' id='word_1_196' title='bbox 509 1654 598 1693; x_wconf 88' lang='lat' dir='ltr'>credi</span> <span class='ocrx_word' id='word_1_197' title='bbox 612 1681 620 1689; x_wconf 94' lang='lat'><strong>.</strong></span> <span class='ocrx_word' id='word_1_198' title='bbox 649 1654 823 1701; x_wconf 78' lang='lat' dir='ltr'>Qidquid</span> <span class='ocrx_word' id='word_1_199' title='bbox 844 1653 905 1692; x_wconf 84' lang='lat' dir='ltr'>fit,</span> <span class='ocrx_word' id='word_1_200' title='bbox 930 1663 1054 1688; x_wconf 85' lang='lat' dir='ltr'>certum</span> <span class='ocrx_word' id='word_1_201' title='bbox 1066 1650 1111 1686; x_wconf 88' lang='lat' dir='ltr'>est</span> <span class='ocrx_word' id='word_1_202' title='bbox 1125 1651 1204 1688; x_wconf 81' lang='lat' dir='ltr'>Gre-</span> 
     </span>
     <span class='ocr_line' id='line_1_32' title="bbox 314 1701 1201 1759; baseline -0.014 -14"><span class='ocrx_word' id='word_1_203' title='bbox 314 1711 452 1759; x_wconf 84' lang='lat' dir='ltr'>gorium</span> <span class='ocrx_word' id='word_1_204' title='bbox 463 1710 497 1742; x_wconf 88' lang='lat' dir='ltr'>in</span> <span class='ocrx_word' id='word_1_205' title='bbox 513 1705 690 1742; x_wconf 76' lang='lat' dir='ltr'>Germania</span> <span class='ocrx_word' id='word_1_206' title='bbox 702 1705 764 1739; x_wconf 75' lang='lat' dir='ltr'>effe</span> <span class='ocrx_word' id='word_1_207' title='bbox 777 1704 966 1738; x_wconf 62' lang='lat' dir='ltr'>defunctum</span> <span class='ocrx_word' id='word_1_208' title='bbox 979 1726 986 1734; x_wconf 85' lang='lat'><em>.</em></span> <span class='ocrx_word' id='word_1_209' title='bbox 1012 1702 1054 1735; x_wconf 87' lang='lat' dir='ltr'>Et</span> <span class='ocrx_word' id='word_1_210' title='bbox 1069 1701 1201 1746; x_wconf 88' lang='lat' dir='ltr'>quidem</span> 
     </span>
     <span class='ocr_line' id='line_1_33' title="bbox 314 1752 1203 1799; baseline -0.015 -3"><span class='ocrx_word' id='word_1_211' title='bbox 314 1761 382 1796; x_wconf 51' lang='lat' dir='ltr'>&#39;sub</span> <span class='ocrx_word' id='word_1_212' title='bbox 404 1759 607 1794; x_wconf 78' lang='lat' dir='ltr'>pontificatu</span> <span class='ocrx_word' id='word_1_213' title='bbox 637 1754 768 1789; x_wconf 82' lang='lat' dir='ltr'>secundi</span> <span class='ocrx_word' id='word_1_214' title='bbox 794 1752 944 1793; x_wconf 79' lang='lat' dir='ltr'>Damasi.</span> <span class='ocrx_word' id='word_1_215' title='bbox 974 1752 1079 1799; x_wconf 71' lang='lat' dir='ltr'>Qud</span> <span class='ocrx_word' id='word_1_216' title='bbox 1091 1753 1203 1785; x_wconf 82' lang='lat' dir='ltr'>secun-</span> 
     </span>
     <span class='ocr_line' id='line_1_34' title="bbox 322 1801 1201 1850; baseline -0.013 -4"><span class='ocrx_word' id='word_1_217' title='bbox 322 1813 368 1847; x_wconf 83' lang='lat' dir='ltr'>do</span> <span class='ocrx_word' id='word_1_218' title='bbox 389 1808 557 1844; x_wconf 85' lang='lat' dir='ltr'>Clementi</span> <span class='ocrx_word' id='word_1_219' title='bbox 577 1804 789 1850; x_wconf 82' lang='lat' dir='ltr'>supervixerit</span> <span class='ocrx_word' id='word_1_220' title='bbox 811 1829 822 1845; x_wconf 89' lang='lat'><strong>,</strong></span> <span class='ocrx_word' id='word_1_221' title='bbox 849 1802 1051 1844; x_wconf 73' lang='lat' dir='ltr'>demonstrat</span> <span class='ocrx_word' id='word_1_222' title='bbox 1072 1801 1201 1835; x_wconf 79' lang='lat' dir='ltr'>laudata</span> 
     </span>
     <span class='ocr_line' id='line_1_35' title="bbox 320 1850 1201 1906; baseline -0.014 -10"><span class='ocrx_word' id='word_1_223' title='bbox 320 1861 460 1906; x_wconf 78' lang='lat' dir='ltr'>epistola</span> <span class='ocrx_word' id='word_1_224' title='bbox 472 1858 631 1895; x_wconf 80' lang='lat' dir='ltr'>Wazonis</span> <span class='ocrx_word' id='word_1_225' title='bbox 655 1855 809 1898; x_wconf 76' lang='lat' dir='ltr'>Episcopi</span> <span class='ocrx_word' id='word_1_226' title='bbox 822 1853 1028 1891; x_wconf 75' lang='lat' dir='ltr'>Leodiensis.</span> <span class='ocrx_word' id='word_1_227' title='bbox 1061 1850 1141 1887; x_wconf 85' lang='lat' dir='ltr'>Non</span> <span class='ocrx_word' id='word_1_228' title='bbox 1154 1852 1201 1884; x_wconf 90' lang='lat' dir='ltr'>su-</span> 
     </span>
     <span class='ocr_line' id='line_1_36' title="bbox 321 1899 1201 1957; baseline -0.015 -10"><span class='ocrx_word' id='word_1_229' title='bbox 321 1911 494 1957; x_wconf 74' lang='lat' dir='ltr'>pervixisse</span> <span class='ocrx_word' id='word_1_230' title='bbox 516 1907 660 1944; x_wconf 81' lang='lat' dir='ltr'>Damaso</span> <span class='ocrx_word' id='word_1_231' title='bbox 683 1904 809 1939; x_wconf 81' lang='lat' dir='ltr'>evincit</span> <span class='ocrx_word' id='word_1_232' title='bbox 833 1903 954 1937; x_wconf 77' lang='lat' dir='ltr'>Fratris</span> <span class='ocrx_word' id='word_1_233' title='bbox 983 1899 1201 1935; x_wconf 78' lang='lat' dir='ltr'>Hildebrandi</span> 
     </span>
     <span class='ocr_line' id='line_1_37' title="bbox 321 1950 1201 2000; baseline -0.018 -1"><span class='ocrx_word' id='word_1_234' title='bbox 321 1964 459 2000; x_wconf 67' lang='lat' dir='ltr'>recessus</span> <span class='ocrx_word' id='word_1_235' title='bbox 480 1959 520 1994; x_wconf 82' lang='lat' dir='ltr'>ad</span> <span class='ocrx_word' id='word_1_236' title='bbox 548 1957 765 1994; x_wconf 86' lang='lat' dir='ltr'>Cluniacense</span> <span class='ocrx_word' id='word_1_237' title='bbox 790 1953 1054 1992; x_wconf 72' lang='lat' dir='ltr'>Monaflerium‚</span> <span class='ocrx_word' id='word_1_238' title='bbox 1079 1950 1201 1994; x_wconf 82' lang='lat' dir='ltr'>&amp;ejus-</span> 
     </span>
     <span class='ocr_line' id='line_1_38' title="bbox 323 2000 1202 2053; baseline -0.014 -7"><span class='ocrx_word' id='word_1_239' title='bbox 323 2013 486 2048; x_wconf 77' lang='lat' dir='ltr'>demistic</span> <span class='ocrx_word' id='word_1_240' title='bbox 510 2007 672 2053; x_wconf 67' lang='lat' dir='ltr'>promotio</span> <span class='ocrx_word' id='word_1_241' title='bbox 695 2006 894 2039; x_wconf 82' lang='lat' dir='ltr'>adofficium</span> <span class='ocrx_word' id='word_1_242' title='bbox 908 2003 1049 2038; x_wconf 85' lang='lat' dir='ltr'>Prioris.</span> <span class='ocrx_word' id='word_1_243' title='bbox 1076 2000 1202 2035; x_wconf 83' lang='lat' dir='ltr'>Vivum</span> 
     </span>
     <span class='ocr_line' id='line_1_39' title="bbox 320 2052 1202 2108; baseline -0.017 -10"><span class='ocrx_word' id='word_1_244' title='bbox 320 2063 523 2108; x_wconf 80' lang='lat' dir='ltr'>Gregorium</span> <span class='ocrx_word' id='word_1_245' title='bbox 546 2060 640 2099; x_wconf 71' lang='lat' dir='ltr'>fuifle</span> <span class='ocrx_word' id='word_1_246' title='bbox 667 2056 710 2090; x_wconf 72' lang='lat' dir='ltr'>ab*</span> <span class='ocrx_word' id='word_1_247' title='bbox 730 2057 801 2099; x_wconf 63' lang='lat' dir='ltr'>iaso</span> <span class='ocrx_word' id='word_1_248' title='bbox 822 2053 1017 2087; x_wconf 61' lang='lat' dir='ltr'>&gt;derelistum</span> <span class='ocrx_word' id='word_1_249' title='bbox 1042 2052 1113 2094; x_wconf 88' lang='lat' dir='ltr'>quis</span> <span class='ocrx_word' id='word_1_250' title='bbox 1140 2063 1202 2085; x_wconf 84' lang='lat' dir='ltr'>cre-</span> 
     </span>
     <span class='ocr_line' id='line_1_40' title="bbox 322 2100 1203 2148; baseline -0.016 0"><span class='ocrx_word' id='word_1_251' title='bbox 322 2115 378 2148; x_wconf 80' lang='lat' dir='ltr'>dat</span> <span class='ocrx_word' id='word_1_252' title='bbox 402 2105 415 2146; x_wconf 60' lang='grc' dir='ltr'>ἒ</span> <span class='ocrx_word' id='word_1_253' title='bbox 441 2112 485 2145; x_wconf 86' lang='lat' dir='ltr'>Et</span> <span class='ocrx_word' id='word_1_254' title='bbox 505 2110 585 2144; x_wconf 85' lang='lat' dir='ltr'>hinc</span> <span class='ocrx_word' id='word_1_255' title='bbox 609 2115 786 2148; x_wconf 72' lang='lat' dir='ltr'>Utcumque</span> <span class='ocrx_word' id='word_1_256' title='bbox 814 2116 885 2137; x_wconf 87' lang='lat' dir='ltr'>vera</span> <span class='ocrx_word' id='word_1_257' title='bbox 909 2102 1008 2136; x_wconf 80' lang='lat' dir='ltr'>credo</span> <span class='ocrx_word' id='word_1_258' title='bbox 1030 2101 1098 2136; x_wconf 86' lang='lat' dir='ltr'>haec</span> <span class='ocrx_word' id='word_1_259' title='bbox 1121 2100 1203 2135; x_wconf 85' lang='lat' dir='ltr'>Ben-</span> 
     </span>
     <span class='ocr_line' id='line_1_41' title="bbox 326 2150 1205 2198; baseline -0.017 -1"><span class='ocrx_word' id='word_1_260' title='bbox 326 2164 426 2198; x_wconf 83' lang='lat' dir='ltr'>nonis</span> <span class='ocrx_word' id='word_1_261' title='bbox 463 2158 648 2194; x_wconf 82' lang='lat' dir='ltr'>Cardinalis</span> <span class='ocrx_word' id='word_1_262' title='bbox 683 2155 776 2189; x_wconf 83' lang='lat' dir='ltr'>verba</span> <span class='ocrx_word' id='word_1_263' title='bbox 803 2166 810 2185; x_wconf 87' lang='lat'>:</span> <span class='ocrx_word' id='word_1_264' title='bbox 850 2152 1076 2189; x_wconf 81' lang='lat' dir='ltr'>Hildebrandus</span> <span class='ocrx_word' id='word_1_265' title='bbox 1106 2150 1205 2184; x_wconf 77' lang='lat' dir='ltr'>relio‘lo</span> 
     </span>
     <span class='ocr_line' id='line_1_42' title="bbox 324 2202 1202 2253; baseline -0.019 -4"><span class='ocrx_word' id='word_1_266' title='bbox 324 2212 499 2253; x_wconf 56' lang='lat' dir='ltr'>ittonasterio</span> <span class='ocrx_word' id='word_1_267' title='bbox 511 2235 521 2251; x_wconf 88' lang='lat'>,</span> <span class='ocrx_word' id='word_1_268' title='bbox 546 2209 649 2242; x_wconf 70' lang='lat' dir='ltr'>Sansti</span> <span class='ocrx_word' id='word_1_269' title='bbox 676 2205 810 2250; x_wconf 45' lang='lat' dir='ltr'>joannis</span> <span class='ocrx_word' id='word_1_270' title='bbox 823 2215 897 2237; x_wconf 76' lang='lat' dir='ltr'>ante</span> <span class='ocrx_word' id='word_1_271' title='bbox 909 2214 1038 2247; x_wconf 90' lang='lat' dir='ltr'>portam</span> <span class='ocrx_word' id='word_1_272' title='bbox 1051 2202 1202 2235; x_wconf 82' lang='lat' dir='ltr'>Latinam</span> 
     </span>
     <span class='ocr_line' id='line_1_43' title="bbox 327 2252 1192 2305; baseline -0.015 -7"><span class='ocrx_word' id='word_1_273' title='bbox 327 2261 580 2305; x_wconf 63' lang='lat' dir='ltr'>archipresbytero</span> <span class='ocrx_word' id='word_1_274' title='bbox 608 2257 725 2299; x_wconf 84' lang='lat' dir='ltr'>Joanni</span> <span class='ocrx_word' id='word_1_275' title='bbox 753 2255 914 2288; x_wconf 75' lang='lat' dir='ltr'>Gratiano</span> <span class='ocrx_word' id='word_1_276' title='bbox 945 2252 1070 2294; x_wconf 75' lang='lat' dir='ltr'>adhaefit</span> <span class='ocrx_word' id='word_1_277' title='bbox 1087 2276 1095 2285; x_wconf 86' lang='lat'><strong>.</strong></span> <span class='ocrx_word' id='word_1_278' title='bbox 1124 2257 1192 2285; x_wconf 85' lang='lat' dir='ltr'>Hen</span> 
     </span>
     <span class='ocr_line' id='line_1_44' title="bbox 325 2301 1202 2355; baseline -0.011 -10"><span class='ocrx_word' id='word_1_279' title='bbox 325 2323 405 2348; x_wconf 74' lang='lat' dir='ltr'>ricus</span> <span class='ocrx_word' id='word_1_280' title='bbox 432 2311 552 2355; x_wconf 80' lang='lat' dir='ltr'>sextum</span> <span class='ocrx_word' id='word_1_281' title='bbox 585 2311 756 2350; x_wconf 74' lang='lat' dir='ltr'>Gregortum</span> <span class='ocrx_word' id='word_1_282' title='bbox 790 2317 855 2337; x_wconf 85' lang='lat' dir='ltr'>cum</span> <span class='ocrx_word' id='word_1_283' title='bbox 891 2303 1095 2339; x_wconf 78' lang='lat' dir='ltr'>Hildebrando</span> <span class='ocrx_word' id='word_1_284' title='bbox 1116 2301 1202 2345; x_wconf 81' lang='lat' dir='ltr'>disci-</span> 
     </span>
     <span class='ocr_line' id='line_1_45' title="bbox 323 2353 1202 2407; baseline -0.013 -11"><span class='ocrx_word' id='word_1_285' title='bbox 323 2365 395 2407; x_wconf 74' lang='lat' dir='ltr'>pulo</span> <span class='ocrx_word' id='word_1_286' title='bbox 412 2361 463 2405; x_wconf 77' lang='lat' dir='ltr'>sno</span> <span class='ocrx_word' id='word_1_287' title='bbox 487 2367 519 2393; x_wconf 81' lang='lat' dir='ltr'>in</span> <span class='ocrx_word' id='word_1_288' title='bbox 546 2358 738 2394; x_wconf 75' lang='lat' dir='ltr'>Theutonicar</span> <span class='ocrx_word' id='word_1_289' title='bbox 762 2363 867 2396; x_wconf 77' lang='lat' dir='ltr'>partes</span> <span class='ocrx_word' id='word_1_290' title='bbox 892 2355 1090 2394; x_wconf 77' lang='lat' dir='ltr'>deportatione</span> <span class='ocrx_word' id='word_1_291' title='bbox 1120 2353 1202 2386; x_wconf 82' lang='lat' dir='ltr'>dam-</span> 
     </span>
     <span class='ocr_line' id='line_1_46' title="bbox 328 2403 1205 2452; baseline -0.014 -5"><span class='ocrx_word' id='word_1_292' title='bbox 328 2420 419 2452; x_wconf 77' lang='lat' dir='ltr'>navit</span> <span class='ocrx_word' id='word_1_293' title='bbox 441 2438 447 2445; x_wconf 96' lang='lat'>.</span> <span class='ocrx_word' id='word_1_294' title='bbox 476 2409 622 2451; x_wconf 68' lang='lat' dir='ltr'>Defuuc‘lo</span> <span class='ocrx_word' id='word_1_295' title='bbox 646 2413 678 2440; x_wconf 85' lang='lat' dir='ltr'>in</span> <span class='ocrx_word' id='word_1_296' title='bbox 698 2407 784 2439; x_wconf 74' lang='lat' dir='ltr'>exilio</span> <span class='ocrx_word' id='word_1_297' title='bbox 800 2403 885 2447; x_wconf 81' lang='lat' dir='ltr'>sexto</span> <span class='ocrx_word' id='word_1_298' title='bbox 909 2408 1046 2447; x_wconf 84' lang='lat' dir='ltr'>Gregorio</span> <span class='ocrx_word' id='word_1_299' title='bbox 1064 2427 1075 2443; x_wconf 92' lang='lat'>,</span> <span class='ocrx_word' id='word_1_300' title='bbox 1105 2403 1205 2436; x_wconf 82' lang='lat' dir='ltr'>Hilde-</span> 
     </span>
     <span class='ocr_line' id='line_1_47' title="bbox 328 2452 1201 2503; baseline -0.017 -5"><span class='ocrx_word' id='word_1_301' title='bbox 328 2466 465 2499; x_wconf 76' lang='lat' dir='ltr'>brandus</span> <span class='ocrx_word' id='word_1_302' title='bbox 485 2459 625 2503; x_wconf 65' lang='lat' dir='ltr'>perfidia</span> <span class='ocrx_word' id='word_1_303' title='bbox 643 2456 732 2499; x_wconf 82' lang='lat' dir='ltr'>fimul</span> <span class='ocrx_word' id='word_1_304' title='bbox 742 2457 775 2488; x_wconf 61' lang='grc' dir='ltr'>ὢ·</span> <span class='ocrx_word' id='word_1_305' title='bbox 792 2460 927 2496; x_wconf 76' lang='lat' dir='ltr'>pecnniae</span> <span class='ocrx_word' id='word_1_306' title='bbox 946 2452 1008 2495; x_wconf 72' lang='lat' dir='ltr'>ejus</span> <span class='ocrx_word' id='word_1_307' title='bbox 1020 2452 1201 2494; x_wconf 77' lang='lat' dir='ltr'>baeresfuit.</span> 
     </span>
     <span class='ocr_line' id='line_1_48' title="bbox 327 2504 1205 2553; baseline -0.016 -3"><span class='ocrx_word' id='word_1_308' title='bbox 327 2516 387 2550; x_wconf 78' lang='lat' dir='ltr'>An</span> <span class='ocrx_word' id='word_1_309' title='bbox 407 2523 483 2548; x_wconf 90' lang='lat' dir='ltr'>cum</span> <span class='ocrx_word' id='word_1_310' title='bbox 506 2508 670 2553; x_wconf 60' lang='lat' dir='ltr'>Gregorio</span> <span class='ocrx_word' id='word_1_311' title='bbox 689 2506 897 2549; x_wconf 79' lang='lat' dir='ltr'>deportatus,</span> <span class='ocrx_word' id='word_1_312' title='bbox 925 2515 967 2543; x_wconf 84' lang='lat' dir='ltr'>an</span> <span class='ocrx_word' id='word_1_313' title='bbox 990 2504 1205 2551; x_wconf 83' lang='lat' dir='ltr'>spontaneum</span> 
     </span>
     <span class='ocr_line' id='line_1_49' title="bbox 328 2552 1208 2600; baseline -0.016 -1"><span class='ocrx_word' id='word_1_314' title='bbox 328 2567 365 2600; x_wconf 88' lang='lat' dir='ltr'>in</span> <span class='ocrx_word' id='word_1_315' title='bbox 392 2562 530 2598; x_wconf 74' lang='lat' dir='ltr'>exilium</span> <span class='ocrx_word' id='word_1_316' title='bbox 555 2559 730 2593; x_wconf 82' lang='lat' dir='ltr'>dumtaxat</span> <span class='ocrx_word' id='word_1_317' title='bbox 759 2554 934 2590; x_wconf 85' lang='lat' dir='ltr'>comitatus</span> <span class='ocrx_word' id='word_1_318' title='bbox 966 2554 1063 2590; x_wconf 83' lang='lat' dir='ltr'>fuerit</span> <span class='ocrx_word' id='word_1_319' title='bbox 1091 2552 1208 2588; x_wconf 87' lang='lat' dir='ltr'>Hilde-</span> 
     </span>
     <span class='ocr_line' id='line_1_50' title="bbox 331 2603 1208 2654; baseline -0.016 -4"><span class='ocrx_word' id='word_1_320' title='bbox 331 2614 493 2653; x_wconf 86' lang='lat' dir='ltr'>brandus,</span> <span class='ocrx_word' id='word_1_321' title='bbox 518 2611 656 2654; x_wconf 87' lang='lat' dir='ltr'>ignoro.</span> <span class='ocrx_word' id='word_1_322' title='bbox 685 2608 863 2641; x_wconf 86' lang='lat' dir='ltr'>Etcertum</span> <span class='ocrx_word' id='word_1_323' title='bbox 874 2603 919 2638; x_wconf 83' lang='lat' dir='ltr'>est</span> <span class='ocrx_word' id='word_1_324' title='bbox 933 2603 1031 2637; x_wconf 85' lang='lat' dir='ltr'>solius</span> <span class='ocrx_word' id='word_1_325' title='bbox 1045 2603 1208 2647; x_wconf 67' lang='lat' dir='ltr'>pecunia,</span> 
     </span>
     <span class='ocr_line' id='line_1_51' title="bbox 332 2654 1211 2706; baseline -0.016 -7"><span class='ocrx_word' id='word_1_326' title='bbox 332 2665 455 2699; x_wconf 82' lang='lat' dir='ltr'>nullius</span> <span class='ocrx_word' id='word_1_327' title='bbox 477 2659 614 2706; x_wconf 69' lang='lat' dir='ltr'>perfidiae</span> <span class='ocrx_word' id='word_1_328' title='bbox 635 2657 728 2692; x_wconf 66' lang='lat' dir='ltr'>fuisse</span> <span class='ocrx_word' id='word_1_329' title='bbox 749 2654 903 2689; x_wconf 76' lang='lat' dir='ltr'>haeredem</span> <span class='ocrx_word' id='word_1_330' title='bbox 917 2679 928 2694; x_wconf 91' lang='lat'>,</span> <span class='ocrx_word' id='word_1_331' title='bbox 953 2655 975 2687; x_wconf 79' lang='lat' dir='ltr'>si</span> <span class='ocrx_word' id='word_1_332' title='bbox 997 2664 1105 2687; x_wconf 83' lang='lat' dir='ltr'>tamen</span> <span class='ocrx_word' id='word_1_333' title='bbox 1119 2664 1211 2698; x_wconf 84' lang='lat' dir='ltr'>pecu.</span> 
     </span>
     <span class='ocr_line' id='line_1_52' title="bbox 334 2704 1210 2752; baseline -0.014 -4"><span class='ocrx_word' id='word_1_334' title='bbox 334 2717 405 2749; x_wconf 86' lang='lat' dir='ltr'>nias</span> <span class='ocrx_word' id='word_1_335' title='bbox 415 2711 563 2747; x_wconf 83' lang='lat' dir='ltr'>habuerit</span> <span class='ocrx_word' id='word_1_336' title='bbox 589 2708 786 2752; x_wconf 84' lang='lat' dir='ltr'>Gregorius.</span> <span class='ocrx_word' id='word_1_337' title='bbox 815 2705 858 2738; x_wconf 88' lang='lat' dir='ltr'>Et</span> <span class='ocrx_word' id='word_1_338' title='bbox 877 2705 955 2738; x_wconf 88' lang='lat' dir='ltr'>hinc</span> <span class='ocrx_word' id='word_1_339' title='bbox 977 2704 1210 2738; x_wconf 88' lang='lat' dir='ltr'>lucetGuiliel-</span> 
     </span>
     <span class='ocr_line' id='line_1_53' title="bbox 333 2753 1210 2800; baseline -0.011 -2"><span class='ocrx_word' id='word_1_340' title='bbox 333 2774 428 2800; x_wconf 83' lang='lat' dir='ltr'>mum</span> <span class='ocrx_word' id='word_1_341' title='bbox 451 2758 742 2796; x_wconf 81' lang='lat' dir='ltr'>Malmesberiensis</span> <span class='ocrx_word' id='word_1_342' title='bbox 769 2754 963 2793; x_wconf 83' lang='lat' dir='ltr'>Monasterii</span> <span class='ocrx_word' id='word_1_343' title='bbox 992 2753 1210 2795; x_wconf 83' lang='lat' dir='ltr'>Bibliotheca-</span> 
     </span>
     <span class='ocr_line' id='line_1_54' title="bbox 333 2804 1211 2854; baseline -0.015 -6"><span class='ocrx_word' id='word_1_344' title='bbox 333 2817 422 2849; x_wconf 76' lang='lat' dir='ltr'>rium</span> <span class='ocrx_word' id='word_1_345' title='bbox 446 2835 457 2852; x_wconf 90' lang='lat'>,</span> <span class='ocrx_word' id='word_1_346' title='bbox 484 2812 539 2854; x_wconf 85' lang='lat' dir='ltr'>qui</span> <span class='ocrx_word' id='word_1_347' title='bbox 561 2808 760 2852; x_wconf 84' lang='lat' dir='ltr'>Gregorium</span> <span class='ocrx_word' id='word_1_348' title='bbox 786 2805 903 2839; x_wconf 69' lang='lat' dir='ltr'>Romae</span> <span class='ocrx_word' id='word_1_349' title='bbox 924 2804 1115 2844; x_wconf 63' lang='lat' dir='ltr'>defunc‘ium</span> <span class='ocrx_word' id='word_1_350' title='bbox 1140 2828 1151 2845; x_wconf 92' lang='lat'>,</span> <span class='ocrx_word' id='word_1_351' title='bbox 1176 2805 1211 2838; x_wconf 70' lang='grc' dir='ltr'>ὃ(</span> 
     </span>
     <span class='ocr_line' id='line_1_55' title="bbox 335 2855 1229 2899; baseline -0.013 0"><span class='ocrx_word' id='word_1_352' title='bbox 335 2864 377 2899; x_wconf 88' lang='lat' dir='ltr'>de</span> <span class='ocrx_word' id='word_1_353' title='bbox 395 2859 601 2897; x_wconf 84' lang='lat' dir='ltr'>reformanda</span> <span class='ocrx_word' id='word_1_354' title='bbox 624 2857 764 2893; x_wconf 80' lang='lat' dir='ltr'>Ecclesia</span> <span class='ocrx_word' id='word_1_355' title='bbox 786 2856 924 2889; x_wconf 85' lang='lat' dir='ltr'>affirmat</span> <span class='ocrx_word' id='word_1_356' title='bbox 945 2855 1049 2889; x_wconf 82' lang='lat' dir='ltr'>multa</span> <span class='ocrx_word' id='word_1_357' title='bbox 1072 2855 1114 2889; x_wconf 88' lang='lat' dir='ltr'>ad.</span> <span class='ocrx_word' id='word_1_358' title='bbox 1137 2855 1229 2899; x_wconf 63' lang='lat' dir='ltr'>Cae,</span> 
     </span>
     <span class='ocr_line' id='line_1_56' title="bbox 334 2902 1229 2949; baseline -0.012 -1"><span class='ocrx_word' id='word_1_359' title='bbox 334 2912 463 2949; x_wconf 83' lang='lat' dir='ltr'>dinales</span> <span class='ocrx_word' id='word_1_360' title='bbox 489 2908 581 2945; x_wconf 82' lang='lat' dir='ltr'>fuiffe</span> <span class='ocrx_word' id='word_1_361' title='bbox 609 2909 644 2941; x_wconf 87' lang='lat' dir='ltr'>in</span> <span class='ocrx_word' id='word_1_362' title='bbox 665 2907 746 2946; x_wconf 59' lang='lat' dir='ltr'>lecito</span> <span class='ocrx_word' id='word_1_363' title='bbox 779 2906 1015 2939; x_wconf 75' lang='lat' dir='ltr'>concionatum</span> <span class='ocrx_word' id='word_1_364' title='bbox 1036 2930 1047 2946; x_wconf 88' lang='lat'>‚</span> <span class='ocrx_word' id='word_1_365' title='bbox 1073 2902 1229 2944; x_wconf 55' lang='lat' dir='ltr'>omniuo}</span> 
     </span>
     <span class='ocr_line' id='line_1_57' title="bbox 337 2947 1229 3000; baseline -0.013 -2"><span class='ocrx_word' id='word_1_366' title='bbox 337 2973 440 2998; x_wconf 86' lang='lat' dir='ltr'>errare</span> <span class='ocrx_word' id='word_1_367' title='bbox 461 2986 468 2994; x_wconf 93' lang='lat'>.</span> <span class='ocrx_word' id='word_1_368' title='bbox 495 2958 629 2993; x_wconf 85' lang='lat' dir='ltr'>Interim</span> <span class='ocrx_word' id='word_1_369' title='bbox 660 2957 730 3000; x_wconf 78' lang='lat' dir='ltr'>post</span> <span class='ocrx_word' id='word_1_370' title='bbox 762 2955 913 2999; x_wconf 81' lang='lat' dir='ltr'>Gregorii</span> <span class='ocrx_word' id='word_1_371' title='bbox 943 2965 1082 2989; x_wconf 85' lang='lat' dir='ltr'>mortem</span> <span class='ocrx_word' id='word_1_372' title='bbox 1111 2947 1229 2999; x_wconf 52' lang='lat' dir='ltr'>redire}</span> 
     </span>
     <span class='ocr_line' id='line_1_58' title="bbox 337 3002 1229 3052; baseline -0.015 -3"><span class='ocrx_word' id='word_1_373' title='bbox 337 3014 484 3048; x_wconf 85' lang='lat' dir='ltr'>Romam</span> <span class='ocrx_word' id='word_1_374' title='bbox 505 3007 751 3043; x_wconf 86' lang='lat' dir='ltr'>Hildebrandus</span> <span class='ocrx_word' id='word_1_375' title='bbox 779 3006 913 3040; x_wconf 84' lang='lat' dir='ltr'>timuit:</span> <span class='ocrx_word' id='word_1_376' title='bbox 941 3005 1012 3043; x_wconf 81' lang='lat' dir='ltr'>Aut</span> <span class='ocrx_word' id='word_1_377' title='bbox 1024 3002 1229 3052; x_wconf 62' lang='lat' dir='ltr'>Augustum}</span> 
     </span>
     <span class='ocr_line' id='line_1_59' title="bbox 339 3054 1230 3107; baseline -0.012 -9"><span class='ocrx_word' id='word_1_378' title='bbox 339 3059 579 3107; x_wconf 83' lang='lat' dir='ltr'>deportationis</span> <span class='ocrx_word' id='word_1_379' title='bbox 602 3057 754 3091; x_wconf 71' lang='lat' dir='ltr'>Edictum</span> <span class='ocrx_word' id='word_1_380' title='bbox 777 3054 969 3098; x_wconf 77' lang='lat' dir='ltr'>praevaricari</span> <span class='ocrx_word' id='word_1_381' title='bbox 993 3055 1101 3094; x_wconf 89' lang='lat' dir='ltr'>noluit</span> <span class='ocrx_word' id='word_1_382' title='bbox 1120 3080 1130 3095; x_wconf 94' lang='lat'>,</span> <span class='ocrx_word' id='word_1_383' title='bbox 1157 3054 1230 3100; x_wconf 65' lang='lat' dir='ltr'>aut}</span> 
     </span>
     <span class='ocr_line' id='line_1_60' title="bbox 339 3102 1230 3153; baseline -0.011 -5"><span class='ocrx_word' id='word_1_384' title='bbox 339 3111 427 3148; x_wconf 73' lang='lat' dir='ltr'>certe</span> <span class='ocrx_word' id='word_1_385' title='bbox 461 3112 518 3150; x_wconf 85' lang='lat' dir='ltr'>suo</span> <span class='ocrx_word' id='word_1_386' title='bbox 549 3108 712 3153; x_wconf 86' lang='lat' dir='ltr'>Gregorio</span> <span class='ocrx_word' id='word_1_387' title='bbox 748 3105 1006 3149; x_wconf 87' lang='lat' dir='ltr'>superordinatos</span> <span class='ocrx_word' id='word_1_388' title='bbox 1037 3102 1230 3139; x_wconf 66' lang='lat' dir='ltr'>Pontificesl</span> 
     </span>
     <span class='ocr_line' id='line_1_61' title="bbox 340 3145 1230 3202; baseline -0.007 -7"><span class='ocrx_word' id='word_1_389' title='bbox 340 3162 506 3197; x_wconf 76' lang='lat' dir='ltr'>accedere.</span> <span class='ocrx_word' id='word_1_390' title='bbox 536 3158 591 3195; x_wconf 90' lang='lat' dir='ltr'>Ut</span> <span class='ocrx_word' id='word_1_391' title='bbox 611 3155 786 3202; x_wconf 84' lang='lat' dir='ltr'>postmodo</span> <span class='ocrx_word' id='word_1_392' title='bbox 808 3166 883 3188; x_wconf 86' lang='lat' dir='ltr'>curn</span> <span class='ocrx_word' id='word_1_393' title='bbox 907 3155 1023 3188; x_wconf 65' lang='lat' dir='ltr'>Sancto</span> <span class='ocrx_word' id='word_1_394' title='bbox 1035 3156 1147 3193; x_wconf 80' lang='lat' dir='ltr'>Leone</span> <span class='ocrx_word' id='word_1_395' title='bbox 1157 3145 1230 3189; x_wconf 71' lang='lat' dir='ltr'>rio-l</span> 
     </span>
     <span class='ocr_line' id='line_1_62' title="bbox 342 3190 1230 3252; baseline -0.011 -6"><span class='ocrx_word' id='word_1_396' title='bbox 342 3223 390 3246; x_wconf 84' lang='lat' dir='ltr'>no</span> <span class='ocrx_word' id='word_1_397' title='bbox 419 3211 537 3245; x_wconf 76' lang='lat' dir='ltr'>rediret</span> <span class='ocrx_word' id='word_1_398' title='bbox 570 3208 714 3242; x_wconf 83' lang='lat' dir='ltr'>Romam</span> <span class='ocrx_word' id='word_1_399' title='bbox 737 3230 748 3246; x_wconf 91' lang='lat'>,</span> <span class='ocrx_word' id='word_1_400' title='bbox 775 3205 866 3239; x_wconf 81' lang='lat' dir='ltr'>exilii</span> <span class='ocrx_word' id='word_1_401' title='bbox 900 3204 1092 3240; x_wconf 83' lang='lat' dir='ltr'>sententiam</span> <span class='ocrx_word' id='word_1_402' title='bbox 1123 3190 1230 3252; x_wconf 53' lang='lat' dir='ltr'>fuiffef</span> 
     </span>
     <span class='ocr_line' id='line_1_63' title="bbox 343 3254 1229 3304; baseline -0.009 -10"><span class='ocrx_word' id='word_1_403' title='bbox 343 3262 385 3295; x_wconf 84' lang='lat' dir='ltr'>ad</span> <span class='ocrx_word' id='word_1_404' title='bbox 407 3271 541 3304; x_wconf 76' lang='lat' dir='ltr'>magnas</span> <span class='ocrx_word' id='word_1_405' title='bbox 563 3269 669 3302; x_wconf 82' lang='lat' dir='ltr'>preces</span> <span class='ocrx_word' id='word_1_406' title='bbox 690 3256 865 3293; x_wconf 80' lang='lat' dir='ltr'>relaxatam</span> <span class='ocrx_word' id='word_1_407' title='bbox 888 3254 929 3288; x_wconf 87' lang='lat' dir='ltr'>ab</span> <span class='ocrx_word' id='word_1_408' title='bbox 952 3255 1103 3291; x_wconf 84' lang='lat' dir='ltr'>chrico</span> <span class='ocrx_word' id='word_1_409' title='bbox 1114 3254 1229 3300; x_wconf 67' lang='lat' dir='ltr'>impe-j</span> 
     </span>
     <span class='ocr_line' id='line_1_64' title="bbox 343 3303 1230 3348; baseline -0.007 -6"><span class='ocrx_word' id='word_1_410' title='bbox 343 3319 448 3344; x_wconf 80' lang='lat' dir='ltr'>ratore</span> <span class='ocrx_word' id='word_1_411' title='bbox 476 3311 611 3348; x_wconf 84' lang='lat' dir='ltr'>affirmat</span> <span class='ocrx_word' id='word_1_412' title='bbox 638 3308 754 3343; x_wconf 84' lang='lat' dir='ltr'>Benno</span> <span class='ocrx_word' id='word_1_413' title='bbox 781 3304 965 3340; x_wconf 86' lang='lat' dir='ltr'>Cardinalis</span> <span class='ocrx_word' id='word_1_414' title='bbox 992 3330 998 3336; x_wconf 96' lang='lat'>.</span> <span class='ocrx_word' id='word_1_415' title='bbox 1027 3304 1087 3339; x_wconf 84' lang='lat' dir='ltr'>Ast</span> <span class='ocrx_word' id='word_1_416' title='bbox 1115 3303 1230 3348; x_wconf 47' lang='lat' dir='ltr'>long&amp;</span> 
     </span>
     <span class='ocr_line' id='line_1_65' title="bbox 342 3353 1230 3418; baseline -0.012 -21"><span class='ocrx_word' id='word_1_417' title='bbox 342 3359 433 3398; x_wconf 75' lang='lat' dir='ltr'>aliud</span> <span class='ocrx_word' id='word_1_418' title='bbox 446 3357 658 3400; x_wconf 69' lang='lat' dir='ltr'>scribitotho</span> <span class='ocrx_word' id='word_1_419' title='bbox 669 3357 846 3404; x_wconf 73' lang='lat' dir='ltr'>Episcopus</span> <span class='ocrx_word' id='word_1_420' title='bbox 856 3356 882 3395; x_wconf 86' lang='lat' dir='ltr'>F</span> <span class='ocrx_word' id='word_1_421' title='bbox 884 3354 954 3394; x_wconf 83' lang='lat' dir='ltr'>rifin</span> <span class='ocrx_word' id='word_1_422' title='bbox 959 3355 1064 3404; x_wconf 71' lang='lat' dir='ltr'>gensis</span> <span class='ocrx_word' id='word_1_423' title='bbox 1076 3367 1083 3390; x_wconf 74' lang='lat' dir='ltr'><strong><em>z</em></strong></span> <span class='ocrx_word' id='word_1_424' title='bbox 1095 3353 1213 3397; x_wconf 78' lang='lat' dir='ltr'>Scribit</span> <span class='ocrx_word' id='word_1_425' title='bbox 1225 3385 1230 3418; x_wconf 59' lang='grc' dir='ltr'>Ι</span> 
     </span>
    </p>
   </div>
   <div class='ocr_carea' id='block_1_9' title="bbox 319 1200 1202 1297">
    <p class='ocr_par' dir='ltr' id='par_1_10' title="bbox 319 1135 1220 2274">
     <span class='ocr_line' id='line_1_66' title="bbox 320 1200 1150 1249; baseline -0.012 -6"><span class='ocrx_word' id='word_1_426' title='bbox 320 1208 432 1249; x_wconf 81' lang='lat' dir='ltr'>niam,</span> <span class='ocrx_word' id='word_1_427' title='bbox 460 1205 640 1241; x_wconf 74' lang='lat' dir='ltr'>Civitatem</span> <span class='ocrx_word' id='word_1_428' title='bbox 649 1203 726 1237; x_wconf 81' lang='lat' dir='ltr'>vero</span> <span class='ocrx_word' id='word_1_429' title='bbox 737 1201 1073 1246; x_wconf 78' lang='lat' dir='ltr'>autiocumignorari</span> <span class='ocrx_word' id='word_1_430' title='bbox 1089 1226 1096 1233; x_wconf 93' lang='lat'>.</span> <span class='ocrx_word' id='word_1_431' title='bbox 1127 1200 1150 1234; x_wconf 76' lang='lat' dir='ltr'><strong><em>C</em></strong></span> 
     </span>
     <span class='ocr_line' id='line_1_67' title="bbox 319 1251 1202 1297; baseline -0.01 -3"><span class='ocrx_word' id='word_1_432' title='bbox 319 1258 440 1294; x_wconf 83' lang='lat' dir='ltr'>dinalis</span> <span class='ocrx_word' id='word_1_433' title='bbox 462 1259 579 1291; x_wconf 85' lang='lat' dir='ltr'>Benno</span> <span class='ocrx_word' id='word_1_434' title='bbox 601 1255 740 1288; x_wconf 72' lang='lat' dir='ltr'>affirmat</span> <span class='ocrx_word' id='word_1_435' title='bbox 753 1251 1202 1297; x_wconf 49' lang='lat' dir='ltr'>degradatum-Bendidium</span> 
     </span>
    </p>
   </div>
   <div class='ocr_carea' id='block_1_10' title="bbox 702 62 1781 117">
    <p class='ocr_par' dir='ltr' id='par_1_11' title="bbox 702 62 1781 117">
     <span class='ocr_line' id='line_1_68' title="bbox 702 62 1781 117; baseline 0.007 -8"><span class='ocrx_word' id='word_1_436' title='bbox 702 63 744 110; x_wconf 86' lang='lat' dir='ltr'>S.</span> <span class='ocrx_word' id='word_1_437' title='bbox 781 62 1097 110; x_wconf 74' lang='lat' dir='ltr'>GREGORII</span> <span class='ocrx_word' id='word_1_438' title='bbox 1132 80 1373 112; x_wconf 64' lang='lat' dir='ltr'>sennim</span> <span class='ocrx_word' id='word_1_439' title='bbox 1410 68 1781 117; x_wconf 74' lang='lat' dir='ltr'>Poerrlcrs</span> 
     </span>
    </p>
   </div>
   <div class='ocr_carea' id='block_1_11' title="bbox 1262 149 2158 953">
    <p class='ocr_par' dir='ltr' id='par_1_12' title="bbox 1262 149 2158 597">
     <span class='ocr_line' id='line_1_69' title="bbox 1264 149 2144 202; baseline 0.017 -20"><span class='ocrx_word' id='word_1_440' title='bbox 1264 149 1532 185; x_wconf 87' lang='lat' dir='ltr'>Hildebrandum</span> <span class='ocrx_word' id='word_1_441' title='bbox 1556 162 1635 187; x_wconf 85' lang='lat' dir='ltr'>runc</span> <span class='ocrx_word' id='word_1_442' title='bbox 1661 155 1815 190; x_wconf 85' lang='lat' dir='ltr'>Cluniaci</span> <span class='ocrx_word' id='word_1_443' title='bbox 1848 156 1943 193; x_wconf 75' lang='lat' dir='ltr'>fuisse</span> <span class='ocrx_word' id='word_1_444' title='bbox 1972 158 2144 202; x_wconf 85' lang='lat' dir='ltr'>Priorem,</span> 
     </span>
     <span class='ocr_line' id='line_1_70' title="bbox 1262 198 2149 250; baseline 0.017 -18"><span class='ocrx_word' id='word_1_445' title='bbox 1262 198 1343 233; x_wconf 84' lang='lat' dir='ltr'>laica</span> <span class='ocrx_word' id='word_1_446' title='bbox 1368 202 1602 237; x_wconf 83' lang='lat' dir='ltr'>nominatione</span> <span class='ocrx_word' id='word_1_447' title='bbox 1612 198 1800 246; x_wconf 84' lang='lat' dir='ltr'>promotum</span> <span class='ocrx_word' id='word_1_448' title='bbox 1817 205 1964 250; x_wconf 80' lang='lat' dir='ltr'>Leonem</span> <span class='ocrx_word' id='word_1_449' title='bbox 1974 210 2049 246; x_wconf 85' lang='lat' dir='ltr'>illac</span> <span class='ocrx_word' id='word_1_450' title='bbox 2062 223 2149 246; x_wconf 89' lang='lat' dir='ltr'>tran-</span> 
     </span>
     <span class='ocr_line' id='line_1_71' title="bbox 1262 249 2158 301; baseline 0.011 -19"><span class='ocrx_word' id='word_1_451' title='bbox 1262 249 1342 283; x_wconf 73' lang='lat' dir='ltr'>suffe</span> <span class='ocrx_word' id='word_1_452' title='bbox 1365 250 1508 284; x_wconf 79' lang='lat' dir='ltr'>Romam</span> <span class='ocrx_word' id='word_1_453' title='bbox 1531 277 1542 293; x_wconf 87' lang='lat'>,</span> <span class='ocrx_word' id='word_1_454' title='bbox 1568 253 1638 295; x_wconf 81' lang='lat' dir='ltr'>ejus</span> <span class='ocrx_word' id='word_1_455' title='bbox 1659 253 1791 288; x_wconf 87' lang='lat' dir='ltr'>hortatu</span> <span class='ocrx_word' id='word_1_456' title='bbox 1813 258 2018 301; x_wconf 65' lang='lat' dir='ltr'>renunciasse</span> <span class='ocrx_word' id='word_1_457' title='bbox 2039 261 2158 297; x_wconf 82' lang='lat' dir='ltr'>nomi-&#39;</span> 
     </span>
     <span class='ocr_line' id='line_1_72' title="bbox 1266 299 2149 351; baseline 0.01 -18"><span class='ocrx_word' id='word_1_458' title='bbox 1266 300 1396 334; x_wconf 87' lang='lat' dir='ltr'>nationi</span> <span class='ocrx_word' id='word_1_459' title='bbox 1423 325 1435 341; x_wconf 90' lang='lat'>,</span> <span class='ocrx_word' id='word_1_460' title='bbox 1461 301 1641 344; x_wconf 69' lang='lat' dir='ltr'>deposuisse</span> <span class='ocrx_word' id='word_1_461' title='bbox 1674 315 1871 341; x_wconf 84' lang='lat' dir='ltr'>ornamenta</span> <span class='ocrx_word' id='word_1_462' title='bbox 1901 299 2032 351; x_wconf 62' lang='lat' dir='ltr'>Papalia</span> <span class='ocrx_word' id='word_1_463' title='bbox 2058 336 2070 351; x_wconf 89' lang='lat'>‚</span> <span class='ocrx_word' id='word_1_464' title='bbox 2109 323 2149 347; x_wconf 72' lang='lat' dir='ltr'>ut</span> 
     </span>
     <span class='ocr_line' id='line_1_73' title="bbox 1267 350 2153 402; baseline 0.014 -19"><span class='ocrx_word' id='word_1_465' title='bbox 1267 351 1431 393; x_wconf 79' lang='lat' dir='ltr'>privatum</span> <span class='ocrx_word' id='word_1_466' title='bbox 1456 351 1547 386; x_wconf 75' lang='lat' dir='ltr'>ivisse</span> <span class='ocrx_word' id='word_1_467' title='bbox 1565 353 1712 388; x_wconf 84' lang='lat' dir='ltr'>Romam</span> <span class='ocrx_word' id='word_1_468' title='bbox 1727 380 1738 394; x_wconf 92' lang='lat'>,</span> <span class='ocrx_word' id='word_1_469' title='bbox 1764 355 1871 390; x_wconf 80' lang='lat' dir='ltr'>secum</span> <span class='ocrx_word' id='word_1_470' title='bbox 1894 350 2153 402; x_wconf 48' lang='lat' dir='ltr'>duxiffeHildess</span> 
     </span>
     <span class='ocr_line' id='line_1_74' title="bbox 1269 398 2148 450; baseline 0.014 -15"><span class='ocrx_word' id='word_1_471' title='bbox 1269 401 1430 436; x_wconf 86' lang='lat' dir='ltr'>brandum</span> <span class='ocrx_word' id='word_1_472' title='bbox 1441 426 1452 443; x_wconf 88' lang='lat'><em>‚</em></span> <span class='ocrx_word' id='word_1_473' title='bbox 1471 402 1587 436; x_wconf 81' lang='lat' dir='ltr'>Romae</span> <span class='ocrx_word' id='word_1_474' title='bbox 1600 404 1691 438; x_wconf 70' lang='lat' dir='ltr'>fuisse</span> <span class='ocrx_word' id='word_1_475' title='bbox 1703 404 1842 442; x_wconf 68' lang='lat' dir='ltr'>electum</span> <span class='ocrx_word' id='word_1_476' title='bbox 1853 406 2025 443; x_wconf 75' lang='lat' dir='ltr'>canonice</span> <span class='ocrx_word' id='word_1_477' title='bbox 2037 434 2047 450; x_wconf 92' lang='lat'>‚</span> <span class='ocrx_word' id='word_1_478' title='bbox 2072 398 2148 446; x_wconf 82' lang='lat' dir='ltr'>Hil-</span> 
     </span>
     <span class='ocr_line' id='line_1_75' title="bbox 1267 450 2149 497; baseline 0.01 -11"><span class='ocrx_word' id='word_1_479' title='bbox 1267 451 1471 487; x_wconf 89' lang='lat' dir='ltr'>debrandum</span> <span class='ocrx_word' id='word_1_480' title='bbox 1492 450 1682 488; x_wconf 70' lang='lat' dir='ltr'>haecomnia</span> <span class='ocrx_word' id='word_1_481' title='bbox 1695 457 1891 497; x_wconf 63' lang='lat' dir='ltr'>procurasse.</span> <span class='ocrx_word' id='word_1_482' title='bbox 1917 458 2063 494; x_wconf 85' lang='lat' dir='ltr'>Nullum</span> <span class='ocrx_word' id='word_1_483' title='bbox 2083 469 2149 495; x_wconf 73' lang='lat' dir='ltr'>ver-</span> 
     </span>
     <span class='ocr_line' id='line_1_76' title="bbox 1270 503 2150 546; baseline 0.011 -10"><span class='ocrx_word' id='word_1_484' title='bbox 1270 503 1348 536; x_wconf 88' lang='lat' dir='ltr'>bum</span> <span class='ocrx_word' id='word_1_485' title='bbox 1371 503 1412 536; x_wconf 87' lang='lat' dir='ltr'>de</span> <span class='ocrx_word' id='word_1_486' title='bbox 1433 503 1580 538; x_wconf 83' lang='lat' dir='ltr'>relaxato</span> <span class='ocrx_word' id='word_1_487' title='bbox 1591 505 1711 542; x_wconf 83' lang='lat' dir='ltr'>exilio.</span> <span class='ocrx_word' id='word_1_488' title='bbox 1739 505 1783 540; x_wconf 85' lang='lat' dir='ltr'>Et</span> <span class='ocrx_word' id='word_1_489' title='bbox 1804 506 1888 540; x_wconf 77' lang='lat' dir='ltr'>certe</span> <span class='ocrx_word' id='word_1_490' title='bbox 1908 507 1977 544; x_wconf 83' lang='lat' dir='ltr'>haec</span> <span class='ocrx_word' id='word_1_491' title='bbox 1991 519 2059 546; x_wconf 82' lang='lat' dir='ltr'>non</span> <span class='ocrx_word' id='word_1_492' title='bbox 2073 511 2150 546; x_wconf 85' lang='lat' dir='ltr'>sunt</span> 
     </span>
     <span class='ocr_line' id='line_1_77' title="bbox 1268 553 1847 597; baseline 0.002 -9"><span class='ocrx_word' id='word_1_493' title='bbox 1268 564 1365 597; x_wconf 87' lang='lat' dir='ltr'>opera</span> <span class='ocrx_word' id='word_1_494' title='bbox 1376 553 1484 588; x_wconf 80' lang='lat' dir='ltr'>exulis</span> <span class='ocrx_word' id='word_1_495' title='bbox 1496 579 1503 587; x_wconf 92' lang='lat'><strong>.</strong></span> <span class='ocrx_word' id='word_1_496' title='bbox 1845 587 1847 589; x_wconf 87' lang='grc'><em>,</em></span> 
     </span>
    </p>

    <p class='ocr_par' dir='ltr' id='par_1_13' title="bbox 1269 603 2150 953">
     <span class='ocr_line' id='line_1_78' title="bbox 1270 603 2150 654; baseline 0.01 -18"><span class='ocrx_word' id='word_1_497' title='bbox 1270 647 1275 652; x_wconf 87' lang='lat'>.</span> <span class='ocrx_word' id='word_1_498' title='bbox 1318 603 1455 647; x_wconf 84' lang='lat' dir='ltr'>Septimi</span> <span class='ocrx_word' id='word_1_499' title='bbox 1479 604 1581 637; x_wconf 80' lang='lat' dir='ltr'>nostri</span> <span class='ocrx_word' id='word_1_500' title='bbox 1600 605 1778 649; x_wconf 83' lang='lat' dir='ltr'>Gregorii,</span> <span class='ocrx_word' id='word_1_501' title='bbox 1806 618 1904 650; x_wconf 87' lang='lat' dir='ltr'>quem</span> <span class='ocrx_word' id='word_1_502' title='bbox 1925 619 2047 654; x_wconf 83' lang='lat' dir='ltr'>magno</span> <span class='ocrx_word' id='word_1_503' title='bbox 2067 613 2150 649; x_wconf 87' lang='lat' dir='ltr'>Gre-</span> 
     </span>
     <span class='ocr_line' id='line_1_79' title="bbox 1269 654 2148 701; baseline 0.008 -12"><span class='ocrx_word' id='word_1_504' title='bbox 1269 655 1366 699; x_wconf 86' lang='lat' dir='ltr'>gorio</span> <span class='ocrx_word' id='word_1_505' title='bbox 1392 665 1461 688; x_wconf 88' lang='lat' dir='ltr'>non</span> <span class='ocrx_word' id='word_1_506' title='bbox 1489 654 1574 689; x_wconf 77' lang='lat' dir='ltr'>male</span> <span class='ocrx_word' id='word_1_507' title='bbox 1600 666 1767 699; x_wconf 81' lang='lat' dir='ltr'>comparat</span> <span class='ocrx_word' id='word_1_508' title='bbox 1793 680 1804 696; x_wconf 88' lang='lat'>,</span> <span class='ocrx_word' id='word_1_509' title='bbox 1831 658 1955 693; x_wconf 82' lang='lat' dir='ltr'>natales</span> <span class='ocrx_word' id='word_1_510' title='bbox 1982 683 1993 700; x_wconf 87' lang='lat'><strong>,</strong></span> <span class='ocrx_word' id='word_1_511' title='bbox 2016 660 2148 701; x_wconf 81' lang='lat' dir='ltr'>studia,</span> 
     </span>
     <span class='ocr_line' id='line_1_80' title="bbox 1269 702 2147 751; baseline 0.009 -15"><span class='ocrx_word' id='word_1_512' title='bbox 1269 706 1302 739; x_wconf 70' lang='grc' dir='ltr'>ὃς</span> <span class='ocrx_word' id='word_1_513' title='bbox 1327 715 1433 751; x_wconf 86' lang='lat' dir='ltr'>mores</span> <span class='ocrx_word' id='word_1_514' title='bbox 1466 702 1565 738; x_wconf 88' lang='lat' dir='ltr'>edicit</span> <span class='ocrx_word' id='word_1_515' title='bbox 1596 705 1703 750; x_wconf 92' lang='lat' dir='ltr'>Hugo</span> <span class='ocrx_word' id='word_1_516' title='bbox 1737 707 1851 741; x_wconf 86' lang='lat' dir='ltr'>Abbas</span> <span class='ocrx_word' id='word_1_517' title='bbox 1874 708 2147 746; x_wconf 79' lang='lat' dir='ltr'>Flaviniacenfis:</span> 
     </span>
     <span class='ocr_line' id='line_1_81' title="bbox 1270 754 2150 800; baseline 0.005 -12"><span class='ocrx_word' id='word_1_518' title='bbox 1270 758 1426 799; x_wconf 77' lang='lat' dir='ltr'>Gregorius</span> <span class='ocrx_word' id='word_1_519' title='bbox 1447 765 1536 792; x_wconf 79' lang='lat' dir='ltr'>natus</span> <span class='ocrx_word' id='word_1_520' title='bbox 1555 754 1594 795; x_wconf 82' lang='lat' dir='ltr'>est</span> <span class='ocrx_word' id='word_1_521' title='bbox 1615 762 1646 788; x_wconf 84' lang='lat' dir='ltr'>in</span> <span class='ocrx_word' id='word_1_522' title='bbox 1661 756 1731 791; x_wconf 83' lang='lat' dir='ltr'>urbe</span> <span class='ocrx_word' id='word_1_523' title='bbox 1751 761 1848 793; x_wconf 82' lang='lat' dir='ltr'>Roma</span> <span class='ocrx_word' id='word_1_524' title='bbox 1863 782 1872 798; x_wconf 91' lang='lat'>,</span> <span class='ocrx_word' id='word_1_525' title='bbox 1895 759 2075 800; x_wconf 73' lang='lat' dir='ltr'>parentibus</span> <span class='ocrx_word' id='word_1_526' title='bbox 2096 765 2150 795; x_wconf 83' lang='lat' dir='ltr'>Ci-</span> 
     </span>
     <span class='ocr_line' id='line_1_82' title="bbox 1269 805 2148 855; baseline 0.006 -16"><span class='ocrx_word' id='word_1_527' title='bbox 1269 805 1358 839; x_wconf 79' lang='lat' dir='ltr'>vibus</span> <span class='ocrx_word' id='word_1_528' title='bbox 1379 809 1543 844; x_wconf 77' lang='lat' dir='ltr'>Romanis,</span> <span class='ocrx_word' id='word_1_529' title='bbox 1569 808 1604 839; x_wconf 66' lang='lat' dir='ltr'>(st</span> <span class='ocrx_word' id='word_1_530' title='bbox 1625 808 1703 848; x_wconf 88' lang='lat' dir='ltr'>quod</span> <span class='ocrx_word' id='word_1_531' title='bbox 1720 815 1884 841; x_wconf 81' lang='lat' dir='ltr'>maximum</span> <span class='ocrx_word' id='word_1_532' title='bbox 1901 809 1941 850; x_wconf 85' lang='lat' dir='ltr'>est</span> <span class='ocrx_word' id='word_1_533' title='bbox 1953 833 1964 849; x_wconf 91' lang='lat'>‚</span> <span class='ocrx_word' id='word_1_534' title='bbox 1991 809 2148 855; x_wconf 70' lang='lat' dir='ltr'>religiosis,</span> 
     </span>
     <span class='ocr_line' id='line_1_83' title="bbox 1270 854 2150 899; baseline 0.008 -12"><span class='ocrx_word' id='word_1_535' title='bbox 1270 854 1480 899; x_wconf 77' lang='lat' dir='ltr'>adscribendus</span> <span class='ocrx_word' id='word_1_536' title='bbox 1500 856 1615 891; x_wconf 82' lang='lat' dir='ltr'>civibus</span> <span class='ocrx_word' id='word_1_537' title='bbox 1640 861 1743 891; x_wconf 85' lang='lat' dir='ltr'>Curiae</span> <span class='ocrx_word' id='word_1_538' title='bbox 1762 857 1897 897; x_wconf 65' lang='lat' dir='ltr'>coelestn.</span> <span class='ocrx_word' id='word_1_539' title='bbox 1923 862 1953 891; x_wconf 88' lang='lat' dir='ltr'><strong><em>E</em></strong></span> <span class='ocrx_word' id='word_1_540' title='bbox 1957 869 1969 892; x_wconf 90' lang='lat' dir='ltr'>t</span> <span class='ocrx_word' id='word_1_541' title='bbox 1991 859 2030 893; x_wconf 88' lang='lat' dir='ltr'>ab</span> <span class='ocrx_word' id='word_1_542' title='bbox 2047 868 2150 894; x_wconf 79' lang='lat' dir='ltr'>ineun-</span> 
     </span>
     <span class='ocr_line' id='line_1_84' title="bbox 1270 903 2148 953; baseline 0.008 -15"><span class='ocrx_word' id='word_1_543' title='bbox 1270 915 1310 940; x_wconf 79' lang='lat' dir='ltr'>tae</span> <span class='ocrx_word' id='word_1_544' title='bbox 1320 903 1621 946; x_wconf 61' lang='lat' dir='ltr'>atate-Ecclefiasticis</span> <span class='ocrx_word' id='word_1_545' title='bbox 1632 915 1817 949; x_wconf 62' lang='lat' dir='ltr'>mancipatus</span> <span class='ocrx_word' id='word_1_546' title='bbox 1839 910 1935 950; x_wconf 80' lang='lat' dir='ltr'>officiis</span> <span class='ocrx_word' id='word_1_547' title='bbox 1948 933 1958 948; x_wconf 90' lang='lat'><strong>,</strong></span> <span class='ocrx_word' id='word_1_548' title='bbox 1980 918 2148 953; x_wconf 79' lang='lat' dir='ltr'>pueritiam</span> 
     </span>
    </p>
   </div>
   <div class='ocr_carea' id='block_1_12' title="bbox 596 949 2148 1001">
    <p class='ocr_par' dir='ltr' id='par_1_14' title="bbox 596 949 2148 1001">
     <span class='ocr_line' id='line_1_85' title="bbox 596 949 2148 1001; baseline 0.008 -20"><span class='ocrx_word' id='word_1_549' title='bbox 596 954 708 999; x_wconf 76' lang='lat' dir='ltr'>Qare</span> <span class='ocrx_word' id='word_1_550' title='bbox 732 950 816 984; x_wconf 72' lang='lat' dir='ltr'>dista</span> <span class='ocrx_word' id='word_1_551' title='bbox 828 950 1021 995; x_wconf 71' lang='lat' dir='ltr'>compilatio</span> <span class='ocrx_word' id='word_1_552' title='bbox 1035 949 1221 984; x_wconf 63' lang='lat' dir='ltr'>Benediaeti.</span> <span class='ocrx_word' id='word_1_553' title='bbox 1265 955 1352 998; x_wconf 75' lang='lat' dir='ltr'>suam</span> <span class='ocrx_word' id='word_1_554' title='bbox 1371 966 1428 989; x_wconf 83' lang='lat' dir='ltr'>non</span> <span class='ocrx_word' id='word_1_555' title='bbox 1443 954 1505 996; x_wconf 86' lang='lat' dir='ltr'>fine</span> <span class='ocrx_word' id='word_1_556' title='bbox 1524 950 1611 991; x_wconf 66' lang='lat' dir='ltr'>certis</span> <span class='ocrx_word' id='word_1_557' title='bbox 1631 981 1642 997; x_wconf 91' lang='lat'><strong>,</strong></span> <span class='ocrx_word' id='word_1_558' title='bbox 1669 969 1736 999; x_wconf 84' lang='lat' dir='ltr'>quae</span> <span class='ocrx_word' id='word_1_559' title='bbox 1757 970 1821 991; x_wconf 74' lang='lat' dir='ltr'>eum</span> <span class='ocrx_word' id='word_1_560' title='bbox 1842 958 1980 997; x_wconf 77' lang='lat' dir='ltr'>illustrem</span> <span class='ocrx_word' id='word_1_561' title='bbox 2002 960 2148 1001; x_wconf 82' lang='lat' dir='ltr'>futurum</span> 
     </span>
    </p>
   </div>
   <div class='ocr_carea' id='block_1_13' title="bbox 1260 1004 2148 1752">
    <p class='ocr_par' dir='ltr' id='par_1_15' title="bbox 1260 1004 2148 1752">
     <span class='ocr_line' id='line_1_86' title="bbox 1262 1004 2146 1052; baseline 0.011 -17"><span class='ocrx_word' id='word_1_562' title='bbox 1262 1007 1331 1047; x_wconf 83' lang='lat' dir='ltr'>jam</span> <span class='ocrx_word' id='word_1_563' title='bbox 1345 1004 1587 1048; x_wconf 81' lang='lat' dir='ltr'>tuncfignarent,</span> <span class='ocrx_word' id='word_1_564' title='bbox 1614 1008 1819 1048; x_wconf 76' lang='lat' dir='ltr'>documentis,</span> <span class='ocrx_word' id='word_1_565' title='bbox 1844 1008 1978 1052; x_wconf 77' lang='lat' dir='ltr'>religiofis</span> <span class='ocrx_word' id='word_1_566' title='bbox 1988 1016 2146 1045; x_wconf 80' lang='lat' dir='ltr'>comitatus</span> 
     </span>
     <span class='ocr_line' id='line_1_87' title="bbox 1264 1054 2148 1101; baseline 0.008 -14"><span class='ocrx_word' id='word_1_567' title='bbox 1264 1054 1396 1099; x_wconf 78' lang='lat' dir='ltr'>personis</span> <span class='ocrx_word' id='word_1_568' title='bbox 1409 1055 1532 1088; x_wconf 80' lang='lat' dir='ltr'>excoluit</span> <span class='ocrx_word' id='word_1_569' title='bbox 1549 1079 1556 1086; x_wconf 93' lang='lat'><em>.</em></span> <span class='ocrx_word' id='word_1_570' title='bbox 1585 1054 1813 1098; x_wconf 65' lang='lat' dir='ltr'>adolescentiam</span> <span class='ocrx_word' id='word_1_571' title='bbox 1830 1058 1984 1101; x_wconf 86' lang='lat' dir='ltr'>adsumpto</span> <span class='ocrx_word' id='word_1_572' title='bbox 2002 1061 2148 1095; x_wconf 64' lang='lat' dir='ltr'>Sam‘lita-</span> 
     </span>
     <span class='ocr_line' id='line_1_88' title="bbox 1267 1104 2148 1156; baseline 0.007 -17"><span class='ocrx_word' id='word_1_573' title='bbox 1267 1112 1306 1140; x_wconf 84' lang='lat' dir='ltr'>tis</span> <span class='ocrx_word' id='word_1_574' title='bbox 1332 1104 1474 1147; x_wconf 81' lang='lat' dir='ltr'>Propofito</span> <span class='ocrx_word' id='word_1_575' title='bbox 1495 1110 1571 1138; x_wconf 82' lang='lat' dir='ltr'>inter</span> <span class='ocrx_word' id='word_1_576' title='bbox 1581 1107 1686 1139; x_wconf 78' lang='lat' dir='ltr'>mundi</span> <span class='ocrx_word' id='word_1_577' title='bbox 1708 1116 1917 1149; x_wconf 79' lang='lat' dir='ltr'>contemptores</span> <span class='ocrx_word' id='word_1_578' title='bbox 1935 1120 1993 1143; x_wconf 91' lang='lat' dir='ltr'>non</span> <span class='ocrx_word' id='word_1_579' title='bbox 1996 1110 2058 1156; x_wconf 85' lang='lat' dir='ltr'>fine</span> <span class='ocrx_word' id='word_1_580' title='bbox 2083 1123 2148 1145; x_wconf 80' lang='lat' dir='ltr'>ma-</span> 
     </span>
     <span class='ocr_line' id='line_1_89' title="bbox 1260 1155 2147 1204; baseline 0.008 -17"><span class='ocrx_word' id='word_1_581' title='bbox 1260 1163 1332 1199; x_wconf 70' lang='lat' dir='ltr'>gnIs</span> <span class='ocrx_word' id='word_1_582' title='bbox 1351 1155 1543 1197; x_wconf 74' lang='lat' dir='ltr'>perfi’c‘i&#39;ionis</span> <span class='ocrx_word' id='word_1_583' title='bbox 1571 1157 1691 1189; x_wconf 81' lang='lat' dir='ltr'>indiciis</span> <span class='ocrx_word' id='word_1_584' title='bbox 1720 1158 1888 1198; x_wconf 81' lang='lat' dir='ltr'>perdomuit</span> <span class='ocrx_word' id='word_1_585' title='bbox 1908 1184 1915 1191; x_wconf 90' lang='lat'><strong>.</strong></span> <span class='ocrx_word' id='word_1_586' title='bbox 1936 1163 1967 1204; x_wconf 87' lang='lat' dir='ltr'><em>J</em></span> <span class='ocrx_word' id='word_1_587' title='bbox 1971 1169 2147 1196; x_wconf 76' lang='lat' dir='ltr'>aventutem</span> 
     </span>
     <span class='ocr_line' id='line_1_90' title="bbox 1267 1205 2147 1252; baseline 0.006 -14"><span class='ocrx_word' id='word_1_588' title='bbox 1267 1206 1456 1240; x_wconf 73' lang='lat' dir='ltr'>nibilominus</span> <span class='ocrx_word' id='word_1_589' title='bbox 1492 1207 1608 1240; x_wconf 66' lang='lat' dir='ltr'>militia</span> <span class='ocrx_word' id='word_1_590' title='bbox 1641 1205 1823 1247; x_wconf 63' lang='lat' dir='ltr'>christiana</span> <span class='ocrx_word' id='word_1_591' title='bbox 1853 1209 2024 1244; x_wconf 82' lang='lat' dir='ltr'>dedicatam</span> <span class='ocrx_word' id='word_1_592' title='bbox 2043 1235 2055 1252; x_wconf 80' lang='lat'>‚</span> <span class='ocrx_word' id='word_1_593' title='bbox 2074 1210 2147 1252; x_wconf 70' lang='lat' dir='ltr'>fimat</span> 
     </span>
     <span class='ocr_line' id='line_1_91' title="bbox 1268 1253 2145 1298; baseline 0.007 -9"><span class='ocrx_word' id='word_1_594' title='bbox 1268 1265 1355 1289; x_wconf 73' lang='lat' dir='ltr'>aetate</span> <span class='ocrx_word' id='word_1_595' title='bbox 1375 1279 1386 1294; x_wconf 87' lang='lat'>‚</span> <span class='ocrx_word' id='word_1_596' title='bbox 1413 1262 1457 1288; x_wconf 83' lang='lat' dir='ltr'>ita</span> <span class='ocrx_word' id='word_1_597' title='bbox 1473 1253 1553 1298; x_wconf 76' lang='lat' dir='ltr'>[aaa</span> <span class='ocrx_word' id='word_1_598' title='bbox 1576 1255 1712 1289; x_wconf 69' lang='lat' dir='ltr'>doHrina</span> <span class='ocrx_word' id='word_1_599' title='bbox 1738 1259 1772 1290; x_wconf 71' lang='lat'>(05</span> <span class='ocrx_word' id='word_1_600' title='bbox 1791 1257 1980 1298; x_wconf 83' lang='lat' dir='ltr'>firmamento</span> <span class='ocrx_word' id='word_1_601' title='bbox 2000 1266 2145 1295; x_wconf 83' lang='lat' dir='ltr'>veritatis</span> 
     </span>
     <span class='ocr_line' id='line_1_92' title="bbox 1267 1303 2145 1357; baseline 0.008 -19"><span class='ocrx_word' id='word_1_602' title='bbox 1267 1307 1434 1339; x_wconf 81' lang='lat' dir='ltr'>roboratam</span> <span class='ocrx_word' id='word_1_603' title='bbox 1447 1329 1458 1345; x_wconf 84' lang='lat'>‚</span> <span class='ocrx_word' id='word_1_604' title='bbox 1480 1303 1536 1347; x_wconf 84' lang='lat' dir='ltr'>sub</span> <span class='ocrx_word' id='word_1_605' title='bbox 1551 1307 1709 1357; x_wconf 67' lang='lat' dir='ltr'>praelatis</span> <span class='ocrx_word' id='word_1_606' title='bbox 1730 1313 1821 1343; x_wconf 81' lang='lat' dir='ltr'>totius</span> <span class='ocrx_word' id='word_1_607' title='bbox 1842 1308 2005 1348; x_wconf 69' lang='lat' dir='ltr'>christiani</span> <span class='ocrx_word' id='word_1_608' title='bbox 2015 1316 2145 1347; x_wconf 72' lang='lat' dir='ltr'>nominis</span> 
     </span>
     <span class='ocr_line' id='line_1_93' title="bbox 1265 1353 2146 1401; baseline 0.009 -15"><span class='ocrx_word' id='word_1_609' title='bbox 1265 1356 1409 1388; x_wconf 81' lang='lat' dir='ltr'>tutoribus</span> <span class='ocrx_word' id='word_1_610' title='bbox 1433 1356 1468 1389; x_wconf 68' lang='lat' dir='ltr'>tir</span> <span class='ocrx_word' id='word_1_611' title='bbox 1488 1353 1671 1398; x_wconf 77' lang='lat' dir='ltr'>Praesultbus</span> <span class='ocrx_word' id='word_1_612' title='bbox 1693 1380 1705 1396; x_wconf 87' lang='lat'><strong>,</strong></span> <span class='ocrx_word' id='word_1_613' title='bbox 1727 1356 1852 1398; x_wconf 80' lang='lat' dir='ltr'>publicis</span> <span class='ocrx_word' id='word_1_614' title='bbox 1875 1356 1990 1399; x_wconf 67' lang='lat' dir='ltr'>sanHae</span> <span class='ocrx_word' id='word_1_615' title='bbox 2010 1359 2146 1401; x_wconf 65' lang='lat' dir='ltr'>Ecclesia</span> 
     </span>
     <span class='ocr_line' id='line_1_94' title="bbox 1265 1405 2147 1450; baseline 0.007 -12"><span class='ocrx_word' id='word_1_616' title='bbox 1265 1412 1451 1447; x_wconf 71' lang='lat' dir='ltr'>mancipavit</span> <span class='ocrx_word' id='word_1_617' title='bbox 1475 1405 1674 1439; x_wconf 75' lang='lat' dir='ltr'>utilitatibus.</span> <span class='ocrx_word' id='word_1_618' title='bbox 1704 1410 1760 1442; x_wconf 78' lang='lat' dir='ltr'>Hic</span> <span class='ocrx_word' id='word_1_619' title='bbox 1771 1406 1806 1439; x_wconf 84' lang='lat' dir='ltr'>ob</span> <span class='ocrx_word' id='word_1_620' title='bbox 1820 1406 1997 1450; x_wconf 80' lang='lat' dir='ltr'>fingularem</span> <span class='ocrx_word' id='word_1_621' title='bbox 2005 1411 2147 1446; x_wconf 75' lang='lat' dir='ltr'>excellen-</span> 
     </span>
     <span class='ocr_line' id='line_1_95' title="bbox 1265 1458 2147 1500; baseline 0.006 -12"><span class='ocrx_word' id='word_1_622' title='bbox 1265 1463 1306 1489; x_wconf 83' lang='lat' dir='ltr'>tis</span> <span class='ocrx_word' id='word_1_623' title='bbox 1330 1462 1440 1500; x_wconf 82' lang='lat' dir='ltr'>ingenii</span> <span class='ocrx_word' id='word_1_624' title='bbox 1458 1462 1696 1499; x_wconf 83' lang='lat' dir='ltr'>praerogativam</span> <span class='ocrx_word' id='word_1_625' title='bbox 1714 1458 1734 1488; x_wconf 70' lang='lat' dir='ltr'>a</span> <span class='ocrx_word' id='word_1_626' title='bbox 1754 1458 1879 1491; x_wconf 84' lang='lat' dir='ltr'>Nicolao</span> <span class='ocrx_word' id='word_1_627' title='bbox 1897 1461 2027 1500; x_wconf 78' lang='lat' dir='ltr'>Papam</span> <span class='ocrx_word' id='word_1_628' title='bbox 2047 1459 2147 1496; x_wconf 60' lang='lat' dir='ltr'>Archi,-</span> 
     </span>
     <span class='ocr_line' id='line_1_96' title="bbox 1265 1505 2140 1550; baseline 0.006 -11"><span class='ocrx_word' id='word_1_629' title='bbox 1265 1510 1453 1543; x_wconf 78' lang='lat' dir='ltr'>diaconatum</span> <span class='ocrx_word' id='word_1_630' title='bbox 1474 1513 1582 1540; x_wconf 86' lang='lat' dir='ltr'>matris</span> <span class='ocrx_word' id='word_1_631' title='bbox 1606 1505 1740 1548; x_wconf 84' lang='lat' dir='ltr'>Ecclefiae</span> <span class='ocrx_word' id='word_1_632' title='bbox 1760 1507 1938 1549; x_wconf 60' lang='lat' dir='ltr'>provectus,</span> <span class='ocrx_word' id='word_1_633' title='bbox 1958 1508 2082 1550; x_wconf 81' lang='lat' dir='ltr'>strenua</span> <span class='ocrx_word' id='word_1_634' title='bbox 2104 1511 2140 1545; x_wconf 64' lang='grc' dir='ltr'><strong><em>Θ</em></strong></span> 
     </span>
     <span class='ocr_line' id='line_1_97' title="bbox 1263 1556 2146 1598; baseline 0.006 -9"><span class='ocrx_word' id='word_1_635' title='bbox 1263 1557 1412 1591; x_wconf 82' lang='lat' dir='ltr'>laudabili</span> <span class='ocrx_word' id='word_1_636' title='bbox 1437 1556 1528 1597; x_wconf 80' lang='lat' dir='ltr'>hujus</span> <span class='ocrx_word' id='word_1_637' title='bbox 1551 1557 1631 1598; x_wconf 81' lang='lat' dir='ltr'>officii</span> <span class='ocrx_word' id='word_1_638' title='bbox 1650 1558 1904 1598; x_wconf 83' lang='lat' dir='ltr'>administratione</span> <span class='ocrx_word' id='word_1_639' title='bbox 1913 1565 1945 1592; x_wconf 84' lang='lat' dir='ltr'>in</span> <span class='ocrx_word' id='word_1_640' title='bbox 1967 1565 2055 1593; x_wconf 78' lang='lat' dir='ltr'>totius</span> <span class='ocrx_word' id='word_1_641' title='bbox 2066 1559 2146 1594; x_wconf 74' lang='lat' dir='ltr'>orbis</span> 
     </span>
     <span class='ocr_line' id='line_1_98' title="bbox 1265 1606 2143 1650; baseline 0.009 -12"><span class='ocrx_word' id='word_1_642' title='bbox 1265 1614 1401 1639; x_wconf 74' lang='lat' dir='ltr'>notitiam</span> <span class='ocrx_word' id='word_1_643' title='bbox 1415 1629 1425 1646; x_wconf 91' lang='lat'><strong>,</strong></span> <span class='ocrx_word' id='word_1_644' title='bbox 1452 1609 1485 1640; x_wconf 68' lang='lat'>(⁴2⁰</span> <span class='ocrx_word' id='word_1_645' title='bbox 1497 1606 1631 1650; x_wconf 77' lang='lat' dir='ltr'>Religios</span> <span class='ocrx_word' id='word_1_646' title='bbox 1624 1618 1702 1640; x_wconf 86' lang='lat' dir='ltr'>orum</span> <span class='ocrx_word' id='word_1_647' title='bbox 1713 1608 1895 1641; x_wconf 57' lang='lat' dir='ltr'>dilectionem</span> <span class='ocrx_word' id='word_1_648' title='bbox 1907 1608 1993 1643; x_wconf 78' lang='lat' dir='ltr'>brevi</span> <span class='ocrx_word' id='word_1_649' title='bbox 2003 1607 2124 1645; x_wconf 63' lang='lat' dir='ltr'>devebit</span> <span class='ocrx_word' id='word_1_650' title='bbox 2133 1636 2143 1646; x_wconf 83' lang='lat'><em>.</em></span> 
     </span>
     <span class='ocr_line' id='line_1_99' title="bbox 1265 1656 2145 1696; baseline 0.006 -6"><span class='ocrx_word' id='word_1_651' title='bbox 1265 1659 1438 1692; x_wconf 77' lang='lat' dir='ltr'>,Consonat</span> <span class='ocrx_word' id='word_1_652' title='bbox 1462 1658 1494 1693; x_wconf 84' lang='lat' dir='ltr'>in</span> <span class='ocrx_word' id='word_1_653' title='bbox 1518 1656 1601 1690; x_wconf 89' lang='lat' dir='ltr'>libro</span> <span class='ocrx_word' id='word_1_654' title='bbox 1625 1657 1667 1691; x_wconf 89' lang='lat' dir='ltr'>de</span> <span class='ocrx_word' id='word_1_655' title='bbox 1689 1658 1922 1693; x_wconf 86' lang='lat' dir='ltr'>Ecclesiasticis</span> <span class='ocrx_word' id='word_1_656' title='bbox 1944 1659 2145 1696; x_wconf 85' lang='lat' dir='ltr'>observatio-</span> 
     </span>
     <span class='ocr_line' id='line_1_100' title="bbox 1268 1706 2144 1752; baseline 0.006 -13"><span class='ocrx_word' id='word_1_657' title='bbox 1268 1706 1360 1740; x_wconf 88' lang='lat' dir='ltr'>nibus</span> <span class='ocrx_word' id='word_1_658' title='bbox 1385 1706 1498 1740; x_wconf 88' lang='lat' dir='ltr'>Guido</span> <span class='ocrx_word' id='word_1_659' title='bbox 1523 1706 1637 1741; x_wconf 88' lang='lat' dir='ltr'>Abbas</span> <span class='ocrx_word' id='word_1_660' title='bbox 1657 1708 1866 1752; x_wconf 89' lang='lat' dir='ltr'>Micrologus</span> <span class='ocrx_word' id='word_1_661' title='bbox 1887 1723 1897 1741; x_wconf 92' lang='lat'><em>:</em></span> <span class='ocrx_word' id='word_1_662' title='bbox 1925 1713 2069 1743; x_wconf 74' lang='lat' dir='ltr'>Romane</span> <span class='ocrx_word' id='word_1_663' title='bbox 2095 1712 2144 1744; x_wconf 81' lang='lat' dir='ltr'>Se·</span> 
     </span>
    </p>
   </div>
   <div class='ocr_carea' id='block_1_14' title="bbox 1264 1755 2293 1806">
    <p class='ocr_par' dir='ltr' id='par_1_16' title="bbox 1264 1755 2293 1806">
     <span class='ocr_line' id='line_1_101' title="bbox 1264 1755 2293 1806; baseline 0.005 -16"><span class='ocrx_word' id='word_1_664' title='bbox 1264 1760 1296 1790; x_wconf 82' lang='lat' dir='ltr'>di</span> <span class='ocrx_word' id='word_1_665' title='bbox 1324 1761 1404 1790; x_wconf 86' lang='lat' dir='ltr'>Deus</span> <span class='ocrx_word' id='word_1_666' title='bbox 1431 1755 1523 1797; x_wconf 83' lang='lat' dir='ltr'>nostro</span> <span class='ocrx_word' id='word_1_667' title='bbox 1549 1766 1677 1799; x_wconf 82' lang='lat' dir='ltr'>tempore</span> <span class='ocrx_word' id='word_1_668' title='bbox 1705 1757 1935 1801; x_wconf 77' lang='lat' dir='ltr'>gubernatorem</span> <span class='ocrx_word' id='word_1_669' title='bbox 1953 1763 2145 1806; x_wconf 51' lang='lat' dir='ltr'>¹Gregorius„</span> <span class='ocrx_word' id='word_1_670' title='bbox 2160 1766 2293 1806; x_wconf 53' lang='lat' dir='ltr'>Capu.</span> 
     </span>
    </p>
   </div>
   <div class='ocr_carea' id='block_1_15' title="bbox 1259 1804 2156 2350">
    <p class='ocr_par' dir='ltr' id='par_1_17' title="bbox 1259 1804 2156 2350">
     <span class='ocr_line' id='line_1_102' title="bbox 1265 1804 2145 1861; baseline 0.003 -22"><span class='ocrx_word' id='word_1_671' title='bbox 1265 1805 1400 1849; x_wconf 78' lang='lat' dir='ltr'>imposuit</span> <span class='ocrx_word' id='word_1_672' title='bbox 1425 1830 1437 1847; x_wconf 89' lang='lat'>‚</span> <span class='ocrx_word' id='word_1_673' title='bbox 1463 1812 1512 1848; x_wconf 81' lang='lat' dir='ltr'>qui</span> <span class='ocrx_word' id='word_1_674' title='bbox 1534 1804 1589 1848; x_wconf 71' lang='lat' dir='ltr'>fi‘b</span> <span class='ocrx_word' id='word_1_675' title='bbox 1623 1808 1720 1861; x_wconf 59' lang='lat' dir='ltr'>desem</span> <span class='ocrx_word' id='word_1_676' title='bbox 1742 1805 1807 1849; x_wconf 79' lang='lat' dir='ltr'>suis</span> <span class='ocrx_word' id='word_1_677' title='bbox 1838 1809 2063 1852; x_wconf 52' lang='lat' dir='ltr'>Antecefflqribus</span> <span class='ocrx_word' id='word_1_678' title='bbox 2085 1835 2096 1850; x_wconf 93' lang='lat'><em>‚</em></span> <span class='ocrx_word' id='word_1_679' title='bbox 2121 1811 2145 1842; x_wconf 67' lang='lat' dir='ltr'>a</span> 
     </span>
     <span class='ocr_line' id='line_1_103' title="bbox 1260 1857 2156 1902; baseline 0.002 -11"><span class='ocrx_word' id='word_1_680' title='bbox 1260 1867 1350 1900; x_wconf 78' lang='lat' dir='ltr'>puero</span> <span class='ocrx_word' id='word_1_681' title='bbox 1370 1861 1473 1890; x_wconf 79' lang='lat' dir='ltr'>Romae</span> <span class='ocrx_word' id='word_1_682' title='bbox 1495 1862 1625 1891; x_wconf 81' lang='lat' dir='ltr'>nutritus</span> <span class='ocrx_word' id='word_1_683' title='bbox 1648 1857 1682 1890; x_wconf 69' lang='lat' dir='ltr'>(rt</span> <span class='ocrx_word' id='word_1_684' title='bbox 1707 1859 1849 1891; x_wconf 81' lang='lat' dir='ltr'>educatus</span> <span class='ocrx_word' id='word_1_685' title='bbox 1872 1882 1882 1897; x_wconf 92' lang='lat'><strong><em>,</em></strong></span> <span class='ocrx_word' id='word_1_686' title='bbox 1909 1870 2007 1893; x_wconf 74' lang='lat' dir='ltr'>omnes</span> <span class='ocrx_word' id='word_1_687' title='bbox 2032 1858 2156 1902; x_wconf 66' lang='lat' dir='ltr'>Apollo·-</span> 
     </span>
     <span class='ocr_line' id='line_1_104' title="bbox 1263 1907 2144 1951; baseline 0.003 -11"><span class='ocrx_word' id='word_1_688' title='bbox 1263 1909 1335 1942; x_wconf 80' lang='lat' dir='ltr'>licas</span> <span class='ocrx_word' id='word_1_689' title='bbox 1365 1909 1543 1940; x_wconf 83' lang='lat' dir='ltr'>traditiones</span> <span class='ocrx_word' id='word_1_690' title='bbox 1569 1908 1775 1951; x_wconf 69' lang='lat' dir='ltr'>diligentifflmd</span> <span class='ocrx_word' id='word_1_691' title='bbox 1795 1907 1988 1951; x_wconf 81' lang='lat' dir='ltr'>investigavit</span> <span class='ocrx_word' id='word_1_692' title='bbox 2008 1932 2018 1947; x_wconf 94' lang='lat'>,</span> <span class='ocrx_word' id='word_1_693' title='bbox 2042 1911 2078 1949; x_wconf 61' lang='grc' dir='ltr'>ψ</span> <span class='ocrx_word' id='word_1_694' title='bbox 2097 1915 2144 1944; x_wconf 76' lang='lat' dir='ltr'>in-</span> 
     </span>
     <span class='ocr_line' id='line_1_105' title="bbox 1263 1956 2139 2001; baseline 0.007 -14"><span class='ocrx_word' id='word_1_695' title='bbox 1263 1958 1424 2001; x_wconf 76' lang='lat' dir='ltr'>vestigatas</span> <span class='ocrx_word' id='word_1_696' title='bbox 1450 1956 1641 2000; x_wconf 74' lang='lat' dir='ltr'>studiofiffime&#39;</span> <span class='ocrx_word' id='word_1_697' title='bbox 1673 1963 1706 1990; x_wconf 74' lang='lat' dir='ltr'>in</span> <span class='ocrx_word' id='word_1_698' title='bbox 1735 1957 1835 1990; x_wconf 57' lang='lat' dir='ltr'>aarum</span> <span class='ocrx_word' id='word_1_699' title='bbox 1864 1957 1975 2000; x_wconf 77' lang='lat' dir='ltr'>referre</span> <span class='ocrx_word' id='word_1_700' title='bbox 1999 1965 2139 1996; x_wconf 81' lang='lat' dir='ltr'>curavit.</span> 
     </span>
     <span class='ocr_line' id='line_1_106' title="bbox 1262 2007 2141 2051; baseline 0.002 -10"><span class='ocrx_word' id='word_1_701' title='bbox 1262 2007 1442 2051; x_wconf 79' lang='lat' dir='ltr'>Gregorius</span> <span class='ocrx_word' id='word_1_702' title='bbox 1461 2007 1540 2051; x_wconf 80' lang='lat' dir='ltr'>ergo</span> <span class='ocrx_word' id='word_1_703' title='bbox 1564 2018 1631 2040; x_wconf 89' lang='lat' dir='ltr'>non</span> <span class='ocrx_word' id='word_1_704' title='bbox 1654 2007 1718 2040; x_wconf 87' lang='lat' dir='ltr'>fuit</span> <span class='ocrx_word' id='word_1_705' title='bbox 1738 2007 2141 2051; x_wconf 77' lang='lat' dir='ltr'>Thuscus&amp;Suanenfis,</span> 
     </span>
     <span class='ocr_line' id='line_1_107' title="bbox 1262 2055 2141 2098; baseline 0.001 -7"><span class='ocrx_word' id='word_1_706' title='bbox 1262 2059 1314 2092; x_wconf 88' lang='lat' dir='ltr'>sed</span> <span class='ocrx_word' id='word_1_707' title='bbox 1329 2058 1521 2091; x_wconf 86' lang='lat' dir='ltr'>Romanus.</span> <span class='ocrx_word' id='word_1_708' title='bbox 1549 2057 1623 2090; x_wconf 83' lang='lat' dir='ltr'>Nec</span> <span class='ocrx_word' id='word_1_709' title='bbox 1647 2055 1729 2091; x_wconf 87' lang='lat' dir='ltr'>fabri</span> <span class='ocrx_word' id='word_1_710' title='bbox 1740 2057 1847 2098; x_wconf 82' lang='lat' dir='ltr'>filius,</span> <span class='ocrx_word' id='word_1_711' title='bbox 1874 2057 1929 2094; x_wconf 87' lang='lat' dir='ltr'>sed</span> <span class='ocrx_word' id='word_1_712' title='bbox 1940 2056 2082 2097; x_wconf 81' lang='lat' dir='ltr'>honesto</span> <span class='ocrx_word' id='word_1_713' title='bbox 2091 2059 2141 2095; x_wconf 82' lang='lat' dir='ltr'>lo-</span> 
     </span>
     <span class='ocr_line' id='line_1_108' title="bbox 1260 2105 2138 2146; baseline 0.001 -4"><span class='ocrx_word' id='word_1_714' title='bbox 1260 2120 1301 2142; x_wconf 92' lang='lat' dir='ltr'>co</span> <span class='ocrx_word' id='word_1_715' title='bbox 1327 2115 1423 2142; x_wconf 87' lang='lat' dir='ltr'>uatus</span> <span class='ocrx_word' id='word_1_716' title='bbox 1441 2131 1450 2139; x_wconf 92' lang='lat'>.</span> <span class='ocrx_word' id='word_1_717' title='bbox 1479 2107 1523 2140; x_wconf 90' lang='lat' dir='ltr'>Et</span> <span class='ocrx_word' id='word_1_718' title='bbox 1543 2105 1718 2140; x_wconf 85' lang='lat' dir='ltr'>liberaliter</span> <span class='ocrx_word' id='word_1_719' title='bbox 1741 2105 1896 2141; x_wconf 88' lang='lat' dir='ltr'>educatus</span> <span class='ocrx_word' id='word_1_720' title='bbox 1913 2119 1955 2142; x_wconf 65' lang='lat' dir='ltr'>,ac</span> <span class='ocrx_word' id='word_1_721' title='bbox 1973 2107 2138 2146; x_wconf 83' lang='lat' dir='ltr'>eruditus.</span> 
     </span>
     <span class='ocr_line' id='line_1_109' title="bbox 1262 2154 2140 2201; baseline 0.001 -9"><span class='ocrx_word' id='word_1_722' title='bbox 1262 2159 1341 2192; x_wconf 78' lang='lat' dir='ltr'>Haec</span> <span class='ocrx_word' id='word_1_723' title='bbox 1367 2156 1462 2191; x_wconf 85' lang='lat' dir='ltr'>verba</span> <span class='ocrx_word' id='word_1_724' title='bbox 1477 2180 1488 2196; x_wconf 88' lang='lat'><strong>,</strong></span> <span class='ocrx_word' id='word_1_725' title='bbox 1514 2154 1674 2200; x_wconf 71' lang='lat' dir='ltr'>Adficmpto</span> <span class='ocrx_word' id='word_1_726' title='bbox 1693 2156 1872 2190; x_wconf 67' lang='lat' dir='ltr'>SanHitatis</span> <span class='ocrx_word' id='word_1_727' title='bbox 1899 2156 2044 2201; x_wconf 71' lang='lat' dir='ltr'>Proposito</span> <span class='ocrx_word' id='word_1_728' title='bbox 2064 2183 2076 2199; x_wconf 88' lang='lat'><strong>,</strong></span> <span class='ocrx_word' id='word_1_729' title='bbox 2102 2158 2140 2193; x_wconf 79' lang='lat' dir='ltr'>fi-</span> 
     </span>
     <span class='ocr_line' id='line_1_110' title="bbox 1259 2206 2140 2253; baseline 0.001 -12"><span class='ocrx_word' id='word_1_730' title='bbox 1259 2209 1419 2253; x_wconf 76' lang='lat' dir='ltr'>gnificant</span> <span class='ocrx_word' id='word_1_731' title='bbox 1434 2206 1662 2249; x_wconf 73' lang='lat' dir='ltr'>professionem</span> <span class='ocrx_word' id='word_1_732' title='bbox 1680 2207 1918 2240; x_wconf 85' lang='lat' dir='ltr'>Monasticam.</span> <span class='ocrx_word' id='word_1_733' title='bbox 1946 2209 2140 2251; x_wconf 71' lang='lat' dir='ltr'>Jisdemuti·</span> 
     </span>
     <span class='ocr_line' id='line_1_111' title="bbox 1261 2255 2138 2302; baseline 0 -10"><span class='ocrx_word' id='word_1_734' title='bbox 1261 2269 1312 2292; x_wconf 89' lang='lat' dir='ltr'>tur</span> <span class='ocrx_word' id='word_1_735' title='bbox 1335 2258 1467 2293; x_wconf 73' lang='lat' dir='ltr'>Santstus</span> <span class='ocrx_word' id='word_1_736' title='bbox 1488 2255 1647 2289; x_wconf 86' lang='lat' dir='ltr'>Poffidius</span> <span class='ocrx_word' id='word_1_737' title='bbox 1659 2279 1670 2295; x_wconf 91' lang='lat'>‚</span> <span class='ocrx_word' id='word_1_738' title='bbox 1696 2255 1807 2290; x_wconf 88' lang='lat' dir='ltr'>dicens</span> <span class='ocrx_word' id='word_1_739' title='bbox 1819 2256 1964 2290; x_wconf 68' lang='lat' dir='ltr'>aSansto</span> <span class='ocrx_word' id='word_1_740' title='bbox 1980 2257 2138 2302; x_wconf 82' lang='lat' dir='ltr'>Augusti-</span> 
     </span>
     <span class='ocr_line' id='line_1_112' title="bbox 1263 2304 2139 2350; baseline -0.001 -9"><span class='ocrx_word' id='word_1_741' title='bbox 1263 2319 1308 2342; x_wconf 90' lang='lat' dir='ltr'>no</span> <span class='ocrx_word' id='word_1_742' title='bbox 1333 2307 1425 2341; x_wconf 76' lang='lat' dir='ltr'>fuiffe</span> <span class='ocrx_word' id='word_1_743' title='bbox 1447 2306 1512 2340; x_wconf 68' lang='lat' dir='ltr'>una</span> <span class='ocrx_word' id='word_1_744' title='bbox 1543 2317 1621 2340; x_wconf 89' lang='lat' dir='ltr'>cum</span> <span class='ocrx_word' id='word_1_745' title='bbox 1649 2305 1814 2348; x_wconf 87' lang='lat' dir='ltr'>Baptismo</span> <span class='ocrx_word' id='word_1_746' title='bbox 1835 2304 2003 2349; x_wconf 72' lang='lat' dir='ltr'>susi-eptam</span> <span class='ocrx_word' id='word_1_747' title='bbox 2030 2310 2139 2350; x_wconf 84' lang='lat' dir='ltr'>Propo·</span> 
     </span>
    </p>
   </div>
   <div class='ocr_carea' id='block_1_16' title="bbox 1256 2355 2140 2400">
    <p class='ocr_par' dir='ltr' id='par_1_18' title="bbox 1256 2355 2140 2400">
     <span class='ocr_line' id='line_1_113' title="bbox 1256 2355 2140 2400; baseline 0.001 -10"><span class='ocrx_word' id='word_1_748' title='bbox 1256 2357 1345 2400; x_wconf 75' lang='lat' dir='ltr'>strum</span> <span class='ocrx_word' id='word_1_749' title='bbox 1355 2356 1505 2400; x_wconf 81' lang='lat' dir='ltr'>serviendi</span> <span class='ocrx_word' id='word_1_750' title='bbox 1518 2359 1594 2389; x_wconf 87' lang='lat' dir='ltr'>Deo.</span> <span class='ocrx_word' id='word_1_751' title='bbox 1624 2355 1721 2389; x_wconf 89' lang='lat' dir='ltr'>More</span> <span class='ocrx_word' id='word_1_752' title='bbox 1732 2356 1820 2389; x_wconf 88' lang='lat' dir='ltr'>enim</span> <span class='ocrx_word' id='word_1_753' title='bbox 1835 2367 1913 2390; x_wconf 89' lang='lat' dir='ltr'>tunc</span> <span class='ocrx_word' id='word_1_754' title='bbox 1924 2357 2039 2391; x_wconf 65' lang='lat' dir='ltr'>usitato</span> <span class='ocrx_word' id='word_1_755' title='bbox 2061 2357 2140 2392; x_wconf 83' lang='lat' dir='ltr'>San-</span> 
     </span>
    </p>
   </div>
   <div class='ocr_carea' id='block_1_17' title="bbox 1266 2405 2167 3436">
    <p class='ocr_par' dir='ltr' id='par_1_19' title="bbox 1266 2405 2140 2451">
     <span class='ocr_line' id='line_1_114' title="bbox 1266 2405 2140 2451; baseline -0.003 -9"><span class='ocrx_word' id='word_1_756' title='bbox 1266 2410 1332 2442; x_wconf 68' lang='lat' dir='ltr'>ctus</span> <span class='ocrx_word' id='word_1_757' title='bbox 1353 2406 1560 2451; x_wconf 85' lang='lat' dir='ltr'>Augustinus</span> <span class='ocrx_word' id='word_1_758' title='bbox 1581 2417 1657 2440; x_wconf 90' lang='lat' dir='ltr'>curn</span> <span class='ocrx_word' id='word_1_759' title='bbox 1675 2405 1842 2449; x_wconf 85' lang='lat' dir='ltr'>Baptismo</span> <span class='ocrx_word' id='word_1_760' title='bbox 1865 2407 2041 2451; x_wconf 81' lang='lat' dir='ltr'>susceperat</span> <span class='ocrx_word' id='word_1_761' title='bbox 2062 2407 2140 2442; x_wconf 87' lang='grc' dir='ltr'>Μο-</span> 
     </span>
    </p>

    <p class='ocr_par' dir='ltr' id='par_1_20' title="bbox 1266 2454 2149 2546">
     <span class='ocr_line' id='line_1_115' title="bbox 1268 2454 2149 2501; baseline 0 -9"><span class='ocrx_word' id='word_1_762' title='bbox 1268 2454 1468 2495; x_wconf 84' lang='lat' dir='ltr'>nachismum</span> <span class='ocrx_word' id='word_1_763' title='bbox 1487 2482 1493 2488; x_wconf 92' lang='lat'><em>.</em></span> <span class='ocrx_word' id='word_1_764' title='bbox 1522 2456 1699 2501; x_wconf 85' lang='lat' dir='ltr'>Gregorius</span> <span class='ocrx_word' id='word_1_765' title='bbox 1719 2466 1852 2499; x_wconf 84' lang='lat' dir='ltr'>putatur</span> <span class='ocrx_word' id='word_1_766' title='bbox 1871 2457 1964 2491; x_wconf 71' lang='lat' dir='ltr'>fuisse</span> <span class='ocrx_word' id='word_1_767' title='bbox 1985 2457 2149 2501; x_wconf 58' lang='lat' dir='ltr'>professus</span> 
     </span>
     <span class='ocr_line' id='line_1_116' title="bbox 1266 2505 2140 2546; baseline 0.001 -7"><span class='ocrx_word' id='word_1_768' title='bbox 1266 2508 1299 2540; x_wconf 87' lang='lat' dir='ltr'>in</span> <span class='ocrx_word' id='word_1_769' title='bbox 1327 2506 1534 2541; x_wconf 79' lang='lat' dir='ltr'>Monasterio</span> <span class='ocrx_word' id='word_1_770' title='bbox 1561 2506 1665 2540; x_wconf 77' lang='lat' dir='ltr'>SanCti</span> <span class='ocrx_word' id='word_1_771' title='bbox 1695 2505 1863 2546; x_wconf 87' lang='lat' dir='ltr'>Laurentii</span> <span class='ocrx_word' id='word_1_772' title='bbox 1891 2515 1980 2540; x_wconf 85' lang='lat' dir='ltr'>extra</span> <span class='ocrx_word' id='word_1_773' title='bbox 2008 2518 2140 2543; x_wconf 81' lang='lat' dir='ltr'>muros.</span> 
     </span>
    </p>

    <p class='ocr_par' dir='ltr' id='par_1_21' title="bbox 1266 2555 2142 2600">
     <span class='ocr_line' id='line_1_117' title="bbox 1266 2555 2142 2600; baseline 0.002 -11"><span class='ocrx_word' id='word_1_774' title='bbox 1266 2557 1369 2590; x_wconf 76' lang='lat' dir='ltr'>Porrd</span> <span class='ocrx_word' id='word_1_775' title='bbox 1395 2557 1508 2591; x_wconf 85' lang='lat' dir='ltr'>decem</span> <span class='ocrx_word' id='word_1_776' title='bbox 1533 2555 1712 2589; x_wconf 83' lang='lat' dir='ltr'>Pontifices</span> <span class='ocrx_word' id='word_1_777' title='bbox 1729 2580 1740 2596; x_wconf 89' lang='lat'>‚</span> <span class='ocrx_word' id='word_1_778' title='bbox 1766 2555 1825 2590; x_wconf 89' lang='lat' dir='ltr'>sub</span> <span class='ocrx_word' id='word_1_779' title='bbox 1849 2556 1967 2598; x_wconf 85' lang='lat' dir='ltr'>quibus</span> <span class='ocrx_word' id='word_1_780' title='bbox 2000 2556 2142 2600; x_wconf 82' lang='lat' dir='ltr'>Aposto-</span> 
     </span>
    </p>

    <p class='ocr_par' dir='ltr' id='par_1_22' title="bbox 1269 2605 2142 2646">
     <span class='ocr_line' id='line_1_118' title="bbox 1269 2605 2142 2646; baseline 0 -6"><span class='ocrx_word' id='word_1_781' title='bbox 1269 2609 1345 2640; x_wconf 77' lang='lat' dir='ltr'>liczs</span> <span class='ocrx_word' id='word_1_782' title='bbox 1356 2606 1546 2643; x_wconf 83' lang='lat' dir='ltr'>traditiones</span> <span class='ocrx_word' id='word_1_783' title='bbox 1560 2606 1674 2640; x_wconf 86' lang='lat' dir='ltr'>didicit</span> <span class='ocrx_word' id='word_1_784' title='bbox 1687 2629 1697 2645; x_wconf 91' lang='lat'><strong>,</strong></span> <span class='ocrx_word' id='word_1_785' title='bbox 1725 2606 1800 2640; x_wconf 90' lang='lat' dir='ltr'>sunt</span> <span class='ocrx_word' id='word_1_786' title='bbox 1812 2605 2000 2640; x_wconf 68' lang='lat' dir='ltr'>Benedietus</span> <span class='ocrx_word' id='word_1_787' title='bbox 2011 2616 2117 2640; x_wconf 88' lang='lat' dir='ltr'>nonus</span> <span class='ocrx_word' id='word_1_788' title='bbox 2129 2630 2142 2646; x_wconf 91' lang='lat'>,</span> 
     </span>
    </p>

    <p class='ocr_par' dir='ltr' id='par_1_23' title="bbox 1267 2654 2142 2700">
     <span class='ocr_line' id='line_1_119' title="bbox 1267 2654 2142 2700; baseline 0 -8"><span class='ocrx_word' id='word_1_789' title='bbox 1267 2656 1429 2700; x_wconf 82' lang='lat' dir='ltr'>Sylvester</span> <span class='ocrx_word' id='word_1_790' title='bbox 1450 2657 1561 2691; x_wconf 88' lang='lat' dir='ltr'>tertius</span> <span class='ocrx_word' id='word_1_791' title='bbox 1581 2681 1591 2697; x_wconf 92' lang='lat'>,</span> <span class='ocrx_word' id='word_1_792' title='bbox 1619 2656 1799 2699; x_wconf 83' lang='lat' dir='ltr'>Gregorius</span> <span class='ocrx_word' id='word_1_793' title='bbox 1817 2657 1923 2690; x_wconf 86' lang='lat' dir='ltr'>sextus</span> <span class='ocrx_word' id='word_1_794' title='bbox 1944 2679 1956 2695; x_wconf 92' lang='lat'>,</span> <span class='ocrx_word' id='word_1_795' title='bbox 1982 2654 2142 2692; x_wconf 81' lang='lat' dir='ltr'>Clemens</span> 
     </span>
    </p>

    <p class='ocr_par' dir='ltr' id='par_1_24' title="bbox 1270 2705 2141 2747">
     <span class='ocr_line' id='line_1_120' title="bbox 1270 2705 2141 2747; baseline -0.001 -6"><span class='ocrx_word' id='word_1_796' title='bbox 1270 2707 1425 2741; x_wconf 82' lang='lat' dir='ltr'>secundus</span> <span class='ocrx_word' id='word_1_797' title='bbox 1452 2731 1463 2747; x_wconf 92' lang='lat'>,</span> <span class='ocrx_word' id='word_1_798' title='bbox 1490 2707 1651 2741; x_wconf 87' lang='lat' dir='ltr'>Damasus</span> <span class='ocrx_word' id='word_1_799' title='bbox 1683 2705 1841 2742; x_wconf 88' lang='lat' dir='ltr'>secundus</span> <span class='ocrx_word' id='word_1_800' title='bbox 1867 2729 1878 2746; x_wconf 88' lang='lat'>,</span> <span class='ocrx_word' id='word_1_801' title='bbox 1904 2705 1976 2739; x_wconf 87' lang='lat' dir='ltr'>Leo</span> <span class='ocrx_word' id='word_1_802' title='bbox 2008 2716 2141 2745; x_wconf 88' lang='lat' dir='ltr'>nonus,</span> 
     </span>
    </p>

    <p class='ocr_par' dir='ltr' id='par_1_25' title="bbox 1269 2754 2143 2799">
     <span class='ocr_line' id='line_1_121' title="bbox 1269 2754 2143 2799; baseline -0.003 -8"><span class='ocrx_word' id='word_1_803' title='bbox 1269 2758 1382 2794; x_wconf 63' lang='lat' dir='ltr'>Victor</span> <span class='ocrx_word' id='word_1_804' title='bbox 1407 2756 1564 2791; x_wconf 87' lang='lat' dir='ltr'>secundus</span> <span class='ocrx_word' id='word_1_805' title='bbox 1598 2780 1608 2796; x_wconf 91' lang='lat'>,</span> <span class='ocrx_word' id='word_1_806' title='bbox 1642 2754 1823 2799; x_wconf 84' lang='lat' dir='ltr'>Stephanus</span> <span class='ocrx_word' id='word_1_807' title='bbox 1853 2765 1961 2794; x_wconf 86' lang='lat' dir='ltr'>nonus</span> <span class='ocrx_word' id='word_1_808' title='bbox 1989 2779 2001 2796; x_wconf 93' lang='lat'>,</span> <span class='ocrx_word' id='word_1_809' title='bbox 2037 2755 2143 2789; x_wconf 86' lang='lat' dir='ltr'>Nico·</span> 
     </span>
    </p>

    <p class='ocr_par' dir='ltr' id='par_1_26' title="bbox 1268 2803 2144 2853">
     <span class='ocr_line' id='line_1_122' title="bbox 1268 2803 2144 2853; baseline -0.003 -12"><span class='ocrx_word' id='word_1_810' title='bbox 1268 2809 1336 2842; x_wconf 77' lang='lat' dir='ltr'>laus</span> <span class='ocrx_word' id='word_1_811' title='bbox 1363 2807 1520 2841; x_wconf 81' lang='lat' dir='ltr'>secundus</span> <span class='ocrx_word' id='word_1_812' title='bbox 1542 2832 1553 2847; x_wconf 90' lang='lat'>,</span> <span class='ocrx_word' id='word_1_813' title='bbox 1578 2806 1612 2841; x_wconf 86' lang='lat'>&amp;</span> <span class='ocrx_word' id='word_1_814' title='bbox 1640 2806 1797 2840; x_wconf 86' lang='lat' dir='ltr'>secundus</span> <span class='ocrx_word' id='word_1_815' title='bbox 1816 2803 2012 2853; x_wconf 28' lang='lat' dir='ltr'>‘Alexander</span> <span class='ocrx_word' id='word_1_816' title='bbox 2038 2830 2045 2836; x_wconf 96' lang='lat'>.</span> <span class='ocrx_word' id='word_1_817' title='bbox 2072 2804 2144 2838; x_wconf 82' lang='lat' dir='ltr'>Ne-</span> 
     </span>
    </p>

    <p class='ocr_par' dir='ltr' id='par_1_27' title="bbox 1270 2854 2141 2898">
     <span class='ocr_line' id='line_1_123' title="bbox 1270 2854 2141 2898; baseline -0.003 -7"><span class='ocrx_word' id='word_1_818' title='bbox 1270 2859 1334 2892; x_wconf 90' lang='lat' dir='ltr'>scio</span> <span class='ocrx_word' id='word_1_819' title='bbox 1361 2868 1467 2892; x_wconf 82' lang='lat' dir='ltr'>tamen</span> <span class='ocrx_word' id='word_1_820' title='bbox 1482 2881 1491 2897; x_wconf 95' lang='lat'>,</span> <span class='ocrx_word' id='word_1_821' title='bbox 1517 2868 1558 2889; x_wconf 86' lang='lat' dir='ltr'>an</span> <span class='ocrx_word' id='word_1_822' title='bbox 1582 2855 1778 2891; x_wconf 83' lang='lat' dir='ltr'>Clemens&amp;</span> <span class='ocrx_word' id='word_1_823' title='bbox 1793 2855 1977 2895; x_wconf 82' lang='lat' dir='ltr'>Damasus,</span> <span class='ocrx_word' id='word_1_824' title='bbox 2001 2854 2059 2888; x_wconf 86' lang='lat' dir='ltr'>sub</span> <span class='ocrx_word' id='word_1_825' title='bbox 2071 2855 2141 2898; x_wconf 84' lang='lat' dir='ltr'>qui-</span> 
     </span>
    </p>

    <p class='ocr_par' dir='ltr' id='par_1_28' title="bbox 1270 2903 2141 2951">
     <span class='ocr_line' id='line_1_124' title="bbox 1270 2903 2141 2951; baseline -0.005 -9"><span class='ocrx_word' id='word_1_826' title='bbox 1270 2908 1328 2942; x_wconf 86' lang='lat' dir='ltr'>bus</span> <span class='ocrx_word' id='word_1_827' title='bbox 1339 2908 1483 2941; x_wconf 77' lang='lat' dir='ltr'>exulavit</span> <span class='ocrx_word' id='word_1_828' title='bbox 1494 2906 1671 2951; x_wconf 76' lang='lat' dir='ltr'>Gregorius</span> <span class='ocrx_word' id='word_1_829' title='bbox 1684 2929 1695 2945; x_wconf 93' lang='lat'>‚</span> <span class='ocrx_word' id='word_1_830' title='bbox 1718 2905 1778 2938; x_wconf 79' lang='lat' dir='ltr'>{int</span> <span class='ocrx_word' id='word_1_831' title='bbox 1789 2903 2024 2939; x_wconf 88' lang='lat' dir='ltr'>adnumerandi</span> <span class='ocrx_word' id='word_1_832' title='bbox 2037 2903 2141 2950; x_wconf 53' lang='lat' dir='ltr'>„Ad-¹</span> 
     </span>
    </p>

    <p class='ocr_par' dir='ltr' id='par_1_29' title="bbox 1270 2954 2139 2996">
     <span class='ocr_line' id='line_1_125' title="bbox 1270 2954 2139 2996; baseline -0.005 -4"><span class='ocrx_word' id='word_1_833' title='bbox 1270 2958 1430 2992; x_wconf 85' lang='lat' dir='ltr'>numerari</span> <span class='ocrx_word' id='word_1_834' title='bbox 1461 2958 1567 2991; x_wconf 82' lang='lat' dir='ltr'>forsan</span> <span class='ocrx_word' id='word_1_835' title='bbox 1599 2954 1719 2992; x_wconf 81' lang='lat' dir='ltr'>debent</span> <span class='ocrx_word' id='word_1_836' title='bbox 1754 2954 1949 2989; x_wconf 67' lang='lat' dir='ltr'>Benediaus</span> <span class='ocrx_word' id='word_1_837' title='bbox 1985 2955 2139 2996; x_wconf 50' lang='lat' dir='ltr'>ostavun</span> 
     </span>
    </p>

    <p class='ocr_par' dir='ltr' id='par_1_30' title="bbox 1269 3003 2144 3051">
     <span class='ocr_line' id='line_1_126' title="bbox 1269 3003 2144 3051; baseline -0.006 -9"><span class='ocrx_word' id='word_1_838' title='bbox 1269 3021 1305 3042; x_wconf 91' lang='lat' dir='ltr'>ac</span> <span class='ocrx_word' id='word_1_839' title='bbox 1336 3009 1477 3051; x_wconf 81' lang='lat' dir='ltr'>Ioannes</span> <span class='ocrx_word' id='word_1_840' title='bbox 1507 3005 1673 3050; x_wconf 73' lang='lat' dir='ltr'>vigesimus</span> <span class='ocrx_word' id='word_1_841' title='bbox 1694 3028 1701 3036; x_wconf 91' lang='lat'><strong><em>.</em></strong></span> <span class='ocrx_word' id='word_1_842' title='bbox 1729 3004 1814 3049; x_wconf 86' lang='lat' dir='ltr'>Qis</span> <span class='ocrx_word' id='word_1_843' title='bbox 1846 3004 1939 3042; x_wconf 85' lang='lat' dir='ltr'>illum</span> <span class='ocrx_word' id='word_1_844' title='bbox 1959 3003 2060 3039; x_wconf 87' lang='lat' dir='ltr'>Clero</span> <span class='ocrx_word' id='word_1_845' title='bbox 2087 3003 2144 3051; x_wconf 72' lang='lat' dir='ltr'>ad-</span> 
     </span>
    </p>

    <p class='ocr_par' dir='ltr' id='par_1_31' title="bbox 1269 3047 2143 3102">
     <span class='ocr_line' id='line_1_127' title="bbox 1269 3047 2143 3102; baseline -0.005 -11"><span class='ocrx_word' id='word_1_846' title='bbox 1269 3057 1443 3102; x_wconf 86' lang='lat' dir='ltr'>scripserit,</span> <span class='ocrx_word' id='word_1_847' title='bbox 1472 3057 1655 3100; x_wconf 86' lang='lat' dir='ltr'>ignoratur.</span> <span class='ocrx_word' id='word_1_848' title='bbox 1682 3054 1716 3088; x_wconf 84' lang='lat' dir='ltr'>Si</span> <span class='ocrx_word' id='word_1_849' title='bbox 1738 3054 1904 3091; x_wconf 82' lang='lat' dir='ltr'>Cardinali</span> <span class='ocrx_word' id='word_1_850' title='bbox 1928 3053 2083 3089; x_wconf 87' lang='lat' dir='ltr'>Bennoni</span> <span class='ocrx_word' id='word_1_851' title='bbox 2104 3047 2143 3091; x_wconf 61' lang='lat' dir='ltr'>fit*</span> 
     </span>
    </p>

    <p class='ocr_par' dir='ltr' id='par_1_32' title="bbox 1270 3102 2143 3148">
     <span class='ocr_line' id='line_1_128' title="bbox 1270 3102 2143 3148; baseline -0.008 -6"><span class='ocrx_word' id='word_1_852' title='bbox 1270 3109 1333 3142; x_wconf 90' lang='lat' dir='ltr'>ulla</span> <span class='ocrx_word' id='word_1_853' title='bbox 1346 3106 1424 3141; x_wconf 89' lang='lat' dir='ltr'>fides</span> <span class='ocrx_word' id='word_1_854' title='bbox 1440 3131 1450 3145; x_wconf 89' lang='lat'>‚</span> <span class='ocrx_word' id='word_1_855' title='bbox 1475 3106 1576 3148; x_wconf 88' lang='lat' dir='ltr'>ipsum</span> <span class='ocrx_word' id='word_1_856' title='bbox 1590 3116 1632 3137; x_wconf 85' lang='lat' dir='ltr'>ex</span> <span class='ocrx_word' id='word_1_857' title='bbox 1644 3102 1848 3138; x_wconf 80' lang='lat' dir='ltr'>Monasterio</span> <span class='ocrx_word' id='word_1_858' title='bbox 1866 3105 2032 3144; x_wconf 77' lang='lat' dir='ltr'>extraxit,</span> <span class='ocrx_word' id='word_1_859' title='bbox 2058 3114 2095 3137; x_wconf 87' lang='lat' dir='ltr'>ac</span> <span class='ocrx_word' id='word_1_860' title='bbox 2106 3102 2143 3136; x_wconf 79' lang='lat' dir='ltr'>in</span> 
     </span>
    </p>

    <p class='ocr_par' dir='ltr' id='par_1_33' title="bbox 1268 3153 2167 3242">
     <span class='ocr_line' id='line_1_129' title="bbox 1268 3153 2167 3202; baseline -0.007 -10"><span class='ocrx_word' id='word_1_861' title='bbox 1268 3160 1358 3197; x_wconf 83' lang='lat' dir='ltr'>suam</span> <span class='ocrx_word' id='word_1_862' title='bbox 1369 3156 1527 3192; x_wconf 86' lang='lat' dir='ltr'>familiam</span> <span class='ocrx_word' id='word_1_863' title='bbox 1540 3154 1650 3189; x_wconf 88' lang='lat' dir='ltr'>retulit</span> <span class='ocrx_word' id='word_1_864' title='bbox 1663 3153 1846 3194; x_wconf 80' lang='lat' dir='ltr'>Cardinalis</span> <span class='ocrx_word' id='word_1_865' title='bbox 1867 3155 2009 3198; x_wconf 84' lang='lat' dir='ltr'>Joannes</span> <span class='ocrx_word' id='word_1_866' title='bbox 2019 3153 2146 3187; x_wconf 83' lang='lat' dir='ltr'>Gratia·</span> <span class='ocrx_word' id='word_1_867' title='bbox 2164 3193 2167 3202; x_wconf 83' lang='lat'><em>.</em></span> 
     </span>
     <span class='ocr_line' id='line_1_130' title="bbox 1271 3220 1942 3242; baseline -0.006 0"><span class='ocrx_word' id='word_1_868' title='bbox 1271 3220 1332 3242; x_wconf 84' lang='lat' dir='ltr'>nus</span> <span class='ocrx_word' id='word_1_869' title='bbox 1348 3233 1354 3240; x_wconf 91' lang='lat'>.</span> <span class='ocrx_word' id='word_1_870' title='bbox 1421 3224 1437 3236; x_wconf 70' lang='grc'>«-</span> <span class='ocrx_word' id='word_1_871' title='bbox 1935 3223 1942 3226; x_wconf 88' lang='grc'><strong>-</strong></span> 
     </span>
    </p>

    <p class='ocr_par' dir='ltr' id='par_1_34' title="bbox 1268 3254 2150 3399">
     <span class='ocr_line' id='line_1_131' title="bbox 1318 3254 2146 3300; baseline -0.005 -10"><span class='ocrx_word' id='word_1_872' title='bbox 1318 3259 1397 3291; x_wconf 86' lang='lat' dir='ltr'>Hoc</span> <span class='ocrx_word' id='word_1_873' title='bbox 1423 3254 1474 3290; x_wconf 68' lang='lat' dir='ltr'>&#39;est</span> <span class='ocrx_word' id='word_1_874' title='bbox 1507 3254 1679 3298; x_wconf 84' lang='lat' dir='ltr'>antiquum</span> <span class='ocrx_word' id='word_1_875' title='bbox 1709 3255 1917 3300; x_wconf 82' lang='lat' dir='ltr'>privilegium</span> <span class='ocrx_word' id='word_1_876' title='bbox 1935 3277 1946 3294; x_wconf 86' lang='lat'><em>‚</em></span> <span class='ocrx_word' id='word_1_877' title='bbox 1974 3261 2043 3286; x_wconf 88' lang='lat' dir='ltr'>non</span> <span class='ocrx_word' id='word_1_878' title='bbox 2074 3256 2146 3289; x_wconf 68' lang='lat' dir='ltr'>tari·</span> 
     </span>
     <span class='ocr_line' id='line_1_132' title="bbox 1268 3302 2150 3351; baseline -0.007 -11"><span class='ocrx_word' id='word_1_879' title='bbox 1268 3307 1336 3351; x_wconf 78' lang='lat' dir='ltr'>turn</span> <span class='ocrx_word' id='word_1_880' title='bbox 1363 3307 1619 3350; x_wconf 69' lang='lat' dir='ltr'>Episcoporum,</span> <span class='ocrx_word' id='word_1_881' title='bbox 1647 3303 1699 3338; x_wconf 88' lang='lat' dir='ltr'>sed</span> <span class='ocrx_word' id='word_1_882' title='bbox 1719 3306 1817 3338; x_wconf 86' lang='lat' dir='ltr'>etiam</span> <span class='ocrx_word' id='word_1_883' title='bbox 1829 3302 2150 3345; x_wconf 76' lang='lat' dir='ltr'>RomanorumCar-</span> 
     </span>
     <span class='ocr_line' id='line_1_133' title="bbox 1268 3351 2148 3399; baseline -0.009 -9"><span class='ocrx_word' id='word_1_884' title='bbox 1268 3356 1429 3399; x_wconf 76' lang='lat' dir='ltr'>dinalium</span> <span class='ocrx_word' id='word_1_885' title='bbox 1452 3382 1459 3395; x_wconf 75' lang='grc'>,.</span> <span class='ocrx_word' id='word_1_886' title='bbox 1486 3354 1621 3390; x_wconf 85' lang='lat' dir='ltr'>Etenim</span> <span class='ocrx_word' id='word_1_887' title='bbox 1650 3353 1737 3397; x_wconf 66' lang='lat' dir='ltr'>quod</span> <span class='ocrx_word' id='word_1_888' title='bbox 1770 3353 1916 3398; x_wconf 88' lang='lat' dir='ltr'>Magnus</span> <span class='ocrx_word' id='word_1_889' title='bbox 1946 3351 2148 3396; x_wconf 72' lang='lat' dir='ltr'>Gregorius,</span> 
     </span>
    </p>

    <p class='ocr_par' dir='ltr' id='par_1_35' title="bbox 2012 3402 2103 3436">
     <span class='ocr_line' id='line_1_134' title="bbox 2012 3402 2103 3436; baseline -0.022 0"><span class='ocrx_word' id='word_1_890' title='bbox 2012 3402 2103 3436; x_wconf 90' lang='lat' dir='ltr'>Con-</span> 
     </span>
    </p>
   </div>
  </div>
 </body>
</html>
