2372 3756
349 104 447 147 232

365 234 585 305 Exponitur
620 232 738 302 causa
771 234 949 303 Gregorii
970 232 1086 301 sexti

611 304 802 371 Pontficis
813 342 827 354 .

370 424 520 462 Audatus
533 424 568 460 in
581 426 727 469 praesenti
749 427 895 460 Decreto
917 422 1101 468 Gregorius
1121 424 1165 457 est

394 479 573 522 Gregorius
584 477 715 515 sextus,
742 477 798 519 qui
823 474 1042 508 schismaticis
1064 473 1098 507 δε
1121 472 1169 505 Si-

283 529 446 565 moniacis
460 526 679 563 Pontificibus
692 525 871 559 BenediCto
887 536 979 559 nono
1001 535 1039 558 ac
1057 522 1170 566 Sylve-

283 580 349 614 stro
376 579 472 613 tertio
497 576 641 612 successit
664 599 674 615 ,
711 576 746 610 &
766 586 865 620 quem
886 581 1087 620 congregata
1115 583 1168 616 per

283 630 470 664 Henricum
483 629 615 662 tertium
629 626 860 668 Imperatorem
872 625 1003 659 sutrina
1015 622 1169 666 Synodus

283 681 423 724 dejecit,
450 675 604 713 autcert&
614 676 725 720 coegit
736 676 850 711 cedere
868 675 917 709 uti
941 674 1040 709 eriam
1063 673 1170 707 Simo·

283 732 435 766 niacum.
469 726 580 763 Antea
603 726 784 760 vocabatur
807 727 949 770 Joannes
970 724 1170 764 Gratianus,

283 781 445 815 Romanae
465 777 614 813 Ecclefiae
638 776 825 811 Cardinalis
846 800 858 816 ,
896 773 1172 818 Archipresbyter

283 830 426 865 Bafilicae
447 829 555 865 Sansti
580 827 715 870 Ioannis
735 837 812 861 ante
838 836 967 870 portam
996 825 1169 860 Latinam.

285 883 331 916 Et
345 882 450 925 ipsum
465 905 476 921 ‚
501 880 535 912 &
558 876 854 920 Theophylaerum
875 876 929 910 seu
954 875 1170 911 Benedistum

283 943 437 972 nonum,
464 927 723 964 &Laurentium
736 925 1012 970 Amalphitanum
1035 923 1172 961 Archie-

284 982 457 1026 piscopurn
472 977 658 1013 Cardinalis
672 976 791 1011 Benno
814 977 954 1012 a'ffir-mat
974 978 1068 1012 fi1iffe
1091 978 1171 1011 Ger·

283 1030 367 1067 berti
380 1056 390 1072 ,
419 1032 470 1064 seu
485 1026 640 1071 sylvestri
655 1028 789 1062 secundi
801 1027 836 1063 in
849 1029 977 1073 magica
988 1036 1056 1062 arte
1075 1027 1171 1062 disci-

285 1082 401 1127 pu105‚
427 1080 609 1115 &cunctos
620 1088 682 1112 tres
693 1078 752 1113 ista
778 1077 829 1113 via
851 1080 975 1122 semper
997 1078 1168 1122 adspirasse

283 1131 327 1167 ad
351 1132 514 1175 Papatum
538 1154 544 1161 .
583 1128 710 1162 Eadem
734 1128 786 1163 via
809 1128 948 1164 blaterat
971 1129 1167 1164 Gerbertum

284 1182 466 1228 pervenisse
477 1179 624 1215 adistam
646 1179 873 1222 Majestatem.
901 1179 1169 1214 Mendaciffimas

255 1243 259 1248 ‘
286 1232 443 1268 maledici
470 1228 616 1266 hominis
643 1230 826 1264 calumnias
860 1226 970 1264 statim
998 1230 1169 1264 audiemus

285 1284 387 1319 everti
399 1284 415 1317 a
427 1282 621 1328 gravissimis
630 1279 848 1324 scriptoribus
860 1304 867 1311 .
894 1277 1169 1324 Theophylat‘ltus

287 1334 421 1369 duobus
432 1332 575 1378 patruis,
603 1331 784 1365 Benedi&o
795 1330 955 1365 ostavo&
981 1330 1103 1373 Joanni
1126 1331 1170 1364 vi·

287 1386 414 1431 gesimo
439 1384 630 1419 successerat
653 1391 790 1415 vocatus
816 1379 1013 1414 Benedictus
1041 1392 1167 1414 nonus.

288 1435 477 1471 Audiamus
488 1445 555 1468 rem
567 1433 584 1466 a
596 1431 769 1466 Desiderio
782 1429 960 1464 Caffinensi
976 1429 1107 1465 Abbate
1133 1432 1167 1464 in
1197 1429 1198 1432 ’

286 1487 388 1520 tertio
400 1483 484 1518 libro
496 1483 722 1526 Dialogorum
734 1505 742 1513 .
770 1479 948 1514 Destruckae
958 1481 1043 1524 apud
1068 1480 1168 1515 ltalos

287 1534 549 1570 Christianitatis
571 1556 582 1572 ,
619 1530 885 1566 sacerdotalium
911 1530 1169 1576 conjugiorum,

285 1587 321 1620 &
344 1586 508 1630 popularis
533 1583 569 1616 in
590 1580 751 1616 faciendis
771 1579 1009 1622 electionibus,
1033 1582 1068 1616 ἀ
1094 1580 1172 1626 Epi-

287 1637 426 1680 scopalis
438 1646 536 1680 atque
546 1631 717 1668 Clericalis
729 1633 762 1665 in
776 1630 894 1666 dandis
913 1632 1169 1668 consecrationi-

287 1688 347 1722 bus
372 1687 528 1720 Simoniae
545 1710 556 1726 ‚
584 1683 792 1726 aliorumque
817 1681 1052 1716 cohaerentium
1073 1681 1171 1716 vitio-

285 1748 360 1771 rum
387 1737 553 1782 originem
576 1733 739 1777 exponit,
765 1730 828 1771 hac
849 1732 902 1766 via
925 1730 1169 1767 adolescentem

284 1785 583 1831 Theophylaetum
604 1808 615 1824 ,
652 1781 803 1816 Alberici
842 1782 1001 1817 Consulis
1041 1782 1170 1822 filium,

279 1837 430 1873 ostendit
450 1837 544 1871 fuisse
563 1832 766 1878 Apostolicae
787 1832 1033 1868 Sediintrusum
1046 1858 1056 1874 ,
1083 1843 1172 1867 com-

283 1889 410 1933 pendio
433 1889 529 1922 refert
551 1883 787 1928 ejusjuvenilia
800 1883 939 1918 crimina
957 1906 969 1923 ,
994 1884 1171 1929 &pergite

282 1942 421 1982 Denique
442 1950 507 1972 cum
527 1941 676 1978 rapinas,
702 1936 799 1968 caedes
811 1957 823 1974 ‚
848 1936 967 1977 aliaque
991 1933 1127 1976 nefanda
1137 1939 1170 1967 in

284 1995 457 2024 Romanum
466 1987 607 2030 populum
625 1986 788 2027 aliquanta
805 1992 862 2027 per
883 1993 1017 2027 tempora
1030 1983 1094 2026 fine
1110 1984 1173 2018 ulla

285 2042 432 2075 dilatione
443 2035 673 2080 Theopbylaeius
699 2044 817 2079 ageret,
840 2041 1008 2079 congregati
1027 2041 1061 2067 in
1081 2046 1174 2068 unum

265 2104 268 2110 s
279 2092 388 2135 populi
411 2114 422 2131 ,
447 2094 519 2131 quia
544 2089 608 2128 ejus
632 2091 798 2127 nequitiam
818 2085 948 2126 amplius
964 2084 1050 2126 serre
1074 2091 1174 2128 nequi-

287 2142 385 2178 bant,
414 2151 481 2173 eum
506 2139 526 2169 ἃ
555 2135 753 2177 Pontificum:
775 2134 936 2168 Catbedra
958 2133 1175 2174 exturbantes,

285 2190 359 2224 urbe
367 2190 484 2231 pellunt
496 2213 506 2227 ,
533 2187 717 2226 alterumque
737 2189 770 2217 in
791 2185 884 2218 locum
905 2187 971 2226 ejrcs
983 2209 994 2225 ,
1013 2187 1172 2229 Joannem

289 2234 626 2279 videlicetsabinensem
639 2233 819 2277 Episcopum
831 2259 843 2275 ,
869 2246 927 2268 non
947 2243 1049 2268 tamen
1072 2247 1170 2269 vacua

288 2303 383 2325 manu
407 2315 418 2331 ,
445 2292 597 2322 Canonica
619 2286 877 2327 parvipendentes
905 2288 1035 2318 Decreta
1058 2309 1069 2325 ,
1098 2284 1172 2331 sub,-

282 2342 433 2384 fiituunt.
462 2341 526 2382 ,Qui
536 2336 631 2369 tribus
643 2346 700 2367 non
711 2335 839 2376 amplius
863 2334 1004 2374 menstbus
1022 2338 1168 2370 Romanae

289 2389 361 2435 usus
372 2388 409 2431 est
423 2388 585 2423 Cathedrae
592 2384 753 2428 succefflone
762 2408 773 2425 ‚
801 2385 962 2418 Benedic‘i'o
971 2387 1101 2429 undique
1107 2386 1173 2429 suis

290 2453 356 2476 cum
362 2444 539 2484 propinquis
552 2435 714 2478 infestante
737 2434 857 2473 urbem,
882 2441 956 2477 quia
983 2447 1021 2469 ex
1041 2434 1172 2479 Consuli-

291 2492 349 2526 bus
360 2502 447 2525 terrae
460 2499 542 2522 ortus
554 2495 637 2527 erat,
666 2485 700 2518 (τ
710 2490 743 2519 in
752 2489 797 2518 eis
804 2490 942 2517 maxima
955 2490 1055 2518 virtus
1066 2510 1078 2526 ‚
1103 2486 1174 2519 urbe
1203 2519 1206 2521 ,

290 2554 359 2578 eum
373 2542 510 2574 dedecore
526 2535 652 2580 pulsus,
673 2534 761 2579 ficum
781 2536 826 2567 ad
847 2533 1056 2578 Episcopatum
1079 2546 1176 2570 rever-

289 2592 346 2638 sus
356 2592 395 2633 est
408 2615 416 2623 .
443 2588 623 2622 Benedic‘lus
635 2590 725 2630 igitur
735 2586 815 2627 quod
822 2584 962 2628 amiserat
973 2588 1176 2622 sacerdotium

295 2647 405 2684 recepit
415 2666 426 2681 ‚
441 2639 578 2683 pristinos
590 2638 662 2670 vero
671 2646 764 2669 mores
776 2638 897 2669 minIme
908 2641 1042 2670 mutavit
1051 2662 1059 2669 .
1086 2641 1178 2670 Cum-

297 2705 354 2736 que
361 2691 394 2734 se
403 2693 423 2723 ἃ
434 2687 615 2731 Clerofimul
623 2689 657 2721 ὦ·
663 2688 772 2729 populo
788 2694 910 2727 propter
933 2692 1084 2730 nequitias
1104 2685 1177 2730 suas

298 2747 443 2777 contemni
467 2738 640 2782 conspiceret
664 2761 674 2776 ‚
713 2739 747 2770 Θ
762 2735 883 2779 suorum
898 2737 1071 2779 facinorum
1086 2737 1178 2780 fama

299 2798 430 2827 omnium
451 2801 537 2822 aures
564 2790 682 2829 impleri
707 2797 839 2821 cerneret
861 2811 872 2826 ,
907 2789 1034 2821 tandem
1058 2789 1178 2821 cuidam

296 2846 421 2890 Joamti
446 2838 692 2880 Archipresbytero
703 2862 714 2877 ,
739 2844 790 2880 qui
803 2847 873 2871 tunc
884 2843 917 2871 in
938 2838 1009 2872 urbe
1029 2836 1179 2883 religIofiitr

304 2897 417 2927 caetert's
437 2891 560 2923 clericis
580 2887 740 2922 videbatur
762 2911 773 2927 ,
810 2899 867 2920 non
884 2896 990 2930 parva
1015 2889 1054 2922 ab
1080 2900 1111 2923 eo
1136 2899 1180 2922 ac-

659 89 700 135 S.
738 86 1050 135 Gnneonn
1087 103 1322 135 sepum
1360 90 1730 142 P0Nr11=1c1s

1230 170 1401 214 scoparum,
1428 184 1538 206 necnon
1552 174 1720 216 Abbasium,
1747 176 1925 214 clericorum
1946 192 2060 226 quoque
2079 184 2116 218 ιε’

1234 220 1442 264 Religt‘ofisrum
1463 224 1672 258 Monacborum
1692 231 1724 257 in
1747 229 1871 261 sutrina
1889 231 1962 266 urbe
1983 236 2116 268 Concilio

1232 281 1404 315 congregato
1418 296 1428 311 ‚
1448 274 1479 316 J
1482 285 1606 307 oannem
1627 299 1639 315 ,
1673 280 1725 318 qui
1753 279 1911 321 Gregorius
1922 281 2027 317 «ἄθεα
2051 284 2113 327 est,

1234 322 1318 361 rm'ffis
1330 323 1375 354 ad
1383 334 1449 356 eum
1460 323 1615 367 Episcopis
1624 348 1635 364 ,
1661 335 1695 358 ut
1706 327 1742 358 de
1752 327 1955 371 Ecciefiasticie
1966 340 2089 376 negotiis
2101 357 2112 374 ,

1234 371 1421 414 maximeque
1442 375 1479 407 de
1499 378 1637 408 Romana
1663 376 1790 418 Ecclesia
1803 403 1816 420 ,
1854 390 1922 423 quae
1948 389 2013 415 tres
2026 386 2115 424 firm!

1234 431 1303 455 tunc
1323 423 1478 466 Pontifices
1500 424 1608 463 babere
1629 426 1793 461 videbatur
1809 454 1821 471 ‚
1848 428 1911 473 ipsit
1936 430 2115 473 Praefidente

1234 472 1416 507 trac‘iaretur
1429 499 1439 516 ,
1464 482 1570 509 venire
1590 485 1728 520 rogavit.
1755 480 1813 512 sed
1836 479 1901 514 bae'c
1923 482 1960 515 de
1969 482 2115 523 industria

1235 522 1418 566 agebantur.
1440 529 1473 570 J
1474 539 1524 559 am
1545 533 1624 561 enim
1632 528 1749 561 dudum
1769 533 1861 575 Regio
1879 537 1981 565 animo
2001 531 2116 576 insede·

1235 582 1305 613 rat,
1334 583 1368 607 ut
1379 582 1441 609 tres
1453 577 1518 609 illos
1531 601 1541 616 ,
1565 579 1735 620 quiinjuste
1747 581 1932 622 apostolicam
1953 584 2058 617 sedem
2069 589 2116 617 in-

1236 621 1379 666 vaserant
1395 649 1407 666 ,
1431 637 1495 660 cum
1502 630 1630 661 Concilio
1641 631 1676 664 (a
1686 630 1872 665 authoritate
1882 638 1973 666 totius
1986 634 2116 668 concilii

1228 673 1306 715 ‚iuste
1320 677 1497 718 depelleret,
1523 679 1639 714 &unus
1652 704 1662 720 ‚
1687 682 1837 724 quijuxta
1854 680 2028 725 sanderum
2047 686 2115 717 sta-

1234 731 1299 757 tuta
1312 728 1439 760 Parrum
1448 729 1689 775 Dominicogregi
1700 729 1825 774 Jblliciee*
1842 736 1979 776 praeeffet
1990 757 2002 774 ‚
2026 735 2114 768 clero

1230 776 1268 808 Θ
1277 778 1383 819 populo
1392 779 1515 822 eligente
1525 804 1536 820 ‚
1560 779 1732 824 caterisque
1744 783 1935 825 Pontificibus
1946 808 1957 824 ,
1981 783 2114 826 praefice-

1235 833 1333 860 retur.
1358 829 1509 870 Sutrium,
1535 829 1585 863 ubi
1597 833 1729 869 synodus
1749 842 1925 878 congregata
1948 842 2034 875 erat,
2060 835 2113 868 ille

1235 875 1358 910 allectus
1374 877 1451 921 spe,
1477 881 1562 923 quod
1582 883 1651 915 aliis
1673 882 1786 917 duobus
1809 883 1960 926 depofitis,
1982 883 2039 926 fibi
2054 882 2113 928 soll

1236 927 1428 970 Pontificatus
1438 931 1680 972 confirmaretur,
1703 942 1865 978 gratanter
1870 940 2024 976 perrexit.
2051 936 2114 969 sed

1230 976 1383 1020 postquam
1393 983 1425 1014 eo
1438 990 1561 1014 ventum
1571 981 1632 1022 est,
1655 985 1690 1018 o·
1716 996 1762 1018 res
1782 990 1895 1030 agitari
1909 996 1944 1018 ac
1962 983 2068 1028 discuti
2089 987 2113 1018 ἃ

1233 1029 1342 1065 synodo
1350 1039 1447 1073 coepta
1457 1028 1498 1069 est
1507 1053 1518 1070 ,
1540 1031 1694 1075 agnoscens
1704 1032 1738 1076 se
1748 1046 1805 1068 non
1811 1034 1967 1079 paffejuste
1977 1035 2112 1069 bonorem

1232 1084 1314 1111 tanti
1338 1081 1503 1114 sacerdotii
1527 1081 1738 1121 administrare
1751 1108 1763 1124 ‚
1788 1096 1828 1118 ex
1850 1086 2020 1128 Pontificali
2035 1083 2111 1128 sella

1230 1129 1357 1164 exiliens
1379 1155 1390 1172 ,
1416 1132 1461 1165 ὑ
1490 1129 1677 1176 semetipsum
1712 1133 1902 1177 Pontificalia
1934 1137 2111 1169 indumenta

1230 1189 1342 1215 exuens
1354 1205 1365 1221 ‚
1387 1180 1536 1223 postulata
1547 1189 1641 1216 venia
1652 1208 1663 1224 ,
1683 1181 1794 1227 summi
1803 1185 1966 1229 sacerdotii
1977 1187 2112 1229 dignita-

1229 1236 1287 1262 tem
1313 1230 1445 1277 deposuit
1467 1257 1475 1264 .
1502 1232 1547 1266 Et
1573 1233 1619 1267 ita
1645 1235 1842 1280 vaigderus
1864 1235 2112 1280 Bambergensis

1232 1279 1414 1325 Episcopus
1427 1281 1490 1316 fuit
1502 1281 1622 1318 electus
1643 1284 1678 1317 in
1702 1285 1824 1329 Papam
1838 1309 1853 1326 ,
1875 1286 1910 1320 dt
1929 1286 2112 1329 appellatus

1232 1329 1387 1365 Clemens
1400 1330 1439 1364 11.
1453 1330 1630 1367 Rationem
1643 1333 1700 1368 dat
1710 1334 1796 1368 idem
1807 1334 1993 1369 Defiderius
2004 1347 2012 1368 ε
2024 1337 2112 1379 ,Quia

1231 1386 1263 1412 in
1271 1383 1407 1414 Romana
1417 1379 1542 1423 Ecclefia
1552 1393 1609 1416 non
1628 1392 1695 1417 erat
1706 1391 1774 1421 tunc
1784 1385 1857 1418 talis
1874 1393 1996 1426 reperta
2013 1383 2114 1428 perso-

1230 1442 1271 1463 na
1281 1453 1291 1470 ‚
1316 1442 1384 1474 quae
1395 1431 1579 1476 dignepoffet
1587 1434 1635 1466 ad
1642 1440 1721 1467 tanti
1730 1432 1867 1479 bonorem
1872 1432 2002 1478 sufficere
2011 1435 2114 1468 Sacer-

1197 1514 1200 1521 !
1231 1482 1323 1514 dotis.
1351 1482 1404 1515 Ex
1414 1481 1477 1517 hac
1487 1484 1578 1517 enim
1592 1483 1659 1518 sola
1681 1486 1778 1519 causa
1799 1484 1956 1519 Canones
1976 1485 2114 1529 permit-

1231 1541 1307 1565 tunt
1321 1531 1523 1577 Episcopum
1543 1533 1623 1579 eligi
1646 1544 1686 1568 ex
1706 1535 1814 1570 aliena
1835 1534 1977 1569 Ecclesia
1993 1559 2000 1567 .
2026 1535 2111 1569 Haec

1230 1581 1344 1616 omnia
1355 1582 1462 1617 firmat
1474 1593 1572 1627 atque
1583 1583 1722 1620 illustrat
1732 1585 1768 1619 in
1781 1585 1978 1620 Caffinenfis
1989 1584 2112 1620 Mona-

1231 1632 1317 1666 sterii
1329 1632 1500 1668 Chronico
1511 1633 1582 1668 Leo
1592 1633 1778 1669 Hostienlis
1789 1635 1992 1680 Episcopus:
2020 1634 2114 1678 Apud

1230 1685 1356 1715 Romam
1370 1685 1459 1725 Papa
1469 1683 1650 1718 Benedraus
1661 1708 1672 1725 ‚
1697 1693 1823 1728 cumper
1843 1686 1996 1720 duodecim
2014 1686 2111 1719 annos

1231 1735 1396 1766 Romanam
1404 1732 1593 1768 cathedram
1598 1733 1735 1777 sedisset,
1761 1738 1782 1768 ἃ
1803 1739 1949 1769 Romanis
1971 1733 2111 1779 expulsus
2129 1717 2193 1750 Lib·
2211 1729 2239 1750 ²·
2256 1726 2289 1751 α

1229 1781 1267 1823 est
1276 1807 1288 1824 ‚
1313 1784 1349 1817 θ
1351 1786 1384 1828 J
1385 1794 1494 1818 oannes
1506 1783 1671 1824 Sabmenfis
1683 1784 1848 1828 Epiftopus
1858 1809 1870 1826 ‚
1887 1790 1932 1819 cui
1939 1783 2062 1827 pofitum
2072 1783 2112 1819 eil
2129 1768 2177 1797 ⁷⁹⁸

1232 1843 1336 1867 nomen
1347 1833 1485 1874 sylvester
1495 1838 1551 1870 111.
1564 1845 1622 1868 non
1634 1844 1737 1869 tamen
1740 1840 1843 1880 gratis
1854 1859 1867 1876 ,
1892 1840 1926 1868 in
1946 1837 2112 1869 Romanum

1233 1884 1440 1927 Pontificatum
1457 1883 1654 1928 subrogatus.
1680 1887 1748 1928 ,Qui
1769 1897 1837 1920 cum
1855 1889 1950 1919 trium
1970 1885 2012 1920 ibi
2030 1895 2114 1919 men·

1225 1932 1301 1976 fium
1321 1932 1423 1977 spatio
1439 1933 1627 1977 prefuisset,
1649 1933 1793 1978 expulsus
1815 1934 2018 1976 macelinus,
2038 1932 2112 1978 pro-

1227 1989 1354 2026 pinquis
1358 1982 1424 2026 suis
1435 1982 1608 2027 Tusculanis
1623 1985 1792 2019 Prot-eribus
1804 1983 2010 2018 adnitentibus
2022 2008 2033 2025 ,
2053 1984 2112 2023 51!-

1232 2033 1326 2074 vestro
1336 2031 1445 2076 repulso
1455 2057 1467 2074 ,
1492 2037 1662 2068 Romanam
1680 2036 1783 2069 Sedem
1803 2034 1912 2069 iterum
1933 2040 2109 2077 occupavit.

1231 2088 1298 2117 Nec
1307 2085 1401 2116 multo
1409 2082 1471 2125 post
1492 2082 1628 2127 invisum
1646 2082 1680 2127 se
1699 2084 1813 2118 tundis
1835 2082 2027 2128 adspiciens,
2051 2089 2112 2118 cui-

1227 2135 1304 2167 dam
1317 2132 1574 2176 archipresbytero
1583 2158 1596 2175 ,
1615 2132 1743 2179 Joanm'
1749 2140 1866 2169 nomine
1877 2159 1889 2176 ,
1914 2139 1966 2178 qui
1975 2133 2113 2177 quafire-

1229 2182 1349 2228 ligiofior
1359 2182 1528 2218 habebatur
1539 2208 1552 2224 ,
1577 2186 1732 2226 Papatum
1758 2185 1889 2219 tradidit
1901 2209 1912 2226 ,
1938 2183 2001 2228 ipse
2017 2183 2112 2218 libere

1230 2237 1369 2276 deinceps
1380 2234 1559 2276 cupiditates
1575 2233 1652 2278 ficas
1674 2239 1874 2275 exerciturus,
1902 2240 1935 2267 in
1950 2242 2112 2275 paternam

1231 2286 1351 2317 domum
1361 2285 1466 2325 receffit
1478 2309 1484 2316 .
1496 2288 1527 2329 J
1532 2295 1582 2316 am
1593 2283 1706 2317 duobus
1716 2290 1807 2318 annis
1827 2286 1863 2318 &
1885 2282 2029 2326 menfibus
2050 2283 2112 2316 03·

1215 2334 1396 2377 ,praedifft'us
1409 2333 1645 2376 archipresbyter
1655 2358 1666 2375 ,
1690 2338 1736 2368 cui
1745 2337 1879 2378 Gregorii
1889 2344 1994 2368 nomen
2003 2339 2037 2367 in
2051 2335 2114 2367 Pa-

1215 2379 1220 2398 ¹
1230 2391 1308 2427 patu
1321 2383 1360 2424 est
1371 2384 1499 2417 inditum
1510 2408 1521 2424 ‚
1549 2382 1715 2426 apostolica·
1725 2385 1796 2418 Sedi
1814 2381 1999 2427 praesederat
2011 2409 2023 2425 ,
2047 2393 2114 2417 cum

1236 2439 1382 2470 Hearicus
1393 2438 1576 2476 Imperator,
1599 2435 1753 2468 conrardi
1759 2434 1844 2476 filius
1855 2459 1867 2475 ,
1889 2441 1934 2466 tot
1956 2434 1994 2467 de
2007 2437 2114 2466 Roma-

1236 2494 1278 2517 na
1290 2485 1323 2518 Θ·
1335 2482 1490 2526 Apostolm
1502 2485 1574 2518 sede
1585 2483 1727 2526 nefandis
1740 2485 1855 2518 auditis
1865 2509 1876 2526 ‚
1899 2483 2014 2517 coelitus
2024 2482 2116 2528 inspi-

1234 2541 1319 2567 ratus
1332 2557 1343 2573 ,
1367 2546 1447 2568 anno
1460 2538 1580 2568 Domini
1590 2532 1735 2576 millefimo
1746 2532 1965 2579 quadragesimo
1969 2532 2115 2577 septimo,

1236 2585 1358 2618 ltaliam
1368 2586 1538 2630 ingrediens
1548 2589 1675 2619 Romam
1687 2582 1850 2618 accederet.
1878 2583 1986 2618 Addit
1995 2594 2035 2616 ex
2046 2583 2115 2626 ejus

1238 2635 1395 2671 mandato
1415 2635 1604 2671 convenisIe
1626 2635 1791 2670 Sutrinarn
1814 2633 2009 2678 Synodmn,
2035 2633 2117 2667 Gre-

1236 2686 1367 2729 gotium
1379 2697 1533 2722 vocaturn
1546 2685 1680 2721 adfuisse
1690 2710 1702 2727 ,
1727 2684 1908 2730 deposuisse
1919 2683 2053 2727 Papalia
2063 2693 2118 2716 or-

1236 2746 1412 2779 namenta,
1438 2737 1533 2772 flexis
1542 2737 1682 2781 genibus
1691 2735 1815 2780 rogasse
1836 2733 1964 2769 veniam
1977 2758 1988 2774 ,
2014 2733 2048 2767 ὅ(
2070 2732 2116 2767 di-

1237 2785 1372 2830 gnitatis
1382 2787 1506 2828 throno
1526 2788 1703 2822 exceffisse.
1730 2784 1870 2819 Henrici
1892 2785 1928 2818 in
1954 2783 2112 2826 Apuliam

1236 2837 1270 2871 δε
1290 2837 1368 2871 alias
1390 2837 1436 2872 ibi
1458 2838 1652 2872 Provincias
1672 2835 1916 2881 expeditionem
1938 2834 2054 2872 refert,
2080 2833 2115 2866 &

1238 2887 1407 2922 concludit
1421 2901 1434 2921 s
1458 2889 1675 2923 Ultra-Montes
1685 2887 1792 2922 exinde
1800 2885 1840 2926 est
1852 2882 1988 2927 rever-fias
1999 2908 2012 2925 ,
2038 2886 2113 2916 Gre-

306 2951 393 2984 cepta
424 2945 552 2983 pecunia
574 2962 585 2978 ,
615 2936 760 2980 summum
786 2939 986 2977 Sacerdotium
1011 2939 1182 2982 relinquent
1232 2936 1453 2981 goriumsecum
1465 2936 1662 2982 adspectans.

305 2993 460 3031 «radidit,
486 2987 547 3032 ipse
558 2991 629 3022 vero
642 2992 809 3029 inpropriis
821 2986 857 3030 se
879 2989 1016 3029 castellis
1038 2994 1183 3032 recipiens

1290 2987 1442 3030 Ejusdem
1453 2988 1499 3023 rei
1515 2988 1666 3023 meminit
1677 2987 1889 3022 Hermannus
1901 2984 2116 3020 Contractus:

306 3042 380 3078 urbe
392 3043 480 3082 ceffit.
508 3041 626 3072 Interea
647 3039 786 3080 joannes
799 3062 808 3078 ,
835 3044 882 3071 cui
902 3042 1058 3082 Gregorius
1080 3049 1183 3072 nomen
1240 3042 1368 3071 Romani
1387 3037 1581 3072 Benedic‘lum
1607 3040 1748 3080 Papam,
1775 3037 1879 3070 multis
1905 3040 2116 3075 criminatum,

308 3094 436 3126 inditum
450 3089 486 3131 est
498 3115 508 3132 ,
533 3100 596 3123 cum
608 3088 718 3121 duobus
731 3093 822 3120 annis
834 3090 868 3122 (⁶5
889 3089 950 3122 ocio
971 3088 1113 3131 mensibus
1133 3091 1183 3123 Sa·
1237 3087 1309 3131 sede
1327 3087 1385 3132 sua
1401 3090 1537 3132 pellunt,
1562 3090 1597 3122 &⁵
1617 3088 1790 3129 sylvestrum
1816 3094 1937 3121 tertium
1957 3085 2115 3128 quemdam
2135 3093 2169 3123 Α,
2185 3100 2267 3127 ¹044·

310 3144 471 3186 cerdonum
491 3140 718 3182 adminipliraff‘et
731 3162 743 3178 ,
769 3141 908 3171 chricus
934 3143 1019 3178 Rex,
1044 3144 1094 3181 qui
1115 3148 1186 3172 tunc
1241 3146 1274 3171 in
1287 3142 1350 3180 ejus
1361 3138 1614 3180 locumstatuunt,
1640 3150 1727 3181 quem
1750 3148 1850 3173 tamen
1868 3137 1966 3180 postea*
1988 3135 2118 3168 Benedi-

312 3195 507 3231 Germaniae,
534 3192 700 3223 Pannonia:
719 3213 730 3229 ,
758 3190 791 3222 (9
811 3190 910 3221 Italiae
934 3189 1118 3230 imperabat,
1144 3189 1189 3221 ad

310 3239 525 3285 suscipiendam
550 3241 587 3272 de
613 3250 701 3271 manu
723 3242 849 3270 Romani
872 3239 1019 3280 Pontificzs
1048 3244 1187 3277 Imperia-

315 3292 374 3325 lem
386 3293 553 3329 Coronam,
576 3289 725 3330 quatenus
739 3290 873 3328 deinceps
895 3289 1034 3331 Augustus
1058 3289 1188 3330 appella-

317 3339 447 3384 ripoffet
458 3362 467 3377 ,
495 3340 615 3370 Italiam
630 3337 762 3382 ingrcffus
784 3341 949 3370 Romanam
971 3344 1050 3382 adiit
1070 3340 1169 3371 urbem
1182 3365 1189 3372 .

318 3390 379 3426 Sed
386 3396 545 3433 antequam
556 3389 656 3423 urbem
665 3389 867 3434 ingrederetur
876 3413 886 3432 ,
908 3389 1103 3432 plurimorum
1114 3392 1191 3433 Epi-

1245 3189 1308 3222 θυι
1321 3214 1331 3229 ,
1357 3188 1532 3234 quibusdam
1538 3187 1594 3230 fibi
1606 3188 1811 3230 faventibus,
1837 3190 2118 3222 excommunicatum

1246 3240 1356 3281 depulit
1367 3265 1376 3280 ,
1402 3238 1599 3282 Sediquesuae
1610 3241 1746 3273 redditus
1757 3238 1887 3283 seipsum
1893 3236 1990 3280 postea
2009 3239 2118 3277 priva-

1245 3295 1291 3322 vit
1306 3315 1316 3329 ,
1342 3291 1477 3324 &alium
1484 3298 1540 3331 pro
1554 3287 1587 3332 se
1607 3290 1642 3322 ob
1666 3295 1834 3323 avaritiam
1856 3292 1957 3322 contra
1979 3289 2118 3317 Canones

1243 3340 1399 3373 ordinavit
1412 3366 1419 3373 .
1450 3339 1495 3373 Et
1508 3339 1591 3373 infra
1604 3354 1614 3372 :
1643 3345 1792 3375 Henricus
1813 3344 1976 3381 Imperator
1999 3335 2121 3368 Placen-

1245 3395 1320 3423 tiam
1342 3395 1488 3433 veniens,
1513 3393 1716 3434 Gratianum,
1743 3401 1828 3433 quem
1838 3385 1963 3432 expulfis
1971 3384 2122 3431 prioribus

1969 3439 2074 3470 Roma-

2133 2937 2206 2977 Cap.
2222 2939 2270 2968 80·
