2372 3756
172 745 176 748 ,
216 704 339 749 quisque
348 744 350 748 ,
358 711 391 742 in
396 703 451 747 fico
459 705 547 741 calice
557 725 568 742 ,
593 701 644 736 boc
654 701 694 743 est
706 728 716 743 ‚
738 704 863 744 paffione
874 726 885 742 ,
910 702 1033 734 eandem
1044 702 1094 733 dee

48 932 111 964 Lib.
135 944 160 964 1.
178 942 206 964 c.

48 976 96 1011 38.

67 2907 140 2946 Cap.
162 2917 208 2943 24·

204 1397 282 1442 'est‚
301 1402 381 1444 quod
392 1405 536 1439 Dominus
559 1399 649 1441 noster
676 1399 813 1444 JESUS
836 1398 970 1440 chrislus
986 1397 1104 1441 sane‘lts

593 131 869 180 QmNTUM
907 117 1222 168 ROMANUM
1258 115 1641 168 Concurrit«.

207 207 250 241 ris
272 228 284 246 ‚
306 205 339 239 &
363 202 525 239 Diaconis
550 228 560 244 ,
583 204 616 238 δε
638 203 874 242 Subdiaconis,
901 202 1088 244 cunctisque

210 255 348 291 Clericis
367 265 464 297 atque
490 254 600 288 Laicis
625 254 666 291 ad
678 253 881 292 offerendum
894 253 1006 287 vinum
1017 251 1089 285 fuis-

211 307 243 341 se
263 306 352 339 suam
374 304 516 339 amulam
529 328 537 336 .
565 303 639 337 Has
663 315 780 341 omnes
793 303 956 338 offusas&
973 303 1090 339 mixtas

210 355 248 390 in
267 355 403 391 calicem
430 379 441 396 ‚
467 354 558 398 cujus
578 354 666 398 pleni
689 355 723 388 in
743 353 903 398 grandem
931 350 1089 394 scyphum

212 406 322 450 aliqua
348 405 502 440 effufione
537 404 638 439 etiarn
672 403 863 439 testantium
895 400 1090 445 recipiendis

213 456 332 490 amulis
358 454 456 494 fiebat
478 454 572 489 locus
595 480 602 487 .
631 455 805 490 Consonat
827 451 962 494 antiqua
986 451 1090 485 Miffae

212 505 393 555 expositio:
423 506 537 543 Amulae
556 529 568 546 ‚
605 516 671 538 cum
695 501 801 546 quibus
826 501 975 542 offerimus
999 526 1009 541 ‚
1044 512 1093 532 no-

208 555 305 597 stram
326 556 513 591 devotionem
528 553 727 599 fignificantes
747 561 881 594 puram,
906 556 940 584 in
949 551 1036 584 calice
1045 549 1092 593 su-

209 605 408 650 scipiuntur&
419 611 549 640 Dracon·
561 627 573 642 ,
598 607 669 645 quta
679 601 812 642 Christus
819 602 927 643 fac‘lus
945 605 1090 639 Diaconur

215 661 262 690 ait
284 679 295 694 ,
332 660 405 692 Non
431 660 502 693 veni
525 651 684 691 ministrari
698 677 708 693 ‚
734 650 791 695 sed
813 651 979 692 ministrare
994 673 1004 689 ,
1029 653 1092 692 cum

216 761 347 790 varronis
371 753 474 794 nfirae
493 750 618 795 suscipit
640 758 822 793 puritatemr
850 751 896 786 Et
917 752 951 785 in
979 750 1094 785 animae

212 815 348 851 gemma
367 803 542 839 Honorius
563 801 888 846 Augustodunenfis.
915 804 994 833 Unus
1016 804 1096 833 Can-

218 865 266 889 tor·
288 852 430 887 oblatam
447 862 510 884 cum
524 851 660 894 fanone,
687 854 722 885 (5
744 857 852 885 vinum
875 862 940 885 cum
963 851 1096 892 ampulla

219 903 325 948 offert,
344 904 422 936 alter
433 914 544 945 aquam
557 907 628 935 vino
638 899 860 944 admiscendam
865 901 999 943 praebet·
1029 904 1098 932 Am-

210 951 450 997 pullafignifhat
459 952 583 992 nostram
593 954 774 989 devotionem
787 976 797 992 ,
823 962 891 994 quae
916 955 949 984 in
970 946 1098 992 vasculis

218 1003 316 1037 cordis
334 1010 491 1045 portatur.
521 1001 656 1041 Ethinc
670 1000 758 1041 vides
781 1002 860 1045 quid
880 1001 943 1034 sint
964 1000 1076 1034 amulae
1089 1024 1100 1046 2

219 1051 343 1097 quasin
354 1052 585 1086 Romanorum
597 1051 798 1086 Pontificum
819 1051 897 1085 vitis
921 1052 1101 1094 frequenter

219 1101 332 1139 laudat
368 1101 554 1136 Anastafius
583 1101 767 1142 Cardinalis
803 1099 1100 1140 Bibliothecarius,

218 1153 374 1194 totusque
401 1152 482 1186 liber
508 1151 715 1186 pontificalis
735 1175 744 1184 .
782 1150 889 1198 Qod
915 1149 1098 1184 amulamm

220 1203 420 1237 commixtio
442 1214 510 1236 non
525 1202 697 1245 inplures,
725 1199 822 1235 sedin
835 1201 970 1234 unicum
985 1199 1102 1234 debue-

217 1253 263 1288 sit
284 1252 355 1286 fieri
382 1252 517 1287 calicem
540 1275 552 1291 ‚
578 1252 677 1291 docet
698 1250 852 1295 Gregorii
879 1250 1012 1285 secundi
1039 1250 1103 1284 Re-

218 1302 376 1346 scriptum
396 1302 438 1337 ad
460 1302 612 1340 Sanitum
625 1300 824 1344 Apostolum
840 1300 987 1335 nostrum
1001 1299 1103 1332 Boni-

223 1352 364 1387 facium:
392 1357 429 1385 In
450 1352 604 1395 Mlffarum,
620 1349 771 1393 solemniis
793 1351 870 1383 illud
887 1347 1104 1393 observandum

220 1450 286 1495 suis
307 1451 413 1486 tribuit,
432 1450 570 1493 apostolis
581 1473 588 1481 .
616 1454 734 1490 Accepit
745 1459 872 1491 namque
882 1449 1003 1483 calicem
1018 1472 1029 1488 ,
1055 1449 1104 1481 ᾰῐπ

223 1512 316 1535 cens:
342 1504 399 1532 Hic
419 1499 458 1539 est
475 1500 555 1535 calix
577 1503 648 1532 novi
669 1497 831 1538 testamenti
852 1503 885 1531 in
912 1509 974 1532 meo
983 1496 1103 1542 sanguie

224 1561 284 1590 ne,
309 1554 372 1586 Hoc
389 1547 489 1590 facite
510 1547 741 1591 quotiescumque
759 1546 880 1591 sumtus
900 1573 907 1581 .
932 1549 1017 1582 Unde
1037 1559 1102 1589 con·

220 1610 331 1645 gruum
351 1610 409 1631 non
425 1598 465 1638 est
476 1600 552 1632 duos
562 1600 683 1632 veltres
693 1600 809 1631 Caltcer
822 1603 856 1631 in
866 1601 963 1633 Altam·
969 1607 1080 1641 ponere
1096 1622 1107 1638 ,

225 1650 291 1684 cum
317 1650 470 1692 Miffarum
491 1647 634 1691 solemnia
659 1648 844 1682 celebrantur·
865 1673 873 1681 .
910 1648 1107 1688 Amularum

225 1700 317 1735 euim
335 1699 533 1734 commixtio
557 1699 760 1743 repraesentat
784 1698 936 1733 omnium
976 1698 1106 1732 Sanao-

226 1759 302 1786 rum
324 1760 402 1783 cum
414 1747 548 1787 Christo
557 1749 665 1793 capite
677 1749 837 1783 unionem
851 1773 857 1781 .
884 1749 995 1796 Qem
1007 1748 1106 1788 ritum

227 1799 366 1845 viguisse
385 1799 487 1838 etiam
507 1799 592 1843 apud
614 1798 768 1843 (ἐι-εσσε,
795 1798 893 1834 docet
930 1798 1104 1836 Canonica

227 1847 419 1892 Theophili
441 1847 634 1887 Patriarchae
656 1849 875 1883 Alexandrini
900 1848 941 1884 ad
967 1849 1107 1885 Ammo·

226 1910 307 1941 nem
329 1899 611 1942 Lycopolitanum
624 1898 818 1934 Antistitem
831 1898 975 1942 Epistola
992 1912 1000 1933 ε
1029 1902 1110 1944 ,Quae

228 1954 264 1982 in
278 1947 417 1991 sacrificii
427 1954 570 1984 rationem
580 1949 740 1990 offeruntur
751 1975 762 1990 ,
783 1949 847 1993 post
857 1962 893 1984 ea
907 1961 972 1994 quae
987 1956 1019 1984 in
1032 1953 1051 1984 5
1053 1963 1105 1984 an·

229 1999 340 2036 Horum
364 1996 448 2042 usum
471 1998 677 2046 consumuntur
703 2024 713 2039 ‚
746 2000 854 2035 Clerici
878 2002 1044 2042 dividant,
1073 2002 1107 2034 (5

228 2060 286 2089 ,nee
301 2049 536 2084 Catechumenus
557 2062 596 2083 ex
619 2056 661 2084 eis
685 2049 768 2083 bibat
789 2052 842 2084 vel
863 2053 999 2084 comedat
1020 2076 1030 2091 ,
1055 2049 1114 2093 sed

228 2097 324 2141 solum
345 2100 472 2139 Clerici,
496 2102 530 2132 (9¹
547 2105 598 2141 qul
621 2110 685 2131 cum
708 2105 749 2132 eis
770 2099 844 2141 sunt
861 2100 1111 2142 fidelesfratrer.

233 2148 315 2182 Haec
334 2147 445 2183 oblata
466 2150 538 2182 sunt
557 2150 649 2192 panis
666 2149 700 2182 &
719 2149 851 2183 vinum.
877 2150 952 2185 Sola
967 2160 1114 2184 commu-

232 2197 390 2231 nicaturis
425 2199 596 2235 neceffaria
621 2199 655 2231 &
681 2198 795 2235 Latini
820 2190 1055 2236 confeciabant
1081 2200 1113 2240 &

233 2247 363 2286 Graeci,
390 2246 528 2288 ideoque
551 2247 675 2291 reliqua
698 2248 733 2280 in
755 2247 891 2283 clerum
911 2249 1016 2282 dividi
1042 2274 1053 2289 ‚
1078 2249 1112 2281 δι’,

234 2308 304 2332 non
326 2296 408 2331 sumi
429 2297 446 2330 a
469 2292 727 2332 Catechumenis
753 2298 869 2333 merito
891 2298 975 2341 justit
999 2298 1114 2333 Theo-

234 2345 343 2390 philus
356 2370 363 2377 .
393 2346 474 2383 Non
498 2347 554 2380 nifi
566 2347 637 2390 post
649 2347 767 2389 ejectos
780 2348 1045 2383 Catechumenos
1062 2350 1112 2382 fie-

236 2397 294 2431 bat
310 2394 457 2437 oblatio,
484 2396 624 2440 ideoque
649 2396 734 2432 hanc
755 2398 806 2433 illi
828 2397 934 2433 videre
945 2411 1013 2434 non
1026 2409 1114 2443 pote·

235 2455 331 2486 xant,
356 2445 457 2491 longe
478 2447 586 2481 minus
602 2449 725 2483 sumere
738 2473 745 2480 .
776 2449 888 2495 Qam
900 2450 1112 2485 reverentiam

236 2497 361 2539 semper
383 2497 483 2531 etiam
505 2495 590 2540 apud
605 2498 744 2533 Latinos
757 2498 913 2544 viguisse,
938 2511 980 2534 ex
990 2500 1114 2534 Decre-

237 2545 296 2580 tali
316 2546 424 2580 Sansti
445 2545 540 2590 Papae
562 2546 746 2582 Clementis
756 2548 840 2591 apud
852 2550 1007 2585 Isidorum
1026 2549 1115 2584 Mer-

235 2606 383 2632 catorem
404 2596 548 2640 Epistola
578 2596 720 2632 ostendit
743 2598 779 2631 in
789 2599 875 2634 libro
891 2599 1042 2637 adversus
1056 2600 1116 2634 Ni·

236 2648 322 2680 stam
343 2645 548 2681 pectoratum
562 2646 747 2682 Cardinalis
758 2647 962 2686 Humbertus
975 2672 983 2681 .
1010 2650 1117 2696 Qin-

237 2695 344 2730 immo
365 2695 383 2729 ὲ
409 2695 559 2731 fidelibus
582 2697 681 2732 etiam
708 2698 815 2732 Laicis
837 2699 918 2733 sumi
939 2699 996 2732 ista
1017 2700 1116 2742 super-

238 2745 306 2780 flua
322 2756 407 2781 vetat
422 2746 549 2784 laudata
562 2748 709 2791 Epistola
722 2772 733 2788 ,
764 2759 822 2783 nec
844 2750 911 2784 fine
923 2749 1118 2784 fundamen-

239 2806 278 2831 to
301 2820 308 2828 .
337 2796 487 2832 Affirmat
506 2798 596 2832 enim
619 2799 686 2841 ipsa
714 2799 776 2832 effe
803 2800 958 2834 sanstiora
981 2799 1118 2843 Iudaico

241 2846 473 2890 propositionis
494 2859 599 2892 panc,
626 2848 767 2893 ideoque
790 2850 824 2883 in
838 2850 985 2884 vescente
995 2848 1113 2894 requiri

241 2896 438 2932 munditiam
459 2898 478 2932 a
498 2898 687 2933 mulieribus
710 2925 717 2932 .
758 2899 928 2934 Consonat
950 2899 1116 2934 Herardus

242 2944 447 2982 Turonensis
470 2949 667 2993 Episcopus:
700 2951 841 2984 Mulieres
863 2959 898 2982 ac
919 2952 1117 2984 Laicisacra·

242 3005 345 3030 menta
364 2999 398 3032 Θ*
416 3005 510 3039 panes
523 3000 713 3040 sannorum,
740 3006 869 3042 exceptis
882 3011 950 3042 quae
962 2998 1088 3040 offerunt
1104 3025 1114 3041 ‚

242 3057 301 3079 non
318 3054 466 3089 tangant.
496 3048 594 3083 Adeo
618 3050 671 3084 edi
697 3048 738 3084 ab
766 3051 832 3083 illis
855 3050 985 3084 noluit.
1012 3051 1114 3099 Qod

241 3095 399 3135 eiusmodi
422 3104 520 3140 panes
543 3099 652 3142 paffim
675 3101 710 3134 in
732 3100 901 3145 eulogiam
912 3101 1113 3137 consecraret

242 3146 415 3181 Gallicana
437 3147 578 3183 Ecclesia
595 3174 606 3191 ,
633 3150 724 3192 supra
746 3150 931 3186 audivimus
952 3149 1116 3194 &synodo

240 3197 453 3232 Namnetensi
474 3221 481 3229 .
508 3195 715 3241 Prosequitur
740 3198 923 3236 cardinalis
950 3201 1114 3236 Humber-

239 3255 309 3282 tus:
338 3245 428 3287 Vestri
449 3246 581 3290 reliquas
609 3249 765 3283 oblationes
790 3275 800 3291 ,
837 3251 923 3284 velut
949 3261 1113 3286 communes

238 3305 357 3339 panes,
382 3309 604 3339 nonnumquam
614 3300 657 3331 ad
671 3299 833 3341 fasttdlum
850 3299 972 3344 sumunt
991 3325 997 3333 .
1026 3305 1070 3336 Et
1089 3301 1119 3343 fi

237 3345 349 3388 sumere
371 3359 429 3381 non
446 3346 612 3391 sufficiant,
637 3347 810 3390 subterrant
833 3376 843 3391 ,
870 3359 922 3383 aut
945 3357 976 3382 ln
994 3360 1116 3393 puteum

237 3400 415 3439 projiciunt.
442 3399 531 3444 Ipsos
555 3399 663 3444 arguit
684 3400 774 3445 quod
806 3401 974 3435 laudatum
1000 3401 1115 3438 Theo-

1866 137 1953 183 103

1150 198 1231 243 phili
1257 197 1500 242 praevaricentur
1526 198 1719 239 Canonem‚
1743 213 1783 237 ex
1809 201 1922 238 eodem
1944 203 2022 237 Cle‹

1151 258 1260 290 mente
1283 249 1465 293 adjungens
1488 248 1641 292 reliquias
1652 249 1769 288 istasin
1782 253 1946 298 sequentis
1957 254 2022 292 diei

1153 299 1340 336 sacrificium
1362 300 1428 334 fine
1440 299 1592 338 iterandae
1604 300 1866 337 sanctificationis
1878 303 2023 348 periculo

1152 350 1238 394 posse
1248 349 1384 383 servari.
1412 348 1495 383 Istos
1505 358 1614 383 tamen
1636 348 1868 392 Presbyteros‚
1895 354 1952 397 qui
1974 364 2025 397 pa.-

1154 397 1226 434 'nem
1238 397 1327 433 hunc
1338 397 1422 434 adeo
1434 398 1560 433 dudum
1586 398 1753 435 servabant
1765 423 1775 439 ,
1801 410 1838 433 ut
1858 402 1953 436 antea
1971 405 2027 437 fie-

1152 460 1198 484 ret
1210 449 1359 489 mucidus
1369 474 1380 489 ,
1406 449 1503 493 quam
1515 449 1764 483 sanctificaretur
1777 448 1906 491 oblatus
1916 475 1926 491 ‚
1946 452 2028 493 ῐεξὶὲ

1153 500 1186 534 in
1199 499 1314 535 litteris
1325 498 1365 533 ad
1379 499 1489 533 nescio
1502 510 1600 544 quem
1616 498 1812 543 Episcopum
1825 499 1934 543 culpat
1953 501 2029 540 San-

1151 552 1217 584 ‹stus
1230 550 1343 587 Petrus
1356 550 1512 589 Damiani
1525 573 1533 581 .
1564 549 1668 593 Qod
1682 549 1841 592 repletum
1853 550 1971 584 amulis
1981 561 2028 589 ca·
2052 545 2112 595 {lb-
2138 556 2166 587 t*-

1154 599 1247 640 licem
1261 599 1342 634 olim
1355 600 1389 634 &
1401 599 1505 633 Graeci
1517 600 1767 638 exoneraverint
1778 599 1811 633 in
1826 600 1949 634 sacrum
1959 601 2032 644 scy-
2052 590 2100 624 ΕΡ·
2125 597 2172 628 ¹4*

1156 648 1279 695 phum‚
1304 648 1459 690 discimus
1470 661 1511 685 ex
1525 648 1589 683 hoc
1609 648 1754 693 ejusdem
1780 649 1960 692 Humberti
1974 649 2032 685 ad÷

1156 699 1260 734 versus
1271 697 1472 741 Michaelem
1486 697 1707 734 patriarcham
1718 700 1934 743 improperio:
1960 700 2033 734 Sabe

1156 759 1268 784 terrare
1284 751 1336 783 vel
1356 750 1513 792 infundere
1534 749 1676 791 standum
1696 748 1937 795 Eudae-ssiam,
1957 749 2034 792 ficut

1157 801 1281 842 quidam
1293 802 1431 833 dicuntur
1441 811 1528 844 agere
1538 823 1549 839 ,
1573 808 1628 832 aut
1639 805 1671 833 in
1682 800 1820 843 lagenam
1829 805 1946 841 mittere
1957 797 1968 840 ;
1979 809 2033 840 aut

1157 848 1306 889 effundere
1329 851 1413 891 illam
1426 874 1438 890 ‚
1465 851 1645 894 negligentia
1670 849 1849 893 magnaest,
1876 851 1911 884 Θ
1937 852 2032 883 nullus

1159 905 1244 936 timor
1259 902 1316 933 Dei
1330 924 1352 948 ·„
1369 900 1500 935 Graecos
1510 900 1618 945 arguit
1631 925 1642 941 ,
1667 900 1757 944 quod
1770 900 1885 934 nonin
1910 901 2035 934 sacrum

1163 959 1217 983 vas
1228 973 1239 990 ,
1266 949 1365 983 sedin
1377 950 1505 991 usuales
1517 951 1650 994 lagenas
1659 949 1876 993 immitterent
1887 960 1954 991 non
1967 959 2039 992 tan-

1162 998 1231 1032 tum
1257 998 1360 1038 oblati
1387 998 1458 1034 vini
1486 1000 1636 1044 reliquias
1658 1024 1670 1040 ,
1696 1000 1750 1043 sed
1776 1001 1810 1044 ὅς
1835 1000 2038 1034 consecrati:

1163 1046 1264 1097 Qod
1275 1048 1293 1081 ὲ
1304 1048 1365 1092 piis
1373 1047 1540 1092 Majorum
1553 1050 1682 1092 suorum
1692 1050 1838 1093 moribus
1844 1049 2021 1092 deviassent
2030 1074 2039 1082 .

1213 1098 1360 1132 Honorii
1373 1097 1680 1144 Augustoduncnfis
1691 1099 1818 1137 laudata
1830 1099 1925 1145 verba
1934 1122 1946 1139 ‚
1958 1103 2040 1133 Unus

1163 1152 1277 1186 Cantor
1289 1148 1474 1192 oblatam&
1498 1155 1605 1184 vinum
1627 1148 1734 1194 offert,
1761 1150 1883 1198 largitis
1902 1150 2042 1194 exponit

1165 1198 1349 1237 Amalarius
1370 1199 1591 1241 Fortunatus,
1618 1198 1731 1234 dicens
1752 1199 1935 1243 oblationis
1962 1210 2043 1233 tem-

1166 1258 1242 1291 pore
1264 1249 1491 1290 cantandum,
1515 1249 1550 1283 &
1577 1259 1711 1293 pergens
1736 1262 1747 1283 :
1783 1255 1890 1283 Omnis
1911 1252 2042 1292 populus

1164 1302 1283 1338 intrans
1304 1298 1459 1340 Ecclesiam
1484 1299 1571 1333 debet
1592 1298 1771 1341 Sacrificium
1784 1303 1845 1341 Deo
1855 1300 1975 1340 offerre.
2004 1304 2043 1332 At

1167 1352 1313 1388 Cantores
1327 1373 1338 1389 ,
1362 1354 1414 1391 qui
1433 1348 1508 1393 sunt
1531 1350 1568 1392 de
1577 1359 1685 1393 genere
1697 1352 1876 1392 Levitarum
1888 1373 1898 1390 ,
1923 1357 2046 1392 propter

1168 1397 1324 1439 instantem
1358 1400 1546 1440 neceffitatem
1569 1400 1714 1442 cantandi
1738 1411 1797 1435 non
1822 1399 1937 1434 babent
1961 1402 2045 1433 licen-

1167 1453 1243 1488 tiam
1267 1448 1322 1481 buc
1344 1450 1379 1483 ὁ·
1396 1450 1463 1483 illuc
1485 1447 1707 1493 discurrendi„
1720 1458 1754 1492 ¹4²
1767 1449 1893 1493 fingulis
1920 1449 2046 1490 offerant

1167 1509 1231 1538 rum
1251 1504 1367 1537 caeterrs
1389 1511 1398 1532 :
1435 1502 1590 1542 staturum
1612 1499 1652 1544 est
1673 1504 1719 1534 ets
1743 1522 1755 1540 ‚
1789 1509 1823 1539 ut
1842 1505 1966 1541 penitus
1985 1499 2047 1541 fine

1167 1556 1300 1586 extorres
1313 1549 1333 1580 ἃ
1338 1546 1482 1591 sacrificio
1493 1573 1504 1590 ‚
1529 1548 1668 1588 custodire
1676 1561 1788 1591 aquam
1800 1574 1811 1591 ,
1824 1551 1859 1584 (τ’
1868 1549 1945 1585 hanc
1954 1561 2047 1584 unam

1166 1596 1269 1638 offerre
1284 1606 1343 1639 pro
1363 1594 1502 1632 caterisss
1542 1600 1675 1641 Populus
1696 1598 1780 1638 offert
1803 1605 1907 1633 vinum
1927 1624 1940 1640 ‚
1966 1604 2048 1634 Can-

1169 1657 1245 1687 tores
1267 1658 1396 1690 aquam.
1423 1651 1506 1682 sicut
1527 1654 1634 1684 vinum
1655 1649 1689 1682 Θ·
1707 1659 1786 1690 aqua
1805 1659 1897 1682 unum
1910 1650 1990 1692 fiunt
2016 1655 2048 1683 in

1169 1699 1257 1733 calice
1270 1721 1281 1737 ,
1299 1697 1340 1740 fic
1355 1699 1484 1740 populus
1508 1700 1542 1739 ef
1564 1703 1711 1740 cantores
1739 1704 1772 1739 in
1794 1707 1908 1742 corpore
1918 1698 2047 1739 Christi.

1171 1751 1315 1786 clamores
1338 1759 1416 1782 more
1437 1751 1620 1783 Levitarum
1641 1753 1849 1791 antiquorum,
1875 1754 1935 1792 qul,
1952 1753 2049 1783 omnia

1171 1798 1325 1843 neceffarla
1344 1797 1527 1841 tabernaculi
1535 1799 1738 1841 providebant
1751 1824 1763 1841 ‚
1788 1808 1931 1843 quaerant
1940 1812 2050 1843 aquam

1171 1847 1215 1887 ad
1224 1847 1344 1891 fontem
1353 1874 1363 1890 ,
1395 1850 1429 1884 (9·
1435 1848 1559 1893 servent
1569 1862 1636 1885 eam
1646 1858 1811 1894 coopertam
1820 1849 1909 1894 usque
1921 1852 1967 1884 ad
1978 1860 2052 1885 tem·

1167 1906 1226 1943 pus
1235 1897 1374 1944 sacrificii
1385 1925 1396 1941 ,
1421 1901 1455 1936 ὁ·
1466 1910 1534 1936 tunc
1545 1903 1688 1936 mundam
1698 1912 1765 1935 eam
1777 1901 1903 1943 offerant
1916 1925 1925 1934 .
1953 1901 2053 1936 Auti-

1172 1961 1235 1993 qua
1247 1950 1353 1985 Miffae
1362 1952 1522 1995 expositio
1535 1953 1642 1987 affierit
1664 1952 1881 1987 offertorium
1903 1953 1965 1986 esse
1988 1962 2053 1986 me-

1173 2001 1313 2036 moriam
1335 2001 1368 2035 &
1390 2001 1530 2047 figuram
1551 2002 1703 2043 illorum,
1734 2003 1792 2047 qui
1812 2003 1967 2039 Domino
1994 2002 2057 2038 ob.-

1174 2051 1298 2085 viantes
1311 2076 1321 2091 ‚
1346 2051 1380 2085 &
1389 2053 1525 2090 Osanna
1538 2053 1608 2087 filio
1620 2053 1733 2093 David
1745 2062 1914 2089 cantantes
1926 2075 1937 2092 ‚
1947 2063 2054 2088 ramos

1173 2101 1206 2135 &
1217 2100 1409 2137 vestimenta
1421 2102 1476 2137 sua
1487 2102 1671 2137 sternebant
1684 2103 1718 2136 in
1730 2104 1782 2138 via
1796 2128 1808 2144 ‚
1831 2104 1866 2137 <Sc
1890 2103 2055 2146 prosequi·

1176 2161 1247 2186 tur:
1268 2151 1500 2194 ,Quodprimum
1511 2150 1633 2194 masculi
1654 2151 1778 2191 offerunt
1792 2175 1803 2191 ,
1822 2151 1968 2195 fignificat
1989 2159 2055 2192 prt-

1175 2205 1315 2233 mittvam
1327 2199 1484 2242 Ecclesiam
1489 2199 1546 2242 sub
1566 2201 1796 2242 Imperatortbus
1819 2203 1942 2234 necdum
1965 2200 2054 2233 Chri-

1169 2250 1280 2291 stianis
1291 2250 1402 2285 multas
1414 2253 1543 2292 injurias
1552 2251 1668 2294 passam
1681 2277 1688 2284 .
1716 2254 1762 2284 Et
1773 2250 1842 2284 hinc
1857 2253 1995 2284 mulieres
2009 2251 2053 2292 of-

1169 2299 1296 2342 ferunt,
1323 2300 1479 2342 Ecclesiam
1490 2300 1671 2344 designantes
1684 2303 1844 2335 ducentem
1854 2313 1931 2336 nunc
1954 2307 2052 2334 vitam

1177 2350 1421 2394 tranquilliorem.
1449 2350 1505 2386 Ab
1516 2349 1672 2388 ambobus
1684 2352 1822 2385 affirmat
1832 2352 1867 2387 &
1879 2362 1996 2395 panem
2007 2352 2058 2385 of-

1177 2400 1294 2434 ferri&
1317 2401 1454 2442 vinum,
1481 2413 1520 2435 ac
1545 2402 1671 2445 pergit:
1700 2402 1861 2443 Novissime*
1884 2403 2053 2435 Sacerdotes

1177 2461 1211 2483 ac
1222 2453 1346 2483 Diacom‘
1357 2450 1482 2492 offerunt
1494 2474 1504 2490 ,
1525 2449 1582 2494 sed
1589 2450 1685 2494 solum
1702 2460 1814 2494 panem
1826 2476 1837 2492 ,
1855 2451 2055 2496 significantes

1174 2502 1306 2542 plurima
1326 2502 1473 2543 novtffime
1492 2500 1649 2543 Ecclefiam
1662 2502 1814 2545 passuram
1830 2500 1887 2545 sub
1909 2499 2056 2535 Antichri-

1172 2549 1387 2590 stotormenta.
1420 2552 1615 2587 Adulttmum
1625 2554 1695 2585 vero
1718 2551 1971 2592 Arc-biduanas,
1997 2562 2052 2585 aut

1178 2605 1351 2643 quicumque
1372 2606 1451 2636 ‘olcis
1471 2599 1535 2647 βιῶ
1565 2602 1670 2636 ordine
1688 2603 1791 2646 legerit
1823 2603 2052 2647 Evangelium,

1177 2651 1298 2692 complet
1317 2656 1477 2684 orationem
1486 2652 1655 2685 cannarum
1670 2675 1681 2692 ,
1706 2650 1926 2694 infundensque
1939 2662 2051 2693 aquam

1178 2706 1210 2733 in
1221 2701 1339 2734 caltcem
1350 2712 1388 2733 ex
1399 2701 1500 2733 amula
1516 2701 1666 2743 Pontificls
1676 2701 1761 2743 offert
1772 2726 1779 2733 .
1809 2701 1852 2735 Et
1865 2701 2053 2735 Amalarius

1179 2752 1377 2784 Fortunatus
1401 2764 1408 2782 :
1447 2752 1521 2783 Dein
1548 2749 1652 2791 transit
1673 2752 1814 2784 Sacerdos
1834 2753 1877 2784 ad
1891 2750 2054 2794 susciplen-

1179 2802 1236 2834 das
1252 2802 1352 2842 populi
1371 2800 1529 2834 oblationes
1552 2825 1559 2832 .
1585 2799 1732 2843 Sufheptis
1756 2801 1950 2834 oblationibus
1970 2826 1981 2842 ,
2009 2813 2056 2834 re·

1179 2856 1309 2884 vertitur
1335 2851 1378 2883 ad
1399 2851 1521 2891 Altare,
1547 2849 1717 2894 disponente
1728 2855 1857 2885 Diacono
1869 2850 2057 2894 Oblatassu-

1176 2909 1231 2942 per
1254 2903 1356 2934 Altare
1379 2922 1390 2938 ,
1413 2912 1491 2934 more
1511 2907 1676 2943 primorum
1699 2900 1814 2945 septem
1839 2905 2052 2937 Diaconorum.

1182 2952 1300 2984 Deinde
1311 2949 1432 2993 suscipit
1454 2951 1613 2985 oblationes
1639 2954 1827 2986 sacerdotum
1851 2964 1886 2985 ac
1913 2956 2054 2985 Diacono-

1179 3013 1264 3039 rum,
1288 3001 1393 3043 quibus
1413 3002 1524 3037 licitum
1547 3001 1585 3042 est
1614 3004 1748 3036 accedere
1769 3004 1817 3035 adv
1835 3003 1938 3038 Altare
1957 3014 1965 3033 ε
2003 3004 2054 3034 Ac·
2076 2993 2103 3022 L·
2131 3003 2156 3030 5·
2185 3001 2210 3026 c·

1179 3057 1252 3093 cipit
1262 3056 1354 3085 etiam
1366 3050 1405 3083 ab
1416 3051 1624 3086 archidiacono
1636 3054 1712 3086 duas
1724 3077 1731 3084 .
1761 3056 1858 3085 Unam
1876 3049 1971 3094 prose
1981 3075 1992 3091 ‚
2018 3051 2053 3084 (ν
2081 3043 2122 3068 ¹9·

1179 3103 1304 3136 alteram
1323 3109 1378 3143 pro
1401 3104 1527 3135 Diacono
1541 3129 1547 3135 .
1575 3102 1676 3150 Qod
1688 3102 1805 3145 nempe
1816 3100 1940 3136 cunstis
1953 3099 2055 3136 Obla-

1180 3153 1221 3186 tis
1253 3150 1464 3195 disponendis
1488 3152 1646 3187 distentus
1673 3151 1859 3189 ministrans
1878 3151 2051 3190 Diaconus

1181 3203 1327 3243 nequiret
1351 3202 1406 3245 ipsi
1428 3203 1558 3237 offerre.
1585 3203 1657 3251 Qi
1673 3212 1745 3236 mos
1755 3214 1795 3235 an
1806 3200 1930 3245 ubique
1942 3202 2056 3247 vigue-

1180 3253 1396 3297 rit,ign0ro.
1424 3251 1719 3289 Eundeminterim
1730 3251 1887 3286 offerendi
1899 3252 2052 3290 ordinem
2076 3272 2105 3300 L·
2136 3282 2159 3301 Ι·
2186 3280 2212 3302 c·

1181 3301 1311 3336 laudant
1336 3301 1509 3337 Honorius
1534 3301 1839 3348 Augustodunenfis
1860 3327 1871 3343 ,
1911 3302 1946 3336 ἀ
1971 3302 2056 3336 anti·
2074 3314 2119 3340 ιε.
2147 3320 2193 3347 43-

1181 3363 1263 3393 quus
1275 3353 1368 3387 Ordo
1380 3352 1549 3387 Romanus
1561 3377 1572 3393 ,
1599 3355 1696 3387 etiarn
1710 3352 1831 3387 addens
1845 3352 1864 3386 a
1876 3351 2056 3388 Sacerdoti·

1182 3402 1457 3439 bus&Diac0ni‘s
1478 3403 1582 3438 solum
1605 3414 1724 3448 panem
1746 3403 1878 3439 offerri.
1908 3404 1956 3438 At
1979 3400 2055 3434 verd

1970 3462 2004 3484 m
