2372 3756
587 128 871 160 εεΡτιΜυΜ
907 115 1215 160 Romnum,
1249 109 1633 159 CONc1L1urm

200 198 298 234 ciales
309 223 320 241 ‚
346 206 401 233 aut
423 197 497 233 sane
512 210 578 233 non
591 200 649 233 nili
674 200 714 234 ad
731 200 882 244 praeviam
891 199 986 243 Papae
996 209 1072 231 con—

202 249 421 284 firmationem
433 275 441 283 .
471 249 538 290 Uti
559 249 696 284 laudatae
718 251 885 297 Regiones
903 250 941 283 ad
954 249 1077 282 Metro-

1847 129 1937 175 225

1134 193 1383 229 damnationem
1407 193 1656 237 suspenderent,
1681 196 1930 245 Carthaginensi
1956 199 2014 234 Ece

1136 243 1235 278 clefiae
1249 243 1363 278 datum
1373 242 1467 282 fuisse
1479 243 1691 285 Vifitatorem
1706 272 1718 289 ,
1743 251 1834 292 supra
1857 249 1953 284 nobis
1966 250 2017 286 di·

202 298 373 342 politicam
394 324 404 341 ,
432 301 476 334 ita
498 312 613 339 omnes
635 300 862 344 septemdecim
885 299 1078 342 illyricianae
1137 294 1184 329 xit
1195 294 1328 328 sanetus
1341 292 1567 338 Augustinus.
1596 295 1639 328 Et
1651 308 1718 330 non
1731 298 1833 332 solum
1847 299 2014 334 Eulalium

202 349 387 383 Dioecefios
400 350 580 384 Provinciae
592 361 631 384 ex
645 350 840 394 Apostolico
853 351 995 385 Canone
1013 350 1077 392 spe·

204 399 292 433 stant
305 400 344 433 ad
356 400 607 439 Patriarchicam
622 400 765 435 Romani
780 399 934 444 Episcopi
946 400 1079 443 potesta-

137 484 141 485 ⁷
205 458 291 483 tem.
319 450 362 483 Et
384 450 429 484 ita
445 451 508 485 fuit
530 450 681 495 usquead
695 451 872 493 Imperium
893 451 926 483 δε
940 448 1080 482 haerefim

205 499 329 534 Leonis
350 500 466 534 Isauri.
497 500 567 537 Hic
588 502 676 539 suam
686 500 936 534 Iconoclastiam
950 499 990 533 de
1001 498 1081 532 Gre-

204 551 301 593 gorio
328 550 471 584 secundo
483 551 724 590 vindicaturus,
751 560 865 584 omnes
878 550 953 584 istas
969 557 1081 594 gentes

205 597 367 634 violenter
389 599 520 635 abstulit
537 623 548 641 ‚
571 600 815 643 actranscripfit
836 600 870 634 in
892 597 1082 634 patriarchi-

206 659 282 683 cum
297 647 348 692 jus
368 649 519 694 Episcopi
542 650 925 694 Constantinopolitani.
953 649 997 682 Et
1017 659 1082 692 quo

208 699 390 734 novitatem
411 700 574 741 firmaret,
600 701 771 744 Syracusas
790 701 893 734 erexit
914 701 948 734 in
972 698 1083 732 Eccle-

207 749 364 784 fiasticam
387 750 502 785 Siciliae
531 751 748 794 Metropolim
770 774 782 790 ,
808 762 846 784 ac
873 750 1002 785 Italiam
1026 748 1084 781 im-

211 798 313 843 plevit
338 800 436 833 novis
468 800 501 833 &
528 800 668 833 modicis
702 800 871 843 Episcopis
897 824 908 839 ‚
945 809 1083 841 quorum

209 849 440 891 Metropolitas
449 848 600 882 accedere
618 849 704 891 juffit
724 849 764 882 ad
777 847 1083 891 Constantinopoli-

210 899 278 931 tani
291 897 482 932 Patriarchae
492 908 607 932 manus
619 922 629 938 ,
656 899 690 932 ὅ(
699 908 788 941 Juxta
802 899 992 943 vigefimum
1004 900 1085 932 osta·

210 959 289 982 vum
312 947 617 983 Chalcedonensem
641 947 815 982 Canonem
838 951 871 983 in
893 948 998 993 Regia
1009 947 1087 981 urbe

210 999 389 1033 consecrari
410 1023 416 1030 .
446 998 488 1033 Et
513 998 591 1032 licet
617 998 703 1042 apud
731 999 896 1042 septimam
923 998 1088 1035 Adrianus

212 1049 357 1092 primus,
384 1046 468 1091 apud
488 1050 639 1082 oetavum
662 1049 835 1092 Synodum
859 1047 1025 1082 Adrianus
1048 1048 1087 1081 se-

212 1097 359 1139 cundus,
384 1099 506 1139 aliique
517 1098 697 1133 Pontifices
723 1097 980 1141 frequentiffime
991 1097 1090 1131 recla-

213 1148 375 1182 maverint
399 1173 410 1190 ,
435 1148 453 1182 a
473 1149 595 1183 Graecis
621 1159 730 1182 tamen
753 1148 839 1182 nihil
858 1147 1091 1182 obtinuerunt.

213 1197 248 1232 A
272 1198 369 1231 variis
389 1209 506 1232 eorum
525 1197 776 1242 Imperatoribus
798 1197 955 1232 habemus
974 1197 1092 1231 Archi·

213 1247 402 1291 episcopum
417 1247 676 1292 Neapolitanum
689 1273 699 1288 ,
726 1247 951 1282 Tarentinum
965 1272 976 1288 ,
1002 1246 1091 1280 Rhe-

214 1297 381 1342 giensem,
403 1297 683 1341 Hydruntinum,
709 1298 853 1333 &alios.
883 1298 999 1341 Ejestis
1009 1298 1094 1330 Grae-

214 1347 263 1382 cis
283 1347 497 1382 successerunt
518 1349 720 1382 Nortmanni
738 1373 749 1389 ‚
775 1349 831 1392 qui
856 1348 1013 1383 Ecclefias
1025 1345 1095 1390 qui-

213 1396 292 1431 dem
311 1395 521 1432 reddiderunt
542 1397 702 1432 Pontifici
725 1422 738 1439 ,
763 1400 877 1437 erestas
898 1407 1007 1432 tamen
1026 1396 1095 1430 illic

216 1445 399 1481 Cathedras
421 1460 488 1482 non
507 1447 734 1482 exstinxerunt
755 1472 767 1488 ,
793 1459 855 1482 nec
876 1447 1015 1491 ipsarum
1039 1447 1094 1480 seu

215 1495 440 1531 Provinciales
450 1498 503 1531 seu
517 1497 749 1541 Metropolitas
762 1498 942 1542 Episcopos
963 1509 1018 1541 per
1036 1496 1096 1530 Pa-

215 1547 324 1591 palem
342 1557 476 1581 manum
490 1571 501 1587 ‚
527 1548 581 1582 sed
605 1548 623 1581 a
638 1549 703 1582 sese
724 1559 841 1583 mutuo
852 1547 1005 1592 jusserunt
1017 1557 1096 1580 con-

215 1594 333 1631 secrari
355 1621 362 1628 .
390 1597 440 1631 Ita
459 1597 524 1631 fuit
547 1599 647 1642 usque
670 1598 710 1632 ad
739 1599 898 1643 Regnum
922 1596 1096 1632 Guilielmi

216 1646 328 1690 primi,
338 1646 379 1681 de
391 1657 459 1690 quo
471 1646 636 1682 Robertus
646 1646 758 1681 Abbas
769 1648 959 1682 Montensis:
976 1647 1098 1679 Guiliel-

217 1707 285 1730 mus
297 1707 360 1730 cum
373 1700 462 1739 Papa
473 1698 607 1731 Adriano
616 1706 723 1740 quarto
730 1705 835 1740 pacem
841 1697 919 1740 fecit
928 1720 939 1736 ,
948 1697 1098 1731 conceden-

218 1747 259 1781 do
270 1751 295 1780 ei
316 1745 541 1790 consecrationes
555 1746 765 1790 Episcoporum
785 1752 881 1793 Regni
886 1745 935 1790 sut
956 1748 990 1781 Θ
1001 1750 1100 1779 Duca-

219 1805 270 1830 tus
283 1821 294 1836 ,
312 1795 386 1839 ficut
406 1802 573 1839 antiquitus
598 1809 649 1831 eas
671 1797 777 1831 babuit
795 1802 931 1831 Romana
952 1795 1077 1838 Ecclesia
1088 1819 1098 1836 ‚

219 1848 300 1880 unde
322 1845 467 1890 discordia
487 1846 593 1888 fuerat
604 1853 687 1881 intra
702 1851 827 1882 Patrem
844 1847 933 1891 suum
944 1851 1100 1891 Rogerium

220 1900 330 1940 Regem
342 1921 352 1936 ‚
380 1899 414 1930 6·
424 1901 626 1933 Innocentium
635 1909 669 1931 ac
678 1900 848 1943 Eugenium
861 1903 1010 1931 Romanos
1024 1899 1100 1929 Pon-

221 1948 315 1989 tifices
323 1970 330 1978 .
357 1946 463 1994 Qod
476 1946 580 1991 ipsum
595 1946 739 1982 scribunt
750 1947 943 1993 Radulphus
952 1947 992 1981 de
1003 1946 1102 1981 Dice-

221 2006 282 2037 to,
309 2008 347 2031 ac
368 1994 546 2031 Matthaeus
564 1996 765 2032 Parifienfis.
793 1998 867 2034 Nec
889 1997 1103 2032 Innocentius

221 2046 403 2085 secundus,
429 2057 490 2080 nec
511 2046 682 2091 Eugenius
694 2049 807 2082 tertius
823 2048 967 2083 ereiiasa
981 2047 1103 2081 Graecis

221 2095 429 2139 Metropoles
440 2096 573 2130 voluere
591 2096 723 2139 dejectas
737 2112 747 2130 .·
775 2097 993 2131 permiserunt
1014 2096 1103 2130 susti-

222 2145 294 2180 neri
307 2170 318 2187 ,
340 2144 451 2180 verum
464 2145 558 2180 salvis
569 2146 630 2180 suae
642 2146 811 2181 Cathedrae
821 2147 1024 2191 Apostolicis
1034 2146 1106 2188 juri·

222 2195 285 2231 bus
299 2220 310 2236 ,
334 2205 406 2236 quae
424 2206 540 2230 omnes
558 2195 638 2230 istos
661 2196 842 2241 Episcopos
862 2196 976 2240 jubent
989 2196 1106 2231 Romae

223 2244 422 2280 consecrari.
452 2244 640 2280 Voluerunt
653 2246 732 2289 ipsas
744 2248 808 2281 esse
820 2248 906 2290 quast
918 2246 987 2280 solo
1002 2244 1106 2280 nomi-

225 2305 268 2328 ne
287 2293 459 2328 &honore
482 2294 688 2339 Metropoles
702 2320 713 2337 ‚
739 2297 895 2340 palmares
916 2306 1024 2331 autem
1037 2295 1106 2329 Me-

224 2343 423 2388 tropoliticae
446 2344 612 2387 potestatis
636 2347 793 2381 articulos
816 2346 875 2381 fibi
900 2357 941 2380 ex
967 2346 1106 2390 antiquo

226 2405 320 2429 more
331 2394 479 2427 reservari
489 2419 496 2426 .
509 2395 552 2429 Et
566 2393 631 2429 hoc
641 2397 797 2431 conceffit
810 2397 884 2432 Rex
896 2396 1104 2430 Guilielmus.

226 2445 274 2478 Et
292 2443 450 2486 ejusmodi
462 2442 663 2489 Metropoles
675 2446 709 2481 in
721 2447 817 2482 Italia
828 2446 886 2491 ipfi
907 2445 1007 2481 etiam
1020 2446 1107 2480 Pon-

226 2494 333 2528 tifices
344 2492 454 2537 postea
466 2504 638 2530 erexerunt
650 2521 658 2529 .
686 2497 730 2531 Et
742 2497 827 2531 inter
846 2497 1023 2531 reservatos
1033 2495 1107 2530 arti·

229 2542 469 2578 culosomnino
479 2544 542 2577 fuit
553 2544 692 2580 do‘natio
704 2546 890 2581 Vifitatoris
899 2572 907 2580 .
921 2547 1010 2581 Nam
1019 2544 1108 2588 quod

229 2594 350 2628 Severo
357 2593 531 2627 Ficoclino
541 2594 702 2639 Episcopo
710 2596 1039 2641 MagnusGregori-us
1049 2599 1108 2629 Ra-

229 2648 374 2677 vennatis
388 2642 523 2684 Ecclefiae
544 2644 742 2686 visitationem
766 2645 940 2689 commiserit
947 2644 1107 2688 secundum

224 2691 357 2737 priscam
369 2691 602 2736 consuetudinem
613 2719 624 2734 ‚
650 2694 719 2738 ejus
732 2696 765 2729 in
789 2696 853 2730 vita
867 2695 1001 2729 testatur
1016 2697 1108 2739 Joau·

59 2756 131 2790 L4·
146 2763 172 2786 c,
188 2763 215 2791 5·
231 2753 290 2777 nes
313 2743 485 2778 Diaconus
507 2768 513 2775 .
538 2744 640 2791 Qod
662 2744 761 2779 etiam
789 2746 998 2790 suffraganeis
1020 2745 1108 2780 istius

231 2791 405 2828 Cathedrae
428 2793 579 2828 Ecclefiis
601 2794 794 2830 Visitatores
812 2793 935 2829 dederit
963 2795 1109 2841 Magnus

232 2842 413 2888 Gregorius
429 2867 440 2884 ‚
465 2844 690 2879 demonstrant
714 2845 781 2888 ejus
791 2845 952 2889 epistolae.
980 2846 1023 2880 Et
1033 2858 1110 2880 con-

231 2893 368 2931 secratio
398 2894 432 2928 ἀ
455 2892 640 2930 Vifitatoris
662 2895 802 2930 donatio
823 2894 974 2929 videntur
996 2897 1110 2939 spesta-

230 2953 266 2976 re
290 2941 331 2976 ad
354 2941 495 2980 eundem
518 2969 525 2976 .
563 2944 658 2979 Hinc
690 2946 749 2980 ista
773 2945 902 2990 Regula
923 2945 1024 2991 longe
1045 2957 1110 2981 ma-

231 2991 283 3037 gis
306 2991 407 3026 valuit
432 2992 468 3026 in
492 2994 560 3029 istis
582 2995 767 3030 Provinciis
788 3020 798 3036 ,
836 3006 972 3039 quarum
996 2997 1112 3032 Suffra-

231 3051 356 3086 ganeos
382 3041 471 3084 Papa
495 3043 595 3078 etiam
616 3045 823 3080 consecrabat
837 3069 844 3078 .
872 3045 938 3080 His
957 3045 1109 3082 Vifitato-

202 3109 218 3126 0
233 3101 308 3148 rem.
324 3090 386 3126 effe
404 3090 421 3125 a
435 3091 523 3137 Papa
547 3092 693 3130 dandum
721 3095 821 3134 edicit
848 3096 1002 3139 septimus
1027 3097 1107 3133 Gre⁴

237 3152 351 3186 gorius
367 3166 374 3173 .

286 3191 407 3225 octava
427 3191 559 3236 quaestio
578 3193 624 3228 est
638 3219 649 3235 ,
676 3194 733 3230 An
757 3195 834 3231 solis
844 3196 1033 3232 vacantibus
1051 3198 1112 3234 Ec-

235 3239 338 3276 clefiis
350 3242 443 3283 poffit
465 3241 533 3276 dari
557 3243 743 3279 Vifitator?
769 3246 969 3290 Respondeo
989 3249 1112 3293 negati·

236 3289 297 3324 ve.
324 3291 505 3326 Consuevit
525 3292 595 3327 dari
605 3295 703 3330 etiam
724 3296 757 3333 in
770 3296 874 3333 tribus
883 3297 957 3331 aliis
968 3299 1092 3334 cafibus
1104 3324 1111 3333 .

237 3338 368 3375 Primus
378 3341 423 3376 est
437 3366 447 3382 ‚
472 3343 551 3376 dum
565 3342 743 3390 Episcopus
751 3345 796 3383 est
807 3346 848 3380 ab
859 3347 971 3382 officio
985 3349 1113 3393 suspen--

238 3389 290 3426 sus
312 3415 319 3423 .
345 3391 394 3427 Ita
413 3391 431 3426 a
452 3392 638 3429 Donatistis
661 3420 674 3439 ,
698 3394 779 3431 dum
801 3395 1013 3433 Caecilianum
1037 3409 1112 3436 ante

47 1950 182 1990 Λ-ιιςγ.

1139 344 1336 385 invasorem,
1364 344 1416 377 sed
1435 344 1631 384 &Sanctum
1643 344 1853 385 Bonifacium
1874 350 2015 394 primum

1140 394 1327 440 legitimum
1341 393 1541 433 Pontificem
1553 418 1564 435 ,
1590 395 1681 440 quod
1695 395 1861 439 utriusque
1880 410 2016 437 conten-

1140 444 1220 479 tiosa
1231 445 1346 478 electio
1362 444 1521 478 videretur
1532 442 1686 491 ambigua
1698 468 1709 490 ‚
1728 445 1770 480 ab
1779 447 1891 480 officio
1903 449 2017 482 cessare

1140 494 1224 537 juffit
1237 495 1413 541 Imperator
1422 494 1598 533 Honorius
1608 497 1711 541 usque
1720 496 1761 530 ad
1785 496 1898 535 datum
1912 497 2018 539 Syno-

1142 544 1381 588 dalejudicium
1398 569 1409 585 ‚
1435 556 1472 579 ac
1484 545 1615 579 interim
1629 545 1797 585 Achillem
1814 546 2020 591 Spoletinum

1145 595 1341 638 Episcopum
1363 594 1480 628 direxit
1502 596 1663 633 Romanae
1683 595 1841 635 Ecclesrae'
1865 595 2022 634 Vifitato-

1145 656 1229 678 rem.
1259 644 1341 684 Late
1369 644 1436 679 haec
1447 643 1547 683 habes
1557 646 1643 689 apud
1666 646 1900 689 Symmachum
1913 645 2022 681 Urbis
2041 667 2091 703 Ep.
2114 671 2158 698 25-

1146 694 1332 735 Praefet'tum
1370 695 1406 732 in
1427 695 1635 739 epistolarum
1654 695 1811 731 Austario
1831 722 1839 729 .
1879 697 1923 730 Et
1940 697 2021 730 dum
2044 709 2089 734 26.
2110 707 2156 734 28.

1147 743 1380 788 Symmachum
1403 757 1457 788 per
1479 756 1619 790 quatuor
1637 745 1703 790 jam
1723 757 1828 780 annos
1848 747 2024 790 pacificum

1148 795 1346 829 Pontificem
1367 795 1502 837 quidam
1524 797 1709 831 accusarent
1721 797 1762 831 de
1775 797 1907 836 multis,
1936 796 2027 831 ideo-

1147 856 1210 888 que
1243 845 1337 878 suum
1372 842 1508 879 schisma
1548 846 1697 880 adversus
1733 846 1825 882 illum
1853 848 2025 881 resumeret

1148 894 1342 928 Laurentius
1362 918 1374 934 ‚
1399 895 1418 928 ὲ
1443 896 1601 931 Romanas
1619 897 1765 931 Ecclefiae
1785 897 1886 931 Clero
1914 897 1947 930 &
1971 908 2028 941 po-

1150 944 1227 987 pulo
1240 942 1462 987 interpellatus
1473 945 1705 985 Theodoricus
1728 946 1829 981 Italiae
1850 947 1926 981 Rex
1949 946 2027 981 fecit

1149 990 1238 1038 quod
1259 995 1295 1028 in
1326 993 1407 1028 libro
1432 994 1622 1034 Pontificali
1641 995 1751 1037 scribit
1774 997 1957 1035 Anastasius
1976 997 2031 1030 Bi·

1150 1040 1389 1082 bliothecarius:
1403 1044 1508 1085 Festus
1520 1048 1555 1079 et
1566 1046 1713 1080 Probinus
1726 1049 1877 1086 senatores
1889 1046 2030 1091 miserunt

1150 1093 1320 1126 relationem
1343 1097 1435 1136 Regt,
1462 1097 1654 1137 &ceperunt
1677 1108 1764 1140 agere
1786 1107 1820 1131 ut
1846 1096 2032 1139 Vifitatorem

1153 1147 1217 1176 Rex
1229 1144 1315 1177 daret
1334 1145 1400 1176 Sedi
1413 1144 1600 1187 Apostolicae.
1629 1148 1710 1180 Tunc
1727 1151 1792 1181 Rex
1816 1149 1898 1180 dedit
1908 1150 2032 1182 Petrum

1155 1194 1265 1231 Aluna
1294 1199 1432 1230 civitam
1467 1193 1644 1237 Episcopum
1669 1220 1677 1228 .
1715 1196 1811 1230 Alter
1847 1198 1938 1231 casus
1963 1197 2034 1237 est,

1154 1244 1234 1277 dum
1260 1254 1316 1287 per
1338 1241 1510 1287 Synodum
1536 1243 1729 1290 degradatus
1759 1246 1939 1292 Episcopus
1966 1248 2036 1281 Ro-

1156 1305 1243 1327 mam
1269 1293 1409 1338 appellat
1435 1317 1443 1327 .
1479 1294 1574 1335 Licet
1601 1296 1691 1329 enim
1718 1294 1795 1330 huic
1821 1296 2037 1340 appellationi

1156 1344 1370 1387 suspenfivum
1392 1343 1492 1380 etiam
1503 1345 1655 1381 effectum
1675 1345 1822 1381 tribuant
1835 1346 2038 1381 Sardicenses

1157 1394 1311 1428 Canones
1338 1418 1350 1434 ‚
1375 1393 1567 1439 degradatio
1593 1403 1703 1434 tamen
1730 1407 1798 1430 non
1832 1408 1919 1431 caret
1945 1396 2039 1430 omni

1158 1444 1289 1478 interim
1309 1442 1436 1477 effectu
1449 1470 1456 1480 ,
1483 1445 1691 1491 Degradatus
1708 1448 1808 1490 usque
1834 1446 1875 1481 ad
1896 1446 2042 1482 definiti-

1158 1504 1236 1527 vum
1258 1493 1352 1538 Papae
1386 1491 1544 1537 judicium
1570 1506 1682 1530 manet
1712 1496 1755 1531 ab
1783 1497 1894 1531 officio
1916 1497 2043 1540 suspen-

1159 1543 1233 1584 sus,
1260 1555 1321 1577 nec
1345 1544 1448 1586 potest
1472 1543 1694 1583 administrare
1717 1570 1725 1579 .
1750 1547 1794 1580 Et
1815 1546 1893 1581 hinc
1915 1547 2044 1581 Contu-

1160 1594 1283 1629 meliosi
1305 1593 1452 1636 Rejenfis
1476 1594 1653 1639 Episcopi,
1679 1595 1736 1640 qui
1758 1595 1966 1638 Synodalirer
1990 1597 2045 1630 da-

1162 1653 1292 1676 mnatus
1315 1643 1460 1677 Romam
1483 1655 1740 1688 provocaverat,
1770 1646 1917 1682 Ecclesiae
1930 1647 2048 1682 Vifita-

1162 1703 1267 1728 torem
1287 1692 1357 1727 dari
1376 1704 1432 1739 pet
1445 1695 1598 1730 Sanctum
1624 1696 1799 1735 Caesarium
1819 1696 2047 1731 Arelatensem

1163 1741 1412 1786 Metropolitam
1440 1742 1527 1786 juffit
1553 1744 1696 1790 Joannes
1732 1746 1892 1782 secundus
1918 1771 1928 1786 ,
1967 1746 2048 1790 ejuss

1163 1803 1227 1838 que
1254 1794 1421 1831 Succeffor
1446 1793 1616 1839 Agapetus
1643 1795 1853 1830 confirmavit
1874 1821 1881 1828 .
1909 1796 2047 1831 Tertius

1164 1841 1256 1878 casus
1282 1843 1327 1878 est
1355 1843 1456 1889 longa
1484 1845 1639 1888 Episcopi
1668 1845 1838 1881 infirmitas
1859 1871 1868 1880 2
1895 1847 1945 1881 Ita
1973 1845 2050 1881 Ari·

1164 1893 1300 1928 minenfi
1326 1893 1473 1928 Ecclefiae
1497 1893 1542 1929 ob
1567 1895 1703 1941 longam
1732 1896 1874 1931 Castorii
1896 1897 2052 1941 Episcopi

1165 1943 1388 1978 infirmitatem
1409 1943 1501 1979 dedit
1515 1945 1725 1980 Vifitatorem
1739 1947 1921 1982 Leontium
1948 1945 2054 1982 Urbi«

1167 2005 1278 2029 uatem
1291 1994 1486 2038 Episcopum
1509 1996 1656 2040 Magnus
1669 1997 1867 2042 Gregorius.

1215 2045 1258 2078 Et
1272 2043 1352 2078 hinc
1375 2045 1517 2079 nascitur
1527 2057 1615 2080 nona
1625 2047 1779 2090 quaestio,
1806 2049 1916 2096 Qare
1939 2048 1980 2084 de
1991 2049 2053 2084 Pe-

1167 2104 1218 2128 tro
1243 2094 1363 2127 Altino
1385 2094 1551 2139 Episcopo
1569 2108 1606 2130 ac
1619 2096 1780 2131 Romanae
1805 2099 1951 2132 Ecclesiae
1970 2100 2050 2134 dato

1169 2143 1346 2179 Vifitatote
1380 2143 1478 2178 addat
1519 2146 1706 2180 Anastafius
1744 2146 2014 2182 Bibliothecarius
2036 2151 2050 2183 ἓ

1168 2195 1261 2236 ‚Quod
1283 2196 1421 2230 canones
1440 2193 1596 2236 probibent
1616 2220 1623 2228 .
1652 2196 1697 2230 Et
1718 2196 1802 2230 infra
1825 2211 1835 2230 .·
1865 2199 2049 2236 symmachus

1163 2243 1254 2284 falla
1279 2244 1540 2287 synodopurgatur
1564 2248 1733 2282 acrimtne.
1762 2250 1807 2279 Et
1817 2249 1981 2281 damnatur
1993 2252 2052 2282 Pe·

1168 2302 1233 2327 trus
1255 2294 1398 2334 Attinas,
1423 2293 1546 2338 invasor
1571 2297 1656 2329 Sedis
1683 2296 1848 2339 Apostoltcae
1873 2323 1884 2339 ‚
1911 2301 1945 2333 (w
1970 2302 2050 2332 Lau·

1169 2348 1283 2377 rentius
1309 2348 1499 2386 Nucerinus,
1524 2352 1596 2388 quta
1622 2351 1696 2380 vivo
1717 2346 1861 2391 Episcopo
1882 2348 2048 2387 symmacho

1165 2391 1363 2436 pervasirunr
1389 2396 1494 2428 §edem
1519 2398 1584 2437 ey‘us
1605 2420 1612 2428 .
1640 2396 1756 2432 Petrus
1782 2422 1792 2437 ,
1823 2400 1898 2432 licet
1918 2400 2047 2434 tantum

1170 2442 1350 2483 Vifitator,
1376 2445 1550 2479 damnatur
1572 2455 1648 2480 ante
1661 2447 1880 2492 Anti-Papam
1902 2450 2049 2484 Lauren.

1169 2494 1272 2528 tium.
1302 2494 1345 2528 Et
1365 2495 1476 2538 primae
1494 2496 1686 2543 Symmachi
1709 2497 1881 2533 Pontificis
1901 2500 1942 2534 ad
1966 2500 2049 2534 indi-

1169 2545 1249 2577 stam
1274 2541 1335 2577 hac
1358 2545 1400 2582 de
1420 2547 1513 2582 causa
1544 2546 1716 2589 Synodum
1755 2559 1863 2594 preces
1890 2551 2045 2592 fuerunt,

1169 2603 1202 2629 ut
1211 2598 1346 2627 Virtator
1359 2618 1370 2635 ‚
1397 2601 1449 2639 qut
1463 2606 1566 2630 contra
1578 2599 1783 2641 Religionem,
1809 2609 1912 2633 contra
1922 2602 2047 2633 statuta

1171 2648 1306 2677 Veterum
1325 2667 1335 2683 ,
1361 2646 1415 2678 vel
1430 2655 1531 2678 contra
1551 2649 1682 2690 Regulus
1707 2650 1856 2690 Majorum
1883 2673 1894 2690 ‚
1917 2653 1937 2682 ἃ
1955 2659 2048 2692 parte

1171 2696 1252 2727 Cleri
1263 2694 1315 2727 vel
1326 2694 1475 2736 aliquibus
1490 2699 1591 2730 Laicis
1611 2696 1714 2738 fuerat
1732 2699 1919 2742 postulatus,
1946 2712 1985 2734 ex
2003 2712 2047 2734 or-

1171 2746 1322 2777 dinatione
1358 2745 1527 2785 antistitum
1547 2771 1557 2786 ,
1577 2745 1650 2788 ficut
1672 2749 1795 2784 decebat
1809 2749 1950 2793 sanilam
1975 2753 2051 2783 Pro-

1167 2793 1290 2836 positum
1307 2818 1318 2834 ,
1341 2801 1444 2837 prima
1456 2795 1559 2836 fronte
1581 2797 1745 2838 auferretur
1775 2823 1782 2831 .
1810 2801 1958 2846 Quaestio
1980 2801 2026 2835 est
2040 2827 2052 2843 ‚

1174 2845 1337 2890 Qisnam
1358 2844 1477 2880 Canon
1504 2857 1592 2882 vetet
1618 2849 1778 2883 Romanae
1805 2850 1955 2885 Ecclefiae
1981 2850 2051 2885 dari

1173 2893 1414 2928 Vilitatorem?
1437 2895 1875 2944 SeveriniBiniimarginale
1900 2901 2051 2935 scholion

1175 2943 1290 2979 habet.
1319 2943 1502 2985 Vist‘taetorem
1522 2950 1587 2982 Rex
1607 2948 1751 2989 patestate
1772 2950 1879 2994 abusus
1894 2975 1904 2991 ,
1931 2950 2051 2993 utfi’dl·

1173 2993 1299 3027 tionibus
1312 3006 1487 3037 occurreret,
1504 2998 1628 3031 dederat
1639 3022 1647 3030 .
1677 2999 1852 3037 Existimat
1865 3014 1931 3035 non
1945 3002 2049 3044 ipsum

1173 3044 1403 3090 visitatorem,
1431 3047 1484 3081 sed
1496 3046 1563 3090 ejus
1575 3048 1710 3085 Laicam
1735 3050 1948 3087 intrusionem
1961 3051 2049 3085 dam-

1175 3095 1259 3129 nari.
1288 3095 1357 3128 Alii
1371 3106 1486 3139 putant
1509 3097 1668 3133 Romanae
1693 3101 1860 3141 Ecclesiae,
1888 3113 1955 3134 non
1981 3102 2052 3135 uni-

1171 3157 1246 3179 cum
1267 3169 1278 3190 ,
1304 3143 1350 3179 uti
1374 3146 1598 3183 Cantuarienli
1619 3149 1652 3182 ὃς
1671 3150 1905 3194 Lugdunenfi,
1934 3149 1985 3184 sed
2009 3152 2053 3186 se-

1173 3205 1260 3245 ptem
1283 3196 1375 3232 fuisse
1397 3195 1590 3233 Vifitatores
1611 3209 1705 3233 natos
1729 3212 1735 3231 :
1764 3199 1898 3245 Utique
1928 3202 2050 3245 septem

1172 3245 1365 3280 Cardinales
1402 3247 1583 3292 Episcopos
1607 3274 1618 3289 ,
1657 3260 1795 3290 quorum
1837 3252 1961 3294 semper
1987 3253 2053 3286 fuit

1176 3295 1291 3332 Romae
1316 3297 1440 3331 Divina
1464 3297 1577 3332 indies
1599 3299 1708 3336 officia
1728 3310 1784 3343 per
1807 3301 1891 3335 vices
1914 3301 2055 3336 celebra-

1175 3358 1208 3380 re
1233 3372 1240 3379 .
1273 3341 1471 3390 Respondet>
1498 3360 1604 3382 veram
1637 3350 1783 3384 damnati
1825 3350 1912 3386 Petri
1941 3353 2052 3387 Altini

1175 3397 1303 3434 causam
1338 3397 1425 3433 edici
1458 3399 1478 3433 a
1516 3399 1714 3437 Primatibus
1748 3403 1885 3444 praefatae
1921 3402 2052 3445 Synodi

1931 3451 2007 3500 Epi«
