2372 3756
599 163 879 211 Qirurum
916 144 1234 196 Romanum
1269 148 1653 193 Concumm.

399 280 432 325 S
467 294 495 324 c
530 293 562 324 H
596 293 629 323 o
664 295 688 328 1.
724 295 741 326 1
777 293 810 324 ο
845 294 898 329 ΝἸ

219 385 399 494 QZ&
423 397 492 421 non
514 385 662 424 solicum
683 384 898 427 suaEcclesia
911 382 1087 426 Episcopi,

337 436 390 472 sed
411 438 446 471 δε
467 437 574 483 quivis
600 449 676 472 cum
687 438 747 470 suo.
756 434 856 477 titulo
867 433 1089 476 Clericispiri-

89 526 95 532 ,
351 487 439 522 tuale
450 497 546 531 atque
554 486 727 527 immobile
734 483 876 526 habeant
885 483 1088 528 conjugium,

45 524 129 566 EP¹st·
154 536 179 558 ι·
214 536 300 573 recte
316 537 456 579 advertit
475 538 510 572 in
533 538 647 574 litteris,
670 536 711 570 ad
722 533 907 569 Robertum
919 533 1089 567 Pontinia-

214 588 315 622 censis
334 587 530 630 Monasterii
550 586 696 621 Priorem
717 584 901 628 Stephanus
909 585 1089 628 Episcopus

213 638 254 671 T
253 638 452 679 ornacensis„
480 636 665 677 Amborum
691 635 863 669 vinculum
890 634 935 672 est
947 633 1089 669 omnine>

215 686 355 726 traditio
371 686 561 732 Apostolica
579 708 589 725 ,
617 687 704 730 prius
734 695 843 719 tamen
873 685 937 719 fuit
968 685 1090 727 semper

214 737 317 783 longe
337 738 482 777 firmius..
510 735 675 776 Clericum
700 736 791 769 enim
802 734 842 769 de
853 734 957 774 titulo
967 758 983 779 ,ι
1006 733 1091 768 intra

214 788 355 827 candem
382 784 600 826 parochiam,
626 786 667 819 ad
689 785 823 822 titulum
833 785 1004 820 transferre
1014 783 1091 816 sem·

215 849 272 882 per
293 836 388 876 licuit
400 836 568 879 Episcopis
579 860 586 867 .
614 836 744 878 Semper
770 835 848 869 item
860 834 963 877 aliqui
977 832 1019 867 de
1032 833 1092 866 Pa-

215 883 332 926 rochia
355 885 399 925 ad⁴
417 885 610 920 parochiam
633 886 721 920 fuere
746 884 885 930 vagati,
910 884 946 918 &
970 884 1091 927 semper

215 945 400 983 repererunt
425 935 604 981 Episcopos
628 958 640 974 ,
664 935 686 978 ὲι
708 934 832 979 quibus,
853 933 1070 977 reciperentur
1083 957 1090 965 .

214 986 314 1023 Hinc
336 987 431 1021 omni
462 986 581 1022 sarculo,
601 987 785 1020 clamarunt
810 984 890 1019 varii
917 983 1095 1026 Canonesq

216 1037 342 1071 Alterius
363 1037 508 1071 clericum
530 1047 616 1072 nemo*
634 1042 777 1077 recipiat.
806 1034 899 1074 Nam,
921 1043 979 1069 aut
1001 1033 1094 1068 liber-

215 1086 409 1121 tatislibido
422 1112 433 1127 ,
458 1097 515 1128 aut
539 1086 740 1130 Episcopalis
761 1086 795 1119 in
808 1085 979 1121 commissa
988 1084 1095 1118 crimi-

215 1147 259 1171 na
278 1134 456 1180 disciplina:
479 1138 557 1180 fuga
570 1160 581 1175 ,
605 1147 661 1170 aut
677 1135 861 1171 seminandi
872 1135 987 1173 erroris
998 1133 1097 1178 pruti-

215 1196 267 1221 ως
286 1187 366 1226 fecit
379 1186 655 1232 paffimClericos,
673 1186 800 1230 vagari.
826 1185 940 1220 Etiam
951 1184 1098 1219 Clerico-

215 1247 289 1270 rum
316 1237 429 1281 inopia
455 1237 566 1281 plures,
587 1236 738 1271 Ecclesiae
763 1237 950 1280 frequenter
975 1234 1096 1268 labora-

215 1296 290 1320 runt
301 1307 312 1323 ι,
339 1286 382 1320 Et
393 1286 480 1320 filius
490 1286 621 1321 patrem
636 1311 648 1327 ,
662 1288 781 1322 ,servus
791 1285 980 1320 Dominum
995 1309 1007 1327 ‚
1017 1295 1098 1318 uxo·
1122 1300 1124 1302 v

215 1347 284 1370 rem
295 1336 430 1375 maritus
441 1347 511 1371 non
525 1337 628 1380 potest
641 1335 786 1376 deserere,
809 1343 866 1370 aut
877 1345 1003 1370 mutare
1012 1359 1019 1368 .
1049 1334 1097 1369 lta

218 1396 280 1420 nec
292 1385 439 1419 Clericus
465 1387 597 1420 titulum
606 1410 618 1426 ,
649 1385 751 1431 longe
761 1386 871 1420 minus
882 1383 1078 1420 parochiam
1092 1408 1104 1426 ,μ

217 1434 276 1469 Est
286 1436 429 1470 omnino
441 1435 636 1470 adulterium
647 1436 683 1470 ὅ(
694 1436 863 1479 Apostasia
877 1460 884 1467 .
913 1434 1016 1478 Cujus
1038 1434 1099 1468 Ca-

218 1485 322 1523 nonis,
342 1485 426 1519 adeo
436 1491 544 1519 'tenax
555 1486 617 1518 fuit
629 1484 783 1519 Romana
796 1486 918 1527 semper
931 1483 1075 1518 Eeclefia
1087 1507 1098 1523 ,

215 1543 255 1567 ut
274 1533 310 1567 in
333 1535 391 1568 suo
414 1533 589 1569 Chronico
600 1534 716 1571 scribat
728 1535 896 1574 Nicolaus
905 1535 1097 1568 Trivettus:
1124 1562 1127 1565 ,

215 1582 393 1626 Bonifatius
412 1583 535 1618 attavus
556 1583 661 1625 statim
669 1584 731 1627 post
737 1583 829 1628 suam
837 1590 1015 1625 creationem
1025 1586 1098 1625 Epi.-

45 1626 82 1656 Α·
99 1633 182 1661 ¹²94·
212 1631 338 1679 [iopam
355 1633 511 1680 Ostiensem
529 1633 619 1679 super
639 1634 816 1678 quibusdam
838 1639 870 1667 in
888 1635 1101 1668 Cardinalium

211 1681 379 1728 prasentia
409 1694 539 1729 arguens.
561 1686 706 1726 durifflme'
721 1709 733 1725 ‚
755 1685 846 1727 pallii
865 1683 919 1727 usu
938 1688 1082 1728 privavit
1092 1708 1104 1727 .y

217 1734 361 1768 Causam
383 1735 475 1779 supra.
498 1736 689 1778 expresserat
709 1748 718 1768 ι
742 1734 928 1775 ’σιτΙεΙΙὶηιιε
959 1740 1101 1777 quintus,

150 1819 154 1822 Δ
217 1783 357 1826 ιίσῙιιηέῖο
390 1782 540 1828 Epifiopo,
564 1784 683 1827 Ostienfi
692 1784 801 1827 fratre
833 1788 944 1817 Latino
974 1785 1101 1817 Ordinis

218 1837 366 1869 Fratrum
389 1835 646 1875 Praedicatorum‚
672 1841 705 1868 in
726 1836 782 1869 loco
801 1833 933 1878 ejusdem
950 1832 1103 1877 substituit

212 1884 348 1929 fratrem
356 1892 506 1929 Hugonem
517 1887 555 1919 de
565 1887 710 1926 Bellona,
736 1883 868 1927 ejusdem
880 1885 1005 1917 Ordinis
1016 1908 1027 1924 ,
1053 1889 1104 1926 qui

213 1935 310 1978 ptiust
323 1936 405 1968 tituli
431 1934 550 1969 saneiae
570 1936 691 1969 Sabinae
695 1934 805 1976 fuerat
818 1935 970 1972 Presbyter
995 1936 1104 1967 Cardi-

219 1985 316 2019 nalis..
344 1984 448 2025 Hunc
458 1985 540 2031 ergo
552 1985 641 2030 pallii
655 1986 714 2019 usu
727 1985 865 2029 privavit
886 1984 1100 2024 Bonifacius,

218 2033 311 2078 quod
334 2035 367 2068 se
388 2035 430 2069 de
450 2032 560 2069 vtitulov
576 2034 618 2070 ad
629 2035 765 2069 titulum
777 2034 938 2069 transferri
952 2032 1105 2077 permisis-

219 2085 267 2118 set
281 2109 288 2115 .
314 2083 408 2117 Hinc
431 2083 660 2118 Cardinalium
683 2085 928 2118 translationem
952 2095 1021 2118 non
1043 2083 1103 2116 nisi

221 2133 293 2177 post
312 2133 506 2167 exstinctum
529 2134 779 2168 Clementinum
815 2131 953 2167 schisma
975 2131 1105 2167 admisit

220 2184 375 2217 Romana
402 2183 544 2217 Ecclesia
557 2206 566 2216 .
594 2180 700 2231 Q'od
720 2182 800 2218 varii
813 2182 901 2217 tituli
916 2191 996 2216 tunc
1011 2180 1106 2215 habe-

220 2242 293 2267 rent
303 2232 452 2267 duosaut
477 2242 542 2266 tres
555 2233 746 2267 Cardinales
755 2256 768 2273 ,
795 2232 965 2266 translatio
978 2233 1041 2264 fuit
1053 2242 1106 2273 pe-

45 1968 81 1998 A.
101 1973 182 2003 1293.

180 2287 185 2295 “
220 2283 310 2316 nitus
319 2282 487 2316 necessaria
497 2307 506 2315 .
529 2281 645 2316 Postea
658 2281 789 2316 intravit
802 2282 1011 2323 &seniorum
1026 2280 1108 2315 Car-r

220 2331 380 2366 dinalium
399 2332 510 2375 optim
539 2330 582 2365 de
601 2331 694 2376 cujus
709 2331 841 2377 origine
852 2330 1019 2374 &justitia
1033 2341 1105 2364 eru-

220 2382 414 2416 ditiffimum
442 2382 636 2424 opusculum
655 2392 757 2425 nuper
777 2380 882 2416 edidit
909 2379 1107 2414 Eminentis-

221 2433 319 2465 simus
341 2442 379 2465 ac
401 2431 696 2465 Reverendiffimus
717 2432 887 2466 Dominus
914 2431 1109 2467 Franciscus,

221 2481 333 2516 Maria
344 2481 539 2517 Brancatius.
560 2481 744 2516 Cardinalis
758 2480 937 2525 Episcopus
950 2479 1105 2515 sabinen·

223 2532 281 2565 sis.
310 2531 410 2565 Istum
430 2530 511 2576 ergo
534 2532 594 2565 suo
613 2532 714 2565 etiam
735 2541 888 2573 tempore.
908 2530 1105 2575 grassantem

223 2580 359 2616 abusum
386 2581 531 2624 praesenti
543 2580 681 2614 Canone
690 2581 891 2624 compescuit
905 2578 1013 2613 noster
1024 2579 1106 2612 Gre-

224 2631 352 2676 gorius.
382 2629 483 2664 Reae
502 2629 650 2664 addidit.-
681 2631 751 2666 sine,
760 2630 877 2667 licentia
883 2628 933 2672 sui
943 2627 1085 2671 Episcopi
1101 2653 1108 2660 .

225 2681 372 2716 Clericos
393 2681 483 2714 enim
506 2679 548 2714 de
568 2678 730 2714 parochia
742 2679 842 2714 etiam
854 2677 895 2713 ad
909 2677 1105 2713 Parochiatn

226 2731 394 2765 transferre
415 2739 534 2765 mutuo
557 2731 717 2765 consensu
741 2730 864 2775 semper
885 2727 1036 2773 Episcopi
1049 2740 1108 2772 po-⁴

227 2791 382 2818 tuerunt.

276 2831 334 2867 Ad
353 2832 517 2874 quosdam-
534 2832 798 2868 pontiniacensis
814 2830 1009 2867 Monasterii
1031 2833 1107 2866 Fra·
1129 2843 1131 2846 ⁴

228 2889 292 2916 tres
313 2882 485 2917 resteolim
499 2884 619 2928 scripsit
640 2884 753 2918 petrus
775 2884 888 2918 Remis
900 2881 940 2916 ad
952 2882 1106 2916 Sanstum

229 2931 423 2975 Remigium
455 2933 569 2968 Abbas
592 2948 599 2967 ι
628 2937 766 2968 Primum
797 2940 1003 2977 argumentum
1033 2932 1107 2966 bene*

229 2980 389 3023 cmpofitae
409 2989 518 3019 mentis
540 2984 670 3025 existimo
688 2985 766 3028 posse
777 2982 918 3025 confistere
930 3007 941 3024 ,
967 2980 1107 3026 &secum

228 3036 339 3064 morari
360 3043 370 3073 ;
393 3029 550 3074 discurrere
572 3040 652 3068 enim
679 3059 691 3076 ,
718 3036 754 3068 Θ·
784 3035 908 3067 locorum
942 3038 1110 3070 mutationi»

228 3081 286 3115 bus
304 3085 490 3124 inquietari,
515 3089 588 3128 aegri
608 3090 703 3119 animi
717 3083 849 3126 jae‘latio
858 3083 898 3124 est
913 3108 920 3115 .
948 3086 1021 3116 Non
1029 3088 1108 3119 enim

228 3129 359 3174 coalescit
384 3132 446 3165 vel·
459 3133 635 3177 convalescit
651 3136 762 3178 planta
781 3159 792 3176 ,
818 3145 884 3177 quae
900 3131 983 3177 saepe‘
1010 3141 1110 3167 trans-

221 3180 345 3223 fertur.
374 3182 490 3216 Exstat
515 3183 663 3226 Epistola
686 3185 722 3218 in
748 3184 919 3228 spicilegio
931 3183 1028 3217 Lucae
1040 3184 1107 3218 Da·

229 3228 331 3266 eherii
348 3256 354 3263 .
382 3231 426 3265 Et
436 3231 478 3266 ad
498 3232 680 3268 Robertum
691 3233 835 3277 ejusdem
849 3232 1108 3269 pontiniacensis

230 3280 426 3316 Monasterii
446 3281 595 3317 priorem
629 3281 739 3318 scribit
769 3283 950 3327 Stephanus
978 3282 1107 3327 Episco-

62 3338 146 3378 Epist,
170 3350 195 3369 ¹,
231 3341 288 3373 pus
300 3331 537 3367 Tornacensis:
565 3334 688 3367 Plantae
697 3334 799 3368 deloco
809 3335 852 3367 ad
862 3334 1108 3376 locumtranslate

222 3380 371 3421 facillime
393 3381 546 3426 arescunt.
576 3384 621 3418 Et
646 3384 688 3418 ad
708 3384 818 3419 nescio
838 3395 935 3426 quem
947 3385 1111 3428 sagiensis*

231 3430 386 3467 Coenobii
408 3431 642 3474 Monachum,
666 3434 831 3470 volentem
858 3434 902 3469 ire
914 3435 1106 3480 Hierosoly-

1151 242 1237 268 mam
1262 252 1273 273 ,
1301 233 1435 266 Sanetus
1457 229 1633 267 Anselmus
1653 243 1660 262 :
1686 233 1741 273 Est
1766 242 1871 269 contra
1887 235 2030 283 pros‘effioa
2172 276 2178 282 p

1097 257 1108 832 Ι
1129 244 1216 1075 ›nem
1234 291 1340 323 tuam,
1366 294 1427 325 qua
1443 280 1596 324 promisisti
1616 281 1810 321 stabilitatem
1829 291 1861 324 in
1882 286 2025 326 Monaste-
2050 276 2213 314 L·3.Ep1st.

1879 165 1973 212 127

1151 341 1212 368 rio.
1241 333 1330 374 Etin
1353 332 1470 370 litteris
1491 331 1532 367 ad
1547 329 1656 373 Adam
1678 332 1885 371 Monachum
1896 337 2030 372 sanans
2053 325 2118 353 30¹·

1154 382 1335 422 Bernardus
1362 397 1375 417 .-
1401 385 1466 416 Duo
1490 388 1645 424 praecipua
1676 382 1758 414 nobis
1796 388 1828 415 in
1860 385 2031 426 Monasterio

1153 432 1394 478 conversantibus
1428 431 1613 475 observanda
1645 433 1810 464 traduntur
1840 444 1849 474 ;
1889 435 2032 475 Subjecqia
2104 470 2110 476 .

1155 484 1284 525 Abbati,
1315 485 1349 517 (ἃ
1364 482 1517 523 stabilitas
1539 489 1571 515 in
1592 484 1666 516 loco.
1694 481 1823 516 Ambas
1842 483 1973 523 laudat,
1998 485 2034 523 ὅς
2061 469 2147 511 51³¹st¹
2166 480 2193 505 ⁷·

1157 535 1286 580 pergit:
1311 537 1348 566 In
1367 533 1534 574 profeffione
1556 533 1697 577 Regulam·
1715 532 1756 574 fic
1771 537 1962 574 promittitur
1977 533 2038 573 sta·
2206 544 2209 551 ·

1156 585 1279 625 bilitas,
1306 592 1339 617 ut
1360 585 1398 616 de
1415 582 1596 626 subJellione
1623 583 1733 618 Abbati
1757 582 1927 616 exbibenda
1954 584 2036 616 nulla

1154 641 1278 677 penitus
1304 639 1410 667 mentio
1430 632 1505 675 fiat.
1534 634 1664 672 Diserta
1691 633 1723 666 in
1737 633 1939 676 profeffionis
1950 633 2041 668 codi-

1157 685 1237 719 cillo
1259 685 1416 728 expresiio
1435 684 1545 718 suadet
1566 682 1631 717 loci
1654 682 1863 724 stabilitatem
1874 685 1936 718 esse
1950 684 2038 726 prin·

1156 735 1345 778 cipaliorern
1360 759 1367 767 .
1382 733 1455 768 Esse
1466 733 1721 774 antiquissimam
1733 733 1940 777 disciplinam
1953 733 2041 768 lucet

1157 796 1200 819 ex
1225 785 1328 828 prima
1359 784 1444 828 apud
1474 783 1726 817 Illustriffimum
1753 783 1882 825 Lucam
1908 783 2043 818 Holstess

1159 836 1252 868 nium
1277 836 1468 880 Sanstorum
1488 834 1622 868 Patrum
1634 833 1675 867 ad
1687 832 1877 867 Monachos
1890 833 2018 878 Regula
2030 858 2042 874 ‚

1157 895 1225 928 quae
1235 884 1320 918 inter
1346 883 1509 919 Coenobia
1522 895 1635 927 pacem
1660 883 1779 917 firmari
1791 883 1884 926 jubet
1900 908 1911 923 ‚
1937 884 1970 917 δε
1987 883 2043 917 ad-

1157 933 1266 978 jungit
1279 947 1290 967 .·
1316 938 1388 966 Non
1401 934 1499 967 licebit
1508 935 1545 968 de
1556 935 1614 967 alio
1626 933 1867 976 Monasteriofine
1886 935 2043 975 voluntate

1158 986 1226 1026 ejus
1249 989 1301 1026 qui
1317 983 1423 1025 praeest
1446 986 1555 1017 Patris
1578 1008 1589 1024 ,
1608 984 1728 1026 fratres
1752 989 1880 1027 recipere
1904 1009 1912 1026 .-
1940 985 2045 1028 Rece·
2065 980 2136 1017 Cap·
2161 988 2203 1017 13·

1161 1044 1254 1078 ptum
1275 1033 1412 1068 affirmat
1432 1035 1502 1067 fore
1528 1033 1744 1079 Apostatam,
1775 1035 1990 1078 recipientem
2003 1032 2045 1069 ab

1160 1083 1404 1129 vEpiscoporum
1430 1083 1569 1125 synodo
1597 1084 1801 1126 puniendum
1828 1110 1834 1117 .
1875 1085 1918 1118 Et
1950 1084 2045 1126 tertia

1159 1134 1294 1179 Regula
1320 1147 1331 1179 ς
1356 1133 1533 1166 Monachum
1557 1159 1569 1174 ,
1595 1132 1651 1174 nifi
1671 1134 1798 1167 Abbatis
1827 1133 1877 1177 sui
1906 1135 2047 1178 permissu
2066 1136 2138 1173 Cap.
2163 1145 2206 1169 14·

1157 1193 1216 1217 aut
1236 1184 1389 1218 voluntate
1416 1184 1460 1217 ad
1491 1185 1579 1217 aliud
1611 1182 1819 1227 Monasterium
1853 1192 2050 1228 commigrans

1158 1243 1224 1269 term
1250 1236 1348 1268 nullus
1371 1233 1472 1269 abbas
1495 1232 1547 1267 au't
1566 1232 1713 1278 susi-ipere-
1726 1244 1778 1267 aut
1800 1240 1926 1272 retinere
1936 1233 2052 1277 praesu-

1159 1294 1248 1318 mat.
1276 1283 1380 1333 Qod
1403 1285 1510 1328 ipsum
1534 1280 1635 1318 habes
1660 1284 1693 1317 in
1722 1283 1920 1319 Monasticis
1941 1284 2053 1319 Sansti

1164 1333 1277 1369 Basilii
1290 1335 1428 1379 Regulis
1441 1350 1451 1369 .-
1478 1335 1526 1375 illi
1538 1340 1629 1368 etiam
1640 1334 1779 1368 Monac-hi
1790 1335 1950 1369 devitandi
1957 1333 2053 1377 sunt,
2072 1328 2134 1364 Cap
2146 1347 2151 1355 ·
2163 1329 2189 1354 8„

1161 1391 1218 1429 qui
1237 1383 1386 1425 instabiles
1409 1386 1574 1418 identidem
1597 1387 1688 1418 locum
1711 1387 1872 1419 demutant
1885 1410 1896 1425 ,
1922 1386 1956 1418 (τ
1969 1385 2055 1417 moda

1161 1436 1211 1468 ad
1231 1434 1283 1467 bos
1308 1458 1318 1474 ‚
1342 1436 1426 1468 modo
1450 1436 1495 1468 ad
1520 1436 1585 1468 illos
1608 1435 1729 1476 fratres
1752 1434 1787 1477 se
1808 1435 1961 1476 conferunt
1979 1459 1989 1474 ,
2021 1434 2057 1466 Θ

1160 1490 1327 1527 irrequieto
1350 1485 1410 1518 m‘li
1433 1490 1546 1527 impetu
1564 1484 1600 1528 se
1620 1491 1653 1518 in
1673 1484 1940 1525 circumlustrandis
1951 1484 2057 1524 affidud

1164 1534 1356 1574 monasterus
1368 1542 1507 1577 occupant
1524 1560 1534 1575 ‚
1555 1537 1597 1569 (9
1616 1543 1673 1577 per
1692 1533 2056 1577 fimulationemspiritua-

1162 1586 1209 1618 lis
1236 1584 1396 1618 charitatis
1425 1586 1524 1623 carnis*
1550 1584 1726 1621 libidinibus
1748 1585 1944 1628 obsequuntur
1968 1608 1977 1617 .
2006 1583 2053 1617 Et

1164 1632 1273 1669 infra:
1301 1634 1436 1675 Instituit
1459 1634 1547 1676 nostri
1566 1636 1680 1679 Regula
1692 1635 1743 1668 hoc
1752 1633 1844 1668 habet
1856 1659 1867 1675 ,
1899 1646 1958 1671 non
1972 1635 2057 1671 licere

1163 1684 1254 1718 mihis
1278 1684 1317 1717 ab
1341 1696 1376 1719 ra
1391 1683 1530 1727 sotietate
1542 1710 1553 1725 ,
1580 1687 1625 1719 ad
1644 1696 1734 1728 quam
1754 1689 1908 1728 aggregati
1925 1681 2030 1728 sumus
2043 1707 2056 1723 ,
2071 1671 2146 1710 Cap·-
2167 1672 2214 1708 38.

1156 1736 1323 1779 disjungi.
1354 1735 1398 1769 Et
1425 1734 1703 1769 Chalcedonensis
1732 1734 1907 1778 Synodus:
1936 1734 2057 1768 Placuit

1166 1785 1333 1818 Monacbos
1345 1791 1472 1827 quietem
1484 1787 1621 1831 diligere,
1638 1787 1673 1820 ὁ*
1683 1791 1716 1819 in
1729 1785 1799 1819 locis
1811 1800 1831 1825 ‚¹
1848 1784 1997 1826 inquibus
2014 1794 2059 1817 re·
2075 1788 2146 1826 Cap.
2164 1797 2194 1822 4·

1164 1841 1395 1876 muneraverunt
1418 1835 1525 1879 saeculo
1550 1860 1561 1876 ,
1583 1844 1761 1878 permanere
1788 1860 1795 1868 .
1823 1835 1926 1882 Qod
1954 1835 2060 1878 ipsum

1165 1886 1209 1919 in
1223 1885 1352 1919 novella
1363 1885 1404 1920 ad
1419 1885 1641 1930 Epiphaniam
1654 1884 1888 1927 Patriarlcham*
1899 1884 2061 1919 Constan-
2077 1909 2144 1944 Leg·
2153 1915 2182 1942 ς,

1166 1934 1436 1979 tinopolitanum
1449 1935 1521 1981 lege
1533 1937 1640 1971 firmat
1656 1936 1858 1980 justinianus
1870 1936 2062 1979 Imperator,
2077 1956 2139 1984 ξαρ,
2154 1956 2183 1981 7-

1167 1996 1237 2019 nec
1251 1998 1320 2019 non
1344 1986 1378 2020 &
1392 1987 1527 2030 septima
1549 1986 1721 2029 synodus.
1750 1986 1794 2021 Et
1807 1987 1848 2020 de
1858 1986 1975 2019 Sandio
1988 1985 2065 2019 Ful·
2079 1988 2153 2017 Can·
2171 1996 2199 2021 7⁴,

1168 2036 1311 2081 gentio,
1341 2036 1453 2078 quiad
1471 2035 1655 2071 Abbatialis
1666 2037 1867 2071 officii'onus
1893 2036 2064 2070 excutien-

1169 2086 1257 2118 tlum
1270 2085 1466 2128 migraverat
1486 2085 1617 2119 occulte
1630 2086 1671 2120 ad
1697 2086 1786 2120 aliud
1800 2085 2064 2124 Monasterium,

1169 2133 1285 2168 scribit
1299 2135 1334 2167 in
1345 2134 1413 2176 ejus
1425 2135 1491 2171 vita
1504 2136 1532 2168 F
1533 2135 1687 2175 errandus
1711 2137 1883 2169 Diaconus
1896 2147 1903 2166 z
1933 2134 2065 2176 Faustus

1170 2182 1344 2226 Episcopus
1365 2183 1539 2227 Epist-opali
1564 2184 1740 2226 audieritate
1761 2182 1850 2226 suum
1873 2184 1926 2227 effe
1960 2187 2065 2217 Mona·

1169 2232 1262 2266 thum
1286 2235 1479 2277 Fulgentium
1502 2234 1613 2276 allegat
1627 2258 1637 2271 ‚
1657 2233 1771 2274 fibique
1793 2234 1879 2265 reddi
1900 2233 1994 2267 &ubi
2003 2233 2063 2277 ipse
2082 2223 2155 2261 (33Ρῖ
2175 2229 2224 2258 15:

1164 2284 1288 2325 j‘ufferit
1299 2289 1406 2318 vivere
1417 2284 1524 2327 debere
1533 2281 1696 2323 confirmat.
1721 2285 1857 2324 Minatur
1868 2291 2063 2323 excommuni·

1168 2338 1319 2365 sationem
1333 2332 1605 2370 contradicentibus
1617 2355 1628 2371 ‚
1653 2329 1749 2374 ipsum
1760 2334 1831 2365 vera
1843 2332 2038 2377 Fulgentium
2049 2360 2062 2375 ,

1170 2379 1234 2421 nisi
1240 2377 1403 2421 consentiat
1417 2404 1429 2421 ,
1439 2379 1676 2415 inobedientibus
1691 2380 1817 2423 fimilem
1823 2390 2004 2424 pronuntiat
2008 2387 2063 2426 Ju-

1169 2430 1354 2463 dicandum.
1370 2429 1413 2463 Et
1429 2427 1620 2473 hujusmodi
1632 2430 1803 2466 Abbatum
1813 2442 1913 2477 atque
1927 2434 2062 2478 Episco-

1170 2490 1293 2525 porum
1306 2479 1347 2514 de
1357 2480 1538 2524 repetendis
1548 2480 1729 2524 Monachis
1742 2482 1814 2516 lites
1828 2483 1933 2527 plures
1942 2481 2061 2521 habuit

1169 2541 1187 2564 a
1197 2530 1311 2573 ntiqua
1321 2530 1423 2565 etiam
1436 2530 1581 2567 Ecclesia
1593 2557 1600 2564 .
1629 2530 1718 2566 Nam
1731 2533 1764 2566 ἀ
1775 2532 1954 2568 primatem
1965 2535 2061 2570 suum

1170 2579 1470 2624 Carthaginensem
1481 2580 1657 2617 Aurelium
1669 2606 1679 2621 ‚
1696 2582 1787 2626 quod
1801 2583 1921 2628 proprii
1938 2585 2059 2619 Mona-

1168 2629 1262 2663 sterii
1283 2629 1458 2664 desertores
1483 2630 1635 2665 eveheret
1666 2631 1707 2666 ad
1733 2631 1868 2668 Clerum
1901 2644 1957 2670 aut
1978 2634 2060 2675 aite‘⁴

1169 2680 1239 2714 rius
1261 2679 1457 2714 Monasterii
1482 2680 1731 2722 praefecturam,
1759 2683 1901 2727 graviter
1927 2685 2061 2729 arguit,

1169 2730 1206 2774 ck
1219 2730 1309 2764 suam
1333 2730 1632 2774 expostulationem
1645 2733 1679 2766 in
1697 2731 1873 2768 Canonem
1884 2734 1990 2780 redigi
2001 2747 2058 2770 cu-

1170 2781 1255 2815 ravit
1277 2782 1410 2815 Sanctus
1430 2779 1657 2827 Augustinus.
1684 2783 1736 2817 Ex
1753 2783 1873 2824 eodem
1888 2785 2057 2828 principio

1169 2829 1338 2875 degradati
1351 2831 1432 2866 olim
1443 2855 1454 2872 ,
1466 2833 1524 2874 qui
1538 2833 1632 2869 antea
1645 2832 1810 2873 Monachi
1825 2833 1965 2876 fuerant,
1978 2836 2059 2879 Epi-

1172 2881 1261 2925 scopi
1284 2881 1396 2924 pamm
1419 2882 1667 2918 remittebantur
1700 2884 1740 2921 ad
1763 2885 1824 2918 suae
1848 2885 2054 2928 profeffionis

1172 2931 1436 2972 Monasterium,
1461 2932 1609 2977 quodibi
1622 2934 1722 2969 effent
1740 2934 1976 2975 filiifamilias,
2003 2945 2054 2972 at-

1173 2993 1236 3025 que
1250 2980 1295 3015 ita
1308 2992 1460 3022 mutuum
1474 2982 1562 3022 ultro
1577 2984 1723 3029 citroque
1743 2985 1911 3023 vinculum
1924 3009 1933 3024 ‚
1960 2984 2052 3027 quod

1175 3031 1377 3076 Episcopalis
1403 3034 1571 3076 promotio
1597 3035 1735 3069 solverat
1756 3060 1767 3077 ‚
1793 3034 1985 3079 degradatio
2006 3046 2052 3069 re·

1173 3093 1311 3127 pararet.
1343 3080 1439 3116 Adeo
1464 3083 1594 3122 firmum
1615 3084 1679 3120 fuit
1700 3086 1821 3128 semper
1834 3084 1920 3118 istud
1936 3083 2051 3119 vincu-

1167 3133 1240 3168 lum
1251 3143 1287 3167 ut
1299 3144 1367 3166 non
1381 3132 1437 3166 nisi
1448 3133 1493 3167 ob
1516 3134 1700 3181 gravissima
1718 3133 1853 3170 crimina
1862 3156 1875 3173 ,
1901 3143 1959 3168 aut
1968 3135 2060 3170 alias·

1172 3183 1408 3229 urgentissimas
1427 3184 1537 3218 causas
1562 3209 1573 3226 ,
1593 3183 1841 3221 Monachorum
1862 3185 2049 3220 translatio-

1174 3245 1229 3272 nes
1253 3234 1391 3277 antiqua
1413 3232 1586 3278 disciplina
1623 3233 1829 3280 permiserit.
1857 3233 2048 3275 Monachus

1171 3296 1226 3328 per
1236 3284 1465 3328 profeffionem
1476 3284 1578 3321 donat
1598 3286 1805 3329 semetipsum
1818 3284 2024 3322 Monasterio
2035 3308 2048 3326 ‚

1169 3336 1202 3369 ὅ(
1226 3334 1291 3369 hoc
1313 3333 1402 3369 illius
1428 3334 1566 3378 acquirit
1590 3335 1819 3380 proprietatem
1843 3335 1879 3369 ἀ
1905 3336 2048 3371 strictum

1170 3385 1380 3425 dominium,
1406 3385 1501 3427 quale
1522 3386 1674 3420 Romana
1700 3387 1752 3420 lex
1774 3385 1831 3421 dat
1852 3385 1942 3421 Patri
1964 3387 1997 3420 in
2009 3386 2047 3419 fi-

1170 3437 1252 3473 lium
1266 3460 1278 3480 ,
1302 3446 1339 3471 ac
1350 3436 1503 3473 Domino
1520 3436 1555 3473 in
1568 3437 1696 3473 servum
1713 3461 1724 3479 ‚
1752 3437 2045 3483 ideoquedesertor

1907 3497 1994 3524 com-
