2372 3756
51 3037 123 3068 Lx
171 3035 206 3064 Ε-

53 3075 114 3113 pist.
127 3056 135 3065 ⁸
146 3087 168 3106 ι.

53 3114 140 3156 Epist·
161 3127 186 3146 ι.

561 84 848 117 εεΡτῐΜυΜ
883 71 1201 117 RoMANUM
1238 71 1628 118 CONC1LIUM.

190 169 250 202 quo
270 159 304 193 et
316 156 528 202 subsequenter
539 163 739 193 Romanorum
752 162 917 200 Imperator
929 157 1071 201 Augustus

189 212 372 244 veneranda
382 215 528 242 memoriae
539 215 688 246 Henricus
711 218 866 242 coronatus
880 209 918 249 est
931 233 942 249 ,
967 210 1000 241 (ν
1016 217 1072 250 pro

189 265 289 294 tantis
311 265 424 293 meritis
444 261 528 294 unice
544 260 727 302 glorificatus
751 259 902 302 triumpho
905 258 1048 303 ſsngulari
1061 283 1071 299 ,

190 314 271 345 unici
281 316 391 343 amoris
397 312 617 355 privilegium,
639 312 776 353 pellendo
796 310 970 343 idololatras
990 307 1072 351 fimo-

192 366 293 395 niacos
315 384 327 400 ‚
351 363 385 395 ⁴&
406 368 552 395 unitatem
574 361 710 404 Ecclefiae
732 360 931 402 defendendo,
955 368 1069 401 prome-

190 416 254 445 ruit
274 436 280 443 .
310 411 496 445 Cardinalis
520 412 638 446 Benno
661 411 706 446 est
728 412 836 455 palam
858 410 1001 444 mendax
1028 420 1072 444 at·

191 472 258 504 que
280 462 480 502 maledicus,
507 461 637 496 interim
660 461 727 496 haec
748 461 817 504 ejus
838 460 923 494 did’ta
945 470 1012 494 non
1026 471 1073 493 ca-

191 522 265 545 tent
285 512 522 546 fundamento.
552 511 687 546 Etenim
708 513 809 545 etiarn
832 511 993 544 Onufrius
1016 509 1073 543 Pa-

191 561 334 601 nuinus,
360 562 395 595 &
417 562 508 595 sacrae
527 563 560 596 δε
584 559 758 605 prophanae
779 560 985 604 antiquitatis
996 561 1074 603 peri-

192 611 331 646 tiffimus
349 636 360 651 ‚
384 611 418 644 in
433 612 660 646 Ecclesiastico
674 610 846 646 Chronico
865 611 1001 645 affirmat
1014 619 1074 644 tres

193 672 252 705 per
274 662 439 696 Sutrinam
463 662 635 704 synodum
662 664 792 696 coactos
828 659 868 695 ad
891 658 1074 696 cedendum

193 710 377 746 Pontifices
409 712 504 746 fuisse
530 711 742 746 Benedidium
768 722 894 746 nonum
919 735 929 752 ,
964 710 1075 753 Sylve-

192 762 298 796 strum
318 763 469 802 tertium,
495 773 533 796 ac
547 775 589 795 ex
611 764 737 806 Joanne
759 762 922 795 Gratiano
946 759 1074 803 Grego-

194 813 280 847 rium
299 813 446 845 sextum.
475 811 580 858 Qiod
604 813 709 854 ipsum
736 814 769 844 in
784 810 868 844 libro
893 811 933 844 de
945 809 1077 852 Episco-

193 871 313 906 porum
335 860 529 894 Investitura
552 861 659 895 firmat
681 860 883 895 Waltramus
897 860 1078 905 Episcopus

193 910 477 955 Naumburgensis
488 934 496 943 .

249 962 293 995 Et
314 961 393 994 hinc
412 961 515 994 oritur
534 960 675 995 secunda
697 961 832 1005 quaestio
854 985 865 1001 ,
895 960 951 994 An
979 961 1077 996 etiam

195 1013 306 1047 sextus
331 1011 510 1055 Gregorius
531 1012 628 1046 fuerit
649 1012 846 1045 simoniacus
872 1009 1045 1045 idololatra
1063 1011 1078 1042 ?

195 1061 366 1097 Affirmari
393 1061 513 1107 idjam
540 1063 724 1096 audivimus
747 1086 758 1102 ‚
795 1072 864 1095 non
903 1062 1032 1095 tantum
1059 1060 1077 1092 a

194 1111 367 1145 Cardinali
389 1111 569 1150 Bennone,
597 1113 648 1146 sed
662 1112 792 1155 insuper
804 1111 845 1145 ab
858 1111 932 1145 aliis
942 1111 1080 1154 Scripto-

191 1162 302 1196 sibus.
334 1162 443 1196 Etiam
465 1161 505 1196 ab
528 1162 595 1204 ipso
617 1163 683 1206 ejus
696 1162 869 1195 successore
883 1162 1079 1195 Clemente-

196 1211 400 1256 Respondeo
424 1224 491 1246 non
517 1213 634 1252 fuisse,
659 1221 716 1246 aut
733 1211 821 1247 certe
841 1210 952 1254 postea
975 1213 1007 1245 in
1024 1211 1080 1244 Pa-

197 1272 277 1306 patu
300 1261 392 1295 fuiffe
412 1261 583 1306 insigniter
606 1264 787 1296 correctum
801 1287 808 1293 .
837 1261 972 1298 Etenim
995 1262 1080 1295 Otto

198 1313 449 1355 Frisingerisium
473 1307 621 1346 Aualites
644 1338 654 1353 ,
691 1312 835 1355 Scriptor
857 1312 1080 1355 gravissimus,

196 1363 316 1396 diserte
338 1363 474 1396 affirmat
496 1364 602 1405 ipsum
627 1363 720 1396 fuisse
749 1362 854 1395 virum
866 1361 1081 1405 religiosum,

197 1411 374 1447 Canonice
392 1412 530 1445 ele-,stum
551 1412 585 1445 in
609 1412 731 1455 Papam
746 1437 756 1452 ‚
783 1423 821 1446 ac
845 1411 991 1445 Ecclefiae
1006 1411 1083 1444 libe-

198 1472 339 1497 ratorem
353 1485 363 1501 ‚
385 1460 498 1505 utique
519 1463 537 1495 a
560 1462 643 1495 vitio
662 1462 816 1495 Simoniae
839 1487 846 1494 .
886 1461 929 1495 Et
950 1461 1055 1505 pergit
1076 1473 1083 1492 :

198 1516 289 1549 Hunc
309 1514 513 1549 Gratianum,
543 1513 630 1552 Alpes
652 1510 927 1555 transcendentem,
950 1510 1084 1554 secutum

193 1561 283 1606 fuiffe
301 1562 430 1593 tradunt
452 1562 691 1596 Hildebrandum
704 1586 714 1601 ‚
740 1567 794 1604 qut
813 1561 992 1603 postmodum
1003 1564 1085 1594 sum·

199 1622 267 1645 mus
291 1610 434 1652 Pontifex
446 1610 578 1651 sallus,
605 1612 638 1643 ob
667 1615 732 1652 ejus
755 1623 883 1645 amorem
903 1636 915 1652 ‚
952 1617 1023 1653 quia
1049 1613 1086 1643 de

198 1656 347 1704 catalogo
370 1660 546 1702 Pontificum
564 1659 694 1703 semotus
708 1659 836 1701 fuerat,
860 1659 893 1703 se
905 1664 1084 1703 Gregortum

196 1709 361 1756 septimum
383 1716 485 1744 vocari
510 1712 604 1744 voluit
627 1737 633 1743 .
673 1714 752 1744 sicut
769 1716 801 1743 in
824 1714 945 1743 Lucano
970 1709 1088 1743 hahes:

202 1761 322 1796 Villrix
344 1759 432 1803 causa
454 1764 522 1793 Diis
543 1762 678 1802 placuit,
701 1760 764 1804 sed
784 1760 865 1794 vit‘la
885 1765 1014 1793 Catoni.
1041 1763 1089 1791 Ita

205 1812 242 1845 ὑ
265 1810 335 1843 huic
355 1811 556 1843 Hildebrando
579 1835 590 1850 ‚
626 1817 677 1853 qui
696 1810 813 1853 semper
836 1817 868 1843 tn
894 1809 1089 1851 Ecclefiasttco

202 1866 300 1904 rigore
321 1860 558 1900 constanttffimus
575 1860 663 1902 suit,
688 1859 778 1903 causa
802 1860 876 1901 ista,
906 1865 938 1892 in
960 1872 1020 1903 qua
1028 1858 1089 1902 fim-

203 1915 303 1945 eentta
330 1911 526 1952 Principis&
540 1909 927 1953 Episcoporumpraevalutt
942 1934 953 1951 ‚
981 1910 1090 1953 semper

202 1958 358 2003 displicuit
368 1984 375 1991 .
398 1959 648 1994 Hildebrandus
659 1959 739 1995 adeo
749 1962 878 1994 censuit
891 1960 1090 2005 Gregorium

203 2011 300 2045 fuiffe
321 2021 460 2053 purum,
487 2010 760 2051 immaculatum,
789 2009 1005 2055 degradatum
1031 2010 1092 2044 ini·

205 2060 272 2103 que
285 2084 296 2100 ‚
322 2060 356 2093 ὃς
377 2061 461 2094 male
472 2062 577 2093 rasum
590 2060 630 2093 de
642 2061 873 2093 Romanorum
885 2058 1090 2094 Pontificum

206 2110 320 2144 tabula
342 2133 352 2149 ,
392 2120 428 2142 ut
454 2110 550 2143 illum
571 2109 635 2152 jam
658 2109 783 2152 pridem
805 2110 998 2143 defuntstum
1025 2110 1092 2153 ipse

207 2159 309 2193 (astus
332 2158 492 2193 Pontifex
515 2159 625 2193 statim
649 2159 797 2203 repararit
816 2159 852 2192 in
865 2158 1026 2202 gradum,
1048 2171 1091 2193 re-

207 2209 368 2252 scripserit
391 2209 423 2241 in
449 2210 550 2242 sacras
572 2209 720 2248 tabulas,
745 2210 884 2243 Sutrinae
906 2209 1093 2252 Synodiju-

208 2258 334 2292 dicium
352 2258 531 2292 exsufflarit
546 2270 600 2301 per
610 2260 724 2293 omnia
735 2283 745 2300 ,
773 2259 806 2292 ὅ(
817 2259 848 2292 se
862 2270 929 2293 non
941 2260 1068 2293 sextum
1082 2284 1092 2300 ‚

209 2309 265 2342 sed
303 2308 477 2352 septimum
508 2309 707 2354 Gregoriurn
739 2309 891 2352 appellari
929 2309 1092 2349 voluerit,

209 2359 354 2400 ideoque
380 2360 414 2392 <Sc
440 2360 568 2392 sextum
604 2358 799 2403 Gregorium
824 2371 882 2402 pro
901 2359 1033 2404 integro
1059 2360 1092 2394 a&

211 2408 392 2442 Canonico
410 2420 448 2441 ac
469 2407 553 2442 male
574 2408 698 2452 dejesto
726 2409 890 2443 Pontifice
914 2420 967 2453 per
978 2420 1092 2444 omnes

210 2458 273 2493 sub
295 2458 381 2491 coelo
406 2458 565 2493 Ecclefias
588 2459 698 2493 haberi
725 2484 732 2491 .
764 2461 918 2494 sanctum
943 2459 1091 2494 Leonem

211 2519 342 2542 nonum
357 2532 367 2547 ‚
387 2509 542 2551 quoniam
563 2511 668 2544 ostavi
694 2509 817 2544 Leonis
839 2509 956 2544 elestio
977 2509 1022 2544 est
1037 2511 1092 2545 du-

212 2557 267 2592 bia
283 2582 294 2598 ,
317 2558 451 2600 quidam
476 2570 595 2592 vocant
618 2561 791 2593 ostavum.
815 2561 859 2594 Et
883 2560 971 2594 idem
995 2561 1039 2593 est
1052 2560 1092 2593 de

211 2605 406 2651 quibusdam
420 2608 494 2641 aliis
515 2607 745 2642 Pontificibus.
771 2609 819 2642 At
835 2610 1004 2653 septimum
1018 2609 1093 2644 Gre·

213 2660 348 2703 gorium
375 2669 472 2691 nemo
490 2669 635 2701 unquam
662 2660 788 2692 vocavit
813 2660 962 2693 sextum:
991 2659 1093 2707 Qod

214 2706 336 2751 nempe
354 2708 396 2741 ab
418 2708 486 2751 ipso
506 2710 618 2742 factam
645 2709 723 2743 sexri
743 2709 897 2754 Gregorii
921 2712 1093 2753 reparatio·

216 2768 295 2791 nem
319 2769 433 2791 omnes
446 2758 502 2792 sub
513 2761 596 2793 coelo
613 2760 756 2792 Ecclesia:
770 2759 921 2793 unanimi
941 2760 1092 2804 suffragio

218 2808 525 2851 comprobaverint.
555 2809 725 2844 Consonat
738 2809 860 2844 Glaber
872 2808 1070 2853 Rudolphus
1083 2836 1092 2852 ,

218 2856 363 2901 Scriptor
386 2860 464 2893 item
488 2861 689 2903 gravissimus
711 2885 722 2900 ‚
742 2861 774 2893 &
798 2871 865 2893 non
889 2860 964 2893 satis
985 2872 1093 2903 aequus

220 2906 256 2940 in
279 2908 466 2942 Romanam
493 2910 667 2943 Ecclesiam
684 2934 695 2950 ‚
716 2910 854 2953 ideoque
875 2910 942 2953 ejus
955 2909 1088 2945 Pontifi-

220 2967 274 2989 ces
298 2957 338 2990 ad
362 2969 493 3000 omnem
516 2962 721 2994 occasionem
755 2961 928 2995 consuetus
962 2972 1092 2996 notare.

222 3006 390 3040 Benedicti
424 3011 566 3044 excessus
597 3016 734 3054 exponit
755 3036 765 3052 ,
797 3023 835 3045 ac
871 3012 1093 3054 prosequitur:

224 3060 306 3090 Tunc
329 3068 392 3089 cum
413 3057 545 3102 consensu
558 3065 686 3093 Romani
694 3062 817 3103 populi,
840 3071 928 3104 atque
942 3064 1095 3104 Praecepto

223 3111 415 3149 Imperatoris
439 3110 545 3148 ejec‘lur
567 3111 605 3150 est
629 3113 644 3144 e*
665 3113 737 3146 Sede
760 3113 961 3153 Beneditlus,
978 3111 1095 3155 &ejufi

222 3158 291 3190 dem
316 3158 372 3190 loco
389 3156 562 3202 subrogatus
587 3161 625 3201 est
650 3167 701 3194 vir
724 3161 958 3206 religiofiffimus‚
976 3174 1010 3195 ac
1024 3161 1093 3206 san·

222 3208 327 3241 t‘t'itate
335 3215 505 3251 praectpuus
522 3214 678 3254 Gregorius
691 3234 700 3249 ‚
722 3219 840 3246 natione
860 3207 1012 3246 Romanus
1024 3236 1034 3252 ,
1049 3224 1095 3247 cu·

217 3259 271 3300 jus
294 3260 435 3292 videlicet
459 3259 536 3292 bona
550 3260 665 3301 fama,
687 3264 837 3304 quidquid
853 3270 938 3305 prior
953 3263 1093 3305 foedave-

222 3317 295 3348 rat,
315 3315 347 3341 in
371 3311 471 3342 melius
491 3309 671 3352 reformavit
689 3335 696 3343 .
723 3313 875 3347 Affirmat
897 3314 1093 3358 Gregorium

222 3356 263 3394 de
282 3359 369 3403 lepra
393 3360 568 3402 nequidem
591 3362 683 3396 fuisse
697 3363 873 3407 suspectum
887 3387 896 3397 .
920 3364 976 3398 Est
988 3363 1096 3399 adver-

1844 88 1902 134 23
1917 89 1936 132 5

1132 157 1203 192 sarii
1226 155 1473 195 testimonium,
1499 157 1638 202 ideoque
1660 159 1742 196 nulli
1753 160 1938 201 obnoxium
1950 175 2005 199 ex-

1132 208 1299 251 ceptioni.
1330 206 1371 240 Er
1394 205 1595 240 Guilielmus
1615 206 1905 248 Malmesberiensis
1929 215 2005 248 Mo-

1133 258 1262 293 nasterii
1282 255 1560 291 Bibliothecarius
1581 257 1709 292 scribit:
1737 265 1893 305 Gregorius
1918 267 2004 307 Papa

1128 308 1232 352 sextus
1245 332 1256 349 ,
1285 310 1375 341 antea
1386 307 1486 339 dictus
1499 309 1668 341 Gratianus
1681 333 1691 348 ‚
1719 319 1784 343 erat
1805 325 1922 357 magna·
1941 317 2006 348 ren.

1128 365 1226 403 gionis
1237 359 1270 392 Θ
1276 358 1471 402 severitatis.
1500 358 1712 391 Demonstrat
1734 360 1921 397 Romanam
1947 366 2007 398 Ec.

1133 411 1262 444 cleliam
1271 407 1393 452 abipso
1404 407 1497 442 fuiffe
1508 408 1679 453 insigniter
1689 410 1894 445 reformatam
1903 436 1910 443 .
1932 416 2008 448 Sex.

1135 469 1171 494 to
1182 460 1345 504 Gregorio
1357 458 1593 492 Pontificatum
1606 470 1686 492 mox
1699 458 1922 502 adgratulatus
1934 463 2009 503 fnit,

1138 510 1268 553 plenum
1279 510 1371 543 suum
1383 508 1424 543 de
1434 518 1524 542 tanta
1536 519 1640 542 rerum
1654 509 1739 551 apud
1754 510 1938 544 Romanam
1950 511 2012 546 Ec-

1137 561 1243 594 lefiam
1250 561 1434 594 mutatione
1445 558 1603 602 gaudium
1617 558 1769 601 professus
1779 561 1857 601 fuit,
1885 560 1918 594 δε
1930 561 2014 595 sum-

1137 621 1205 645 mas
1218 611 1294 644 Deo
1302 610 1424 655 gratias
1434 607 1555 642 cecinit
1567 609 1703 643 sanstus
1715 608 1829 644 Petrus
1855 610 2014 644 Damiani
2037 632 2039 635 ·

1139 672 1191 704 per
1204 660 1361 694 solemnes
1372 669 1414 693 ex
1427 660 1481 692 sua
1492 670 1602 693 eremo
1616 659 1757 699 litteras,
1784 671 1882 703 atque
1903 660 2016 702 adiun-

1138 712 1204 745 xit:
1235 715 1394 744 Laetentur
1405 721 1472 753 ergo
1481 710 1564 749 coeli,
1589 711 1746 743 &exultet
1756 719 1859 750 terra,
1891 708 2017 744 &an'ti-

1137 772 1225 803 quum
1230 761 1278 805 sul
1284 763 1368 801 juris
1374 761 1569 804 privilegium
1576 757 1747 803 serecepisse
1762 759 1867 801 sanlla
1885 762 2016 805 gratule-

1138 821 1187 844 tur
1198 810 1327 852 Ecclesia
1339 836 1346 843 .
1373 813 1557 844 Conteratur
1569 813 1640 851 jam
1658 811 1833 852 milleforme
1850 820 1940 853 caput
1963 823 2017 845 ve-

1140 867 1241 894 nenati
1254 860 1420 903 serpentis,
1445 861 1524 903 cesset
1545 866 1746 896 commercium
1765 860 1918 903 perversae
1936 873 2018 905 nego-

1138 917 1294 951 tiationis,
1320 911 1434 944 nullam
1436 913 1509 951 jam
1529 920 1676 944 monetam
1689 909 1838 954 falsarius
1860 914 1959 944 Simon
1984 917 2018 944 in

1142 960 1265 1001 Ecclesia
1276 960 1411 1001 fabricet
1422 986 1433 1002 ‚
1453 963 1536 994 nulla
1547 964 1652 1002 Grai,
1664 959 1947 1004 praes‘enteprovidi
1959 965 2018 994 Do·

1140 1012 1226 1043 Horis
1243 1009 1377 1053 absentia
1389 1034 1401 1050 ‚
1426 1013 1508 1044 lucra
1518 1020 1664 1053 reportet.
1686 1015 1719 1057 J
1722 1023 1771 1045 am
1782 1012 1914 1045 columba
1923 1022 2022 1045 rever·

1141 1069 1223 1094 tatur
1234 1063 1279 1093 acl
1300 1065 1406 1093 Arcam
1420 1085 1430 1100 ,
1456 1061 1490 1093 ὢ·
1511 1061 1681 1095 virentibus
1705 1063 1794 1095 olivae
1811 1061 1897 1103 foliis
1914 1070 2022 1104 pacem

1142 1117 1259 1144 nunciet
1278 1111 1430 1143 redditam
1451 1116 1540 1144 terris
1565 1135 1572 1143 .
1613 1115 1781 1152 Reparetur
1804 1123 1881 1145 nunc
1899 1122 2023 1146 aureum

1145 1161 1334 1202 Apostolorum
1348 1159 1507 1203 saeculum,
1532 1159 1746 1203 &praefidente
1763 1161 1861 1203 vestra
1885 1163 2024 1196 Pruden-

1143 1217 1208 1252 tia,
1235 1210 1434 1253 Ecclefiastica
1459 1209 1593 1252 refloreat
1620 1209 1795 1253 disciplina.
1824 1216 2021 1254 Reprtmatur·

1144 1267 1279 1294 avaritia
1290 1262 1334 1294 ad
1342 1259 1532 1303 Episcopales
1543 1261 1662 1302 Insulas
1675 1260 1882 1295 anhelantium
1896 1275 1903 1293 ε
1923 1265 2027 1295 Ever-

1143 1320 1247 1344 tantur
1270 1311 1432 1344 Cathedrae
1452 1311 1600 1345 columbas
1612 1314 1807 1345 vendentium
1820 1313 2027 1344 nummulario·

1144 1374 1210 1395 rum
1229 1386 1236 1393 .
1276 1361 1366 1395 Ante
1391 1361 1505 1395 omnia
1531 1362 1706 1406 expurgari
1734 1361 1893 1406 supplicat
1915 1362 2027 1395 Eccle-

1146 1413 1222 1446 siam
1234 1411 1451 1446 Castellanam
1464 1436 1474 1452 ,
1501 1413 1681 1446 Fanensem
1692 1437 1703 1453 ‚
1731 1423 1768 1446 ac
1779 1412 2003 1447 Pisaurensem
2018 1424 2027 1444 ε

1146 1460 1331 1495 Simoniace
1353 1462 1512 1495 intrusum
1524 1461 1746 1496 Pisaurensem
1764 1462 1965 1506 Episcopum
1976 1462 2031 1496 de·

1147 1512 1293 1556 gradari.
1322 1511 1404 1545 Haec
1425 1512 1539 1546 omnia
1561 1509 1712 1546 altiffimc
1734 1512 1878 1546 clamant
1905 1513 2032 1556 Grego-

1148 1564 1231 1595 rium
1253 1561 1294 1594 ab
1311 1562 1405 1595 omni
1418 1562 1569 1596 Simonia
1584 1563 1679 1596 fuisse
1689 1562 1900 1596 castissimum
1917 1574 1924 1594 :
1953 1561 2031 1596 Pro-

1148 1612 1260 1645 fessum
1284 1609 1410 1645 hostem
1436 1612 1608 1646 Simonias.
1638 1612 1892 1655 Sempronienfis
1919 1611 2032 1646 Eccle-

1149 1662 1195 1694 fiae
1222 1662 1338 1695 Clerus
1358 1673 1396 1694 ac
1420 1661 1562 1705 populus
1584 1663 1695 1697 nescio
1722 1673 1819 1706 quem
1842 1662 1934 1695 suum
1959 1663 2032 1696 Cle-

1149 1711 1252 1745 ricum
1275 1710 1418 1754 elegerat
1440 1710 1475 1744 in
1499 1712 1701 1755 Episcopum
1721 1725 1730 1744 .-
1758 1711 1932 1745 Canonice
1951 1737 1961 1752 ‚
2000 1711 2035 1746 &

1150 1761 1231 1795 citra
1252 1772 1388 1794 omnem
1411 1759 1555 1795 Simonis
1575 1759 1698 1804 lepram
1723 1786 1730 1792 .
1759 1760 1962 1795 Verumille
1988 1759 2038 1794 di·

1150 1812 1310 1855 gnitatem
1333 1810 1538 1846 ambiverat:
1566 1810 1728 1856 Alioquin
1750 1809 1908 1845 idoneus.
1939 1809 2036 1844 Affli-

1152 1863 1200 1895 &a
1223 1870 1290 1895 erat
1313 1869 1392 1894 tunc
1411 1860 1553 1895 Ecclesia
1573 1883 1583 1899 ,
1610 1861 1816 1906 pauciffimos
1836 1861 1961 1896 habens
1989 1862 2039 1895 in-

1153 1921 1262 1955 tegros
1286 1910 1467 1954 Episcopos
1486 1913 1520 1946 &
1540 1911 1689 1946 Clericos
1713 1936 1720 1944 .
1750 1911 1844 1946 Hinc
1870 1912 2037 1951 Electum,

1155 1962 1240 2005 prius
1261 1961 1453 2006 castigatum
1477 1961 1518 1995 de
1539 1961 1685 2000 ambitu,
1712 1961 1945 2005 dispensatorie
1959 1973 2040 1995 con-

1155 2010 1270 2044 firmari
1295 2035 1306 2050 ‚
1344 2012 1378 2045 &
1404 2011 1583 2046 consecrari
1609 2011 1627 2045 a
1655 2012 1821 2057 Gregorio
1842 2012 2037 2056 supplicavit

1155 2061 1242 2095 idem
1263 2060 1399 2100 Petrus,
1425 2072 1524 2105 atque
1545 2061 1697 2104 adjunxit
1719 2075 1726 2094 :
1753 2065 1848 2095 Unum
1871 2063 1928 2104 est,
1955 2064 2036 2096 unde

1157 2113 1285 2143 Pietatis
1304 2110 1409 2150 vestra
1434 2110 1551 2153 deposco
1569 2113 1771 2152 clementiam,
1799 2123 1832 2145 ut
1849 2112 1960 2152 sibime
1976 2123 2036 2145 non

1153 2157 1391 2203 consecraveritt's
1413 2185 1424 2200 ‚
1462 2161 1551 2194 donec
1571 2173 1617 2193 me
1634 2159 1755 2203 servum
1776 2161 1902 2200 vestrum
1921 2164 2038 2195 videri-

1154 2215 1217 2250 tIs,
1244 2211 1319 2243 nulli
1337 2209 1479 2252 praedtffl
1503 2209 1703 2254 Episcopatus
1727 2211 1913 2245 Cathedram
1924 2212 2037 2245 trtbua-

1154 2266 1214 2293 tis.
1244 2259 1357 2303 Itaque
1379 2261 1559 2305 Gregorius
1580 2272 1647 2295 erat
1669 2260 1752 2296 adeo
1779 2260 1903 2307 rigidus
1926 2264 2035 2297 Cano·

1157 2320 1237 2344 num
1262 2311 1372 2344 custos
1394 2335 1404 2351 ‚
1432 2311 1467 2345 &
1487 2319 1654 2355 reparator
1679 2311 1880 2354 disciplinae,
1909 2323 1945 2347 ut
1968 2325 2037 2347 nou

1155 2360 1259 2394 solum
1281 2360 1508 2403 ffimoniacos,
1537 2361 1700 2396 sedetiam
1718 2362 1932 2402 ambitiosos,
1960 2363 2038 2398 licet

1157 2410 1327 2444 Canonice
1349 2410 1467 2445 electos
1489 2413 1525 2446 &
1544 2423 1655 2446 caetera
1670 2412 1828 2452 idoneos,
1854 2413 1895 2446 ab
1905 2413 2039 2454 Episco-

1159 2461 1284 2503 palibus
1306 2461 1479 2495 Cathedris
1502 2462 1632 2505 penitus
1657 2463 1865 2504 proscriberet
1889 2488 1895 2495 .
1926 2462 2039 2498 Enite-

1157 2510 1252 2544 batur
1276 2510 1549 2555 Apostolicorum
1575 2523 1761 2556 temporum
1783 2513 2037 2548 sanctimoniam

1157 2562 1308 2594 reducere
1324 2582 1332 2591 .

1206 2610 1248 2644 Et
1261 2611 1334 2644 sane
1347 2610 1434 2644 aliud
1448 2623 1514 2645 non
1541 2612 1658 2645 fecerat
1670 2636 1681 2652 ,
1708 2612 1805 2657 quam
1820 2612 2037 2649 Benedic‘tum

1157 2671 1282 2695 nonum
1304 2672 1342 2694 ac
1364 2661 1562 2704 Sylvestrum
1586 2662 1720 2696 tertium
1742 2687 1752 2703 ‚
1779 2663 1819 2697 de
1841 2662 2037 2706 Apostolica

1156 2709 1315 2745 Cathedra
1340 2710 1504 2755 litigantes
1528 2736 1539 2751 ,
1576 2713 1734 2755 promissis
1754 2713 1787 2747 &
1806 2713 1969 2757 affignatis
1993 2726 2036 2748 ex

1158 2761 1349 2805 Apostolico
1372 2762 1572 2803 patrimonio
1595 2762 1828 2805 pensionibus,
1855 2762 1895 2797 ad
1917 2763 2038 2798 ceden-

1154 2813 1253 2851 dum,
1280 2811 1402 2855 istaque
1426 2812 1477 2845 via
1501 2812 1735 2856 pacificandam
1750 2813 1928 2847 Ecclesiam
1941 2813 2037 2848 indu-

1158 2873 1250 2897 cere.
1279 2862 1350 2894 lmo
1372 2873 1439 2895 non
1454 2862 1539 2905 ipse,
1566 2862 1617 2896 sed
1633 2864 1766 2897 Sanctus
1778 2863 2036 2898 Bartholomaeus

1155 2912 1287 2955 Cryptae
1306 2912 1443 2945 Ferratae
1466 2911 1826 2947 Abbasistosinduxit:
1855 2913 2036 2958 Gregorius

1155 2962 1325 2997 dumtaxat
1345 2961 1473 2996 addixit
1499 2962 1668 3006 pensiones
1692 2988 1699 2995 .
1728 2963 1771 2997 Et
1794 2962 1860 2998 hoc
1883 2964 1944 2997 esse
1967 2964 2058 3011 lici·-

1156 3025 1224 3047 tum
1247 3012 1367 3046 docent
1390 3012 1667 3047 Chalcedonensis
1689 3013 1817 3057 Synodi
1838 3013 1920 3048 Aeta
1948 3014 2037 3048 circa

1154 3064 1327 3097 Domuum
1350 3060 1538 3098 Antiochiae
1550 3062 1773 3098 patriarcham
1786 3087 1797 3103 ,
1823 3063 1906 3097 circa
1919 3062 2037 3098 Baffia-

1155 3125 1232 3148 num
1254 3114 1288 3147 &
1310 3112 1514 3156 Stephanum
1541 3113 1723 3158 Ephefinos
1747 3112 1926 3157 Episcopos
1947 3138 1957 3154 ,
2001 3114 2035 3148 δε

1155 3165 1238 3198 circa
1252 3163 1415 3197 Nonnum
1428 3161 1720 3208 Archiepiscopum
1739 3162 1933 3197 Edessenum
1948 3188 1955 3195 .
1982 3163 2034 3208 Ip-

1157 3216 1206 3249 sos
1225 3214 1396 3254 cedentes,
1423 3212 1491 3248 imo
1524 3213 1638 3248 cedere
1649 3213 1856 3257 compulsos,
1881 3213 1966 3247 dieta
1978 3213 2037 3257 Sy-

1159 3263 1260 3299 nodus
1281 3264 1325 3298 est
1339 3263 1546 3307 pensionibus
1557 3264 1723 3299 consolata
1737 3288 1744 3295 .
1771 3262 1897 3298 Verum
1911 3263 2037 3308 Grego-

1158 3317 1220 3350 rius
1244 3314 1454 3348 Benedittum
1480 3325 1517 3348 ac
1544 3314 1743 3358 Sylvestrum
1779 3312 1819 3347 ad
1841 3313 1899 3349 sibi
1919 3315 2037 3348 ceden-

1158 3367 1236 3401 dum
1264 3364 1426 3400 induxisse
1443 3364 1488 3399 est
1510 3365 1618 3407 visus,
1643 3365 1782 3410 ideoque
1802 3363 1888 3400 &de
1898 3365 2035 3400 Simone

1924 3415 1986 3449 sus-

2059 2123 2140 2163 Epist.
2164 2136 2190 2155 z.
