2372 3756
667 182 955 230 Quantum
989 164 1307 219 ‘Romanum
1340 167 1725 215 CONCILIUM.

276 267 334 303 per
347 267 438 300 quam
457 252 608 299 aliquibus
633 253 686 287 vel
693 263 790 287 nocere
810 253 864 286 vel
867 251 997 294 prodeffi·
1003 257 1145 292 poterant
1159 274 1167 282 .

281 308 432 344 Similem
445 307 585 350 priorem
597 302 979 338 excommunicationem
991 299 1101 334 laudat
1110 302 1166 343 Sy-

279 358 415 394 nodalis
436 356 478 391 ad
489 354 712 389 Coelestinum
734 351 931 386 Pontificem
953 348 1091 390 relatio,
1120 360 1165 383 at-

122 412 255 449 Fol.43o.
278 420 347 452 que
361 405 531 451 adjungit:
558 405 629 437 Illos
651 404 946 437 excommunicationi
965 397 1165 442 subjecimus,

281 464 418 500 omnique
440 455 621 489 sacerdotali
639 451 782 499 potestate
804 454 944 485 exuimus
959 473 970 489 ,
997 457 1032 481 ut
1053 450 1166 482 nullum

276 499 349 553 fuis*
347 505 507 551 sententiis
518 500 752 544 laederejqueant
765 525 772 532 .
799 498 900 545 Qod
911 509 967 533 eos
977 509 1046 555 non
1057 498 1168 543 degra-

282 558 407 600 daverit
429 554 609 600 Synodus„
633 550 722 593 iufc'et
744 561 786 584 ex
813 549 901 589 hisce
923 548 1029 584 verbis
1049 562 1056 582 :
1083 553 1166 592 Hoc,

282 610 398 651 utique
410 603 678 651 degradationem
691 624 702 641 ‚
729 609 791 635 tuae
803 603 932 634 Pietatis
940 601 1057 644 judicio
1075 598 1167 644 reser-

281 663 448 693 vavimus.
475 646 680 696 Et’inpriori
692 650 864 685 adversum
886 650 962 686 illos
974 650 1144 686 sententia
1158 662 1165 683 :

282 709 327 748 Ab
347 698 540 747 Ecclesiastico
562 707 764 736 communione
774 700 952 743 alienifint,
978 702 1093 734 nullam
1113 699 1167 734 ba-

279 760 381 800 bentes
388 754 570 798 facultatem
580 775 592 791 ‚
615 761 774 794 tamquam
788 763 826 786 ex
839 751 1015 786 auctoritate
1029 752 1167 786 Sacerdo-

279 802 335 841 rali
347 830 358 846 ‚
381 816 442 848 qua
452 802 601 846 aliquibus
615 802 668 836 v'el
676 801 884 837 detrimentum
897 802 950 836 vel
958 803 1166 841 adiumentum

277 855 401 898 afferre
422 861 535 897 queant
544 878 557 895 ,
581 848 721 895 donec-se
731 852 809 896 ipfin
819 849 1049 887 condemnantes
1062 877 1073 894 ,
1094 860 1166 895 pro-

269 913 375 949 prium
386 904 525 939 delidum
536 903 732 948 'confiteantur
741 928 748 936 .
775 905 816 937 12³
827 908 952 937 interim
958 911 1015 946 pro
1026 913 1103 948 certo
1113 903 1166 937 ba·
1197 942 1201 945 ,

275 958 377 995 bentes
390 980 400 995 ,
428 953 484 995 nili
489 955 623 988 celeriter
636 942 687 988 boc
693 952 889 996 praestiterint
901 977 913 994 ,
931 952 1004 998 fore
1023 963 1055 988 ut
1065 952 1165 996 perfe-

275 1007 354 1039 c‘lam
361 1004 646 1049 fintentiams'uxta
659 1008 816 1038 canonum
838 1008 966 1038 Decreta
989 1009 1147 1039 incurrant
1156 1029 1163 1036 .

276 1057 413 1100 joannis,
422 1055 513 1100 apud
521 1054 687 1098 Ephesum
699 1054 797 1090 fastio
809 1065 975 1101 artogarat
995 1055 1056 1089 sibi
1067 1065 1168 1099 gene·

273 1108 349 1142 ralis
359 1105 492 1150 Synodif
500 1116 622 1140 nomen
636 1129 647 1146 ‚
673 1115 772 1150 atque
783 1106 828 1140 ita
842 1106 878 1141 in
893 1105 984 1140 illius
995 1104 1164 1139 Praesidem

272 1157 474 1201 S.Cyrillum
487 1153 702 1206 attentaverat
712 1155 1176 1202 degradationem2affirmans-

273 1207 380 1250 ipsum
405 1219 459 1251 per
476 1205 564 1241 edita
587 1205 625 1241 in
636 1205 830 1241 Nestorium
848 1207 974 1242 famosa
985 1206 1171 1241 duodecim·

271 1257 417 1301 capitula
428 1256 491 1297 effe
510 1255 755 1301 Apollinaristie
776 1255 982 1301 blasphemiae
1003 1258 1163 1298 resuscita-

270 1317 377 1341 torem
390 1333 399 1340 .
423 1306 528 1355 Qod
540 1307 645 1352 ipsum
658 1307 807 1350 elogium
820 1306 960 1348 jaculata
981 1307 1026 1340 est
1045 1307 1078 1340 in
1093 1307 1163 1341 stre-

271 1359 376 1391 nuum
390 1357 511 1400 Cyrilli
522 1366 768 1399 cooperatorem
781 1382 792 1398 ,
818 1356 1040 1391 Memnonem
1059 1354 1163 1400 Ephe·

271 1408 379 1441 finum
394 1407 610 1451 Episcopum.
640 1406 785 1439 Aeacius
796 1407 960 1440 Melitinae
971 1407 1163 1450 Episcopus,

272 1455 419 1491 secundae
430 1454 596 1490 Armeniae
606 1454 826 1497 Metropolim
840 1478 849 1493 ,
873 1456 908 1489 ὃς
929 1455 985 1489 alii
1003 1466 1080 1490 cum
1093 1457 1162 1505 ἱρῷ

269 1500 399 1548 'Synodi
412 1503 570 1538 Primates
583 1527 594 1543 ,
610 1502 796 1538 clamabant
808 1506 871 1539 effe
884 1516 952 1539 non
966 1504 1162 1540 Ecclefiasti-

267 1564 344 1589 cum
354 1554 512 1598 judicium
526 1576 536 1592 ‚
561 1552 615 1587 sed
627 1553 795 1588 turbidum
816 1555 1028 1590 contumeliae·
1048 1557 1163 1590 convi-

267 1607 353 1639 tium
368 1630 378 1646 ‚
404 1605 546 1647 ideoque
567 1614 629 1637 nec
654 1604 859 1645 curandum,
886 1617 946 1639 nec
970 1604 1162 1641 authentice

266 1655 510 1689 exsufflandum
530 1678 536 1684 .
565 1652 797 1688 Reverendum
819 1664 929 1689 tamen
963 1657 1158 1690 censuerunt

265 1705 301 1740 ὅ(
313 1705 458 1749 Cyrillus
470 1705 504 1739 ὅ(
514 1702 679 1738 Memnon
695 1729 705 1744 ‚
723 1705 934 1749 segregarunt
946 1706 978 1739 se
987 1705 1005 1739 ὲ
1019 1706 1159 1748 Synodo

264 1766 434 1799 tamquam
447 1752 612 1799 degradati
626 1779 636 1796 ,
649 1755 684 1788 δε
696 1766 763 1789 non
778 1755 836 1789 nifi
848 1766 903 1799 per
913 1755 1158 1794 novostRoma-

261 1817 315 1840 me
327 1805 471 1840 Ecclefiae
482 1805 623 1849 Legatos
635 1803 778 1840 absoluti
793 1818 830 1840 ac
842 1806 987 1850 reparati,
999 1806 1040 1842 ad
1050 1806 1155 1851 ipsam

261 1853 446 1890 redierunt.
472 1854 619 1889 Reveriti
643 1855 719 1895 sunt
740 1857 911 1898 antiquam
925 1856 1075 1892 Ecclefiae
1093 1857 1159 1893 Re-

259 1904 375 1950 gulam
387 1929 398 1946 ,
424 1904 538 1947 quae&
551 1904 703 1948 injustam
721 1908 890 1941 cenluram
913 1907 1049 1942 mandat
1063 1907 1153 1942 time·

258 1955 289 1989 xi
304 1978 311 1987 .
339 1955 383 1989 Et
395 1954 480 1990 hanc
491 1954 689 1991 insolentem
700 1957 872 1992 audaciam
885 1957 1062 1992 froenatura
1077 1958 1154 1993 Coe-

259 2004 368 2040 lestini
384 2005 561 2040 Pontificis
573 2005 704 2046 laudata
718 2007 861 2052 Legatio
871 2032 881 2048 ,
897 2008 1017 2051 Joanni
1034 2019 1072 2042 ac
1084 2008 1153 2052 ejus

258 2055 393 2090 fastioni
416 2055 531 2100 injecit
554 2058 916 2094 excommunicationis
939 2057 1115 2101 capistrum
1141 2083 1152 2099 ‚

258 2114 358 2148 atque
378 2106 425 2139 ita
444 2116 580 2139 omnem
593 2105 750 2149 deinceps
775 2107 918 2142 nocendi
945 2118 1003 2142 aut
1020 2108 1152 2150 prodes·

259 2154 350 2187 sendi
367 2153 484 2197 eripuit
506 2154 557 2187 illi
580 2155 806 2189 auctoritatem
825 2181 836 2196 ,
860 2154 1011 2196 adeoque
1033 2159 1067 2191 δε
1081 2168 1152 2191 om·

257 2214 316 2238 nes
334 2204 450 2246 abipsa
461 2203 602 2237 absolvit
614 2228 623 2236 .
651 2205 696 2238 Et
716 2203 782 2239 hoc
812 2204 910 2247 juxta
924 2205 1068 2241 Decreta
1089 2207 1149 2242 Ca-

255 2262 408 2293 nonum‚
434 2252 549 2294 utique
565 2251 839 2295 Apostolicorum
852 2279 859 2287 .
886 2253 996 2288 Addit
1010 2279 1021 2295 ‚
1050 2260 1150 2290 Donec

251 2301 287 2346 se
308 2300 384 2345 ipsivs
394 2302 646 2343 condemnantes,
659 2303 718 2338 &c-
746 2302 849 2351 Qod
877 2303 995 2348 nempe
1016 2316 1149 2340 excom-

256 2352 444 2386 municatio
463 2351 690 2387 auctoritatem
724 2353 817 2387 istam
841 2365 909 2388 non
922 2356 1066 2396 auferat,
1093 2356 1146 2391 sed

255 2403 429 2436 dumtaxat
442 2400 611 2446 suspendat
625 2425 637 2442 ‚
662 2402 770 2438 donec
782 2415 837 2447 per
848 2404 1033 2449 legitimam
1054 2404 1146 2441 abso-

255 2452 420 2487 lutionem
432 2462 607 2487 revocetur.
634 2452 679 2487 Et
691 2451 770 2487 hinc
782 2454 934 2497 septimus
946 2455 1053 2490 noster
1066 2456 1143 2491 Gre-

255 2502 369 2546 gorius
381 2525 393 2542 ,
419 2501 497 2536 dum
510 2502 698 2537 Henricum
710 2503 838 2548 Regem
860 2504 902 2540 ab
912 2506 1142 2541 excommuni-

256 2551 391 2585 catione
412 2551 552 2586 absolvit
572 2577 584 2594 ,
609 2552 766 2597 singulari
788 2555 935 2589 Decreto
958 2556 1140 2599 suspensam

256 2601 394 2636 retinuit
415 2601 559 2646 Regiam
580 2602 805 2639 austeritatem
831 2629 840 2637 .
876 2604 954 2639 Fuit
974 2605 1140 2643 absolutio

254 2662 406 2686 truncata
431 2651 466 2685 ὅ(
478 2662 613 2685 manca.

305 2702 350 2735 Et
371 2700 462 2735 hunc
482 2701 658 2736 Canonem
684 2702 860 2746 respiciunt
883 2703 1046 2740 Vaticana
1059 2703 1139 2742 Aie-

252 2750 371 2785 xandri
384 2751 469 2786 tertii
481 2751 656 2786 Pontificis
668 2751 749 2787 Asta
760 2777 772 2793 ‚
797 2764 868 2796 qua:
885 2754 927 2789 de
948 2755 1020 2798 ipso
1045 2768 1083 2790 ac
1096 2757 1138 2792 de

251 2803 451 2846 Imperatore
462 2800 635 2837 Frederico
644 2802 750 2846 primo
764 2827 775 2843 ,
799 2815 915 2838 omnes
925 2805 965 2839 ad
979 2805 1137 2842 Anti-Pa-

250 2863 298 2895 pae
323 2852 497 2887 Ostaviani
517 2851 744 2887 obedientiam
770 2854 991 2898 compellente
1017 2881 1028 2897 ,
1066 2855 1135 2892 haec

250 2902 419 2938 scribunt.-
447 2903 525 2935 Cum
536 2904 652 2937 Beatus
673 2904 845 2937 Alexander
861 2907 950 2946 Papa
970 2910 1135 2948 Imperato-

249 2963 311 2985 rem
321 2951 444 2996 benigne
453 2963 488 2986 αι·
489 2951 667 2996 frequenter
679 2954 864 2986 admonitum
875 2978 886 2995 ‚
911 2955 931 2986 ἃ
936 2953 994 2998 sua
999 2957 1131 2999 perfidia

247 3012 307 3036 non.
314 3002 402 3045 poffet
414 3001 563 3036 ullatenus
572 3013 705 3038 revocare
715 3028 726 3043 ,
750 3013 815 3036 cum
826 3002 978 3046 Episcopis
1004 3008 1039 3041 (5
1051 3010 1130 3040 Car-

1977 183 2040 228 59

1224 259 1272 283 nae
1283 248 1530 283 consuetudinis
1540 249 1725 292 exemplum
1737 250 1869 286 adducit
1878 250 1979 286 etiam
1988 252 2022 285 in
2035 252 2099 285 Ec-

1223 298 1395 333 clefiastica
1418 298 1570 333 Historia
1595 297 1784 333 Anastafius
1811 300 2085 337 Bibliothecarius
2095 320 2107 338 ›

1195 350 1202 373 2
1224 348 1364 383 scribens
1375 349 1416 383 de
1428 348 1574 392 Pippino
1586 348 1784 382 Francorum
1800 350 1891 394 Rege
1903 376 1913 391 ,
1939 353 1974 386 ὅ(
1995 354 2105 386 secuu-

1225 399 1270 433 do
1290 398 1379 442 Papa
1390 397 1578 442 Stephano:
1607 401 1760 439 Pippinus
1767 399 1929 440 praeficitur
1937 407 2024 444 genti
2038 406 2106 443 pri-
2121 400 2179 434 Fol.
2191 411 2256 440 14¹:

1223 461 1290 483 mus
1312 460 1370 482 non
1392 448 1617 492 ignorabiliter,
1638 446 1775 491 sblvente
1789 459 1861 487 *eum
1887 450 1907 480 ἃ
1919 454 2051 490 perJ‘urio
2070 456 2104 485 in

1225 502 1335 543 Regem
1343 499 1502 541 commisso,
1531 498 1700 540 stephano,
1715 502 1779 541 aqui
1802 498 1837 531 &¹
1857 500 1992 532 attondit
2004 499 2104 545 Deces-

1222 548 1317 593 finem
1327 551 1390 591 ejus
1410 551 1519 592 Regem
1532 550 1736 584 Hildericum.
1766 549 1809 584 Et
1820 548 1954 589 Sanetus
1975 548 2104 593 Martyt

1223 597 1464 644 Theophanes:
1494 593 1643 640 Pippinus
1664 604 1698 632 in
1719 602 2028 643 Francorumgentem
2050 606 2104 634 im-
2118 593 2258 631 F01·337=

1219 656 1338 693 perium
1360 649 1508 689 obtinuit,
1532 650 1598 682 cum
1621 648 1786 691 stephanus
1807 661 1871 685 eum
1893 650 2051 692 aperJum
2072 655 2105 683 in

1224 705 1332 745 Regem
1345 701 1456 741 admaffi
1467 707 1547 736 metu
1559 697 1740 742 absolvtffet.
1767 698 1811 734 Et
1821 700 1862 734 de
1874 699 1999 735 Latino
2009 702 2026 741 ,'
2046 700 2106 744 qui

1224 751 1414 796 Imperatori
1428 749 1589 784 Michaeli
1600 748 1786 795 Palaeologo
1808 750 1923 794 ligiam
1947 759 2108 795 perpetuas

1223 801 1382 837 clientelae
1404 811 1481 836 cum
1505 800 1620 835 multis.
1636 800 2106 849 Sacramentisprofeffionem

1223 851 1364 891 fecerat,
1389 851 1521 896 Achajae
1543 851 1698 896 Principe
1719 850 1830 885 scribit
1859 851 2025 896 Georgius
2047 850 2108 885 Pa·
2121 862 2183 895 Lib.
2208 874 2235 896 1,

1219 900 1397 947 ,chymeres
1411 916 1422 936 .·
1450 905 1594 945 Princeps
1613 899 1752 945 manfiffet
1761 902 1903 944 perpetuo
1923 906 1957 936 in
1975 900 2038 944 fide
2049 909 2107 943 pa·
2120 912 2204 942 ezr.

1224 953 1337 986 aarum
1349 976 1360 993 ‚
1385 949 1441 993 nifi
1449 955 1537 995 Papa
1557 964 1589 987 re
1600 953 1707 986 audita
1725 952 1849 996 palium
1870 952 1947 988 illud
1966 948 2109 995 diffolvis-

1221 997 1267 1047 fet
1300 1027 1311 1044 ,
1348 1004 1578 1045 sacramentaque
1598 1007 1687 1039 irrita
1713 1003 1880 1046 declarasset
1901 1027 1908 1035 .
1948 1001 2109 1046 Princeps

1220 1052 1338 1093 enim„
1363 1062 1399 1087 ut
1412 1053 1551 1087 vinculis
1563 1053 1783 1089 exsolveretur
1805 1052 1952 1097 captivus
1964 1075 1975 1092 ,
2000 1052 2109 1087 fuerat

1225 1105 1400 1149 professus,
1427 1102 1567 1147 ideoque
1587 1102 1676 1146 Papa
1698 1104 1928 1147 profeffionem
1948 1102 2107 1137 irritarat.

1224 1154 1269 1189 Et
1280 1152 1504 1191 orthodoxum
1516 1154 1674 1188 Latinum
1686 1151 1898 1189 schismaticis
1920 1151 2041 1190 Graecis
2051 1162 2113 1187 no-

1203 1220 1205 1223 ’
1226 1205 1326 1245 luerat
1348 1203 1506 1249 obligari.
1534 1203 1578 1239 Et
1600 1202 1685 1238 hanc
1707 1203 1861 1247 Papalem
1882 1202 2110 1238 auctoritatem

1226 1256 1328 1290 Graeci
1350 1255 1492 1290 omnino
1512 1253 1651 1298 probant
1669 1280 1676 1288 .
1705 1254 1816 1297 Etiam
1837 1252 2026 1289 adscribunt
2048 1252 2111 1287 suo

1225 1305 1604 1350 Constantinopolitano
1616 1303 1823 1341 Patriarchae,
1845 1303 1983 1339 Etenim
1997 1302 2038 1337 de
2048 1300 2110 1337 Pa·

1225 1355 1362 1391 triareha
1374 1355 1540 1398 Arsenio,
1564 1367 1603 1391 ac
1614 1355 1685 1400 ejus
1693 1354 1832 1399 synodo
1845 1378 1856 1396 ,
1878 1364 1950 1398 quae
1959 1350 2111 1387 Michae-

1226 1406 1289 1441 lem
1301 1405 1549 1451 Palaeolog'um,
1575 1417 1676 1449 puero
1692 1405 1812 1449 Joauni
1823 1403 1956 1443 Lafcari
1976 1401 2110 1438 horren-

1224 1457 1264 1490 da
1282 1458 1456 1500 profestum
1469 1479 1479 1497 ,
1506 1453 1597 1493 dedit
1610 1457 1643 1489 in
1658 1454 1809 1500 Augusta
1824 1455 1989 1501 dignitate
1999 1451 2111 1488 Colle·

1223 1503 1298 1551 g'am
1312 1529 1323 1545 ,
1348 1505 1458 1540 scribit
1485 1505 1573 1540 idem
1596 1504 1819 1549 Pachymeres
1832 1519 1843 1539 .-
1867 1508 1938 1540 Haee
1957 1515 2032 1539 nunc
2049 1515 2114 1538 om-

1223 1562 1298 1597 nia,
1324 1556 1438 1599 utique
1449 1554 1519 1588 dira
1541 1555 1744 1597 profeffionis
1765 1556 1991 1596 Sacramenta,
2017 1564 2110 1590 caetus

1223 1603 1413 1649 Pmsulum,
1439 1613 1472 1639 ut
1499 1605 1574 1639 telas
1595 1615 1798 1649 aranearum,
1823 1606 1954 1651 alifi-upit
1978 1617 2013 1641 ac
2029 1604 2110 1649 fecit

1220 1661 1330 1690 irrita.
1358 1654 1532 1699 synodum
1548 1663 1642 1690 notat
1655 1679 1668 1697 ‚
1693 1666 1761 1690 non
1774 1656 1866 1701 quod
1885 1657 1951 1693 fine
1971 1656 2111 1697 auetori-

1221 1714 1308 1747 tate,
1335 1704 1390 1740 sed
1402 1705 1493 1750 quod
1504 1706 1568 1741 fine
1579 1706 1781 1752 competenti
1793 1709 1887 1744 causa
1907 1711 2112 1755 procesierit.⁴

1220 1757 1279 1792 llla
1301 1757 1395 1791 enim.
1415 1756 1593 1792 innoxium
1614 1769 1750 1803 puerum
1773 1769 1906 1804 paterna
1927 1760 1962 1795 in
1972 1761 2113 1806 plenum

1220 1807 1397 1852 Imperium
1418 1805 1606 1843 haereditate
1630 1820 1690 1844 nec
1712 1810 1850 1854 spoliare
1870 1819 2022 1856 poterat,
2049 1825 2112 1849 nec

1219 1857 1394 1894 mutilare.
1422 1857 1528 1906 Qiod
1550 1858 1648 1894 etiam
1674 1859 1824 1896 Michael
1848 1861 2036 1898 Cerularius
2049 1865 2113 1899 Im-

1218 1908 1357 1953 peratori
1379 1907 1503 1944 Isaacio
1525 1909 1704 1946 Comneno
1731 1910 1876 1954 dixerit,
1903 1918 2005 1948 Furne
2015 1925 2066 1959 ego
2081 1924 2113 1949 te

1215 1959 1371 2000 exstruxi,
1396 1971 1445 2004 ego
1467 1968 1497 1994 te
1520 1959 1666 2002 destruam
1682 1987 1693 2003 ‚
1717 1959 1782 1997 hoc
1799 1962 1844 1998 est
1858 1987 1869 2003 ‚
1895 1963 1985 2008 quod
2001 1964 2109 2008 ipsum

1215 2009 1391 2055 degradare
1409 2034 1421 2051 ,
1450 2010 1597 2054 adeoque
1622 2012 1656 2046 δε
1679 2012 1826 2048 subditos
1850 2013 1867 2047 a
1888 2015 2111 2049 Sacramentis

1214 2059 1380 2096 absolvere
1392 2060 1487 2095 fuerit
1500 2061 1644 2097 minatus
1656 2087 1668 2103 ,
1678 2062 1838 2099 testantur
1852 2063 1994 2107 Ioannes
2006 2064 2107 2108 Schy-

1214 2109 1291 2143 litza
1316 2110 1350 2143 &
1362 2109 1510 2144 Michael
1524 2111 1648 2154 Glycas
1659 2136 1666 2144 .
1697 2113 1742 2147 Et
1752 2114 1792 2148 de
1804 2113 2003 2157 Imperatore
2017 2117 2110 2150 Con-

1213 2157 1359 2193 stantino
1380 2158 1478 2192 Duca
1504 2169 1638 2203 uterque
1659 2159 1834 2206 adjungit:
1860 2165 1939 2196 Cum
1956 2163 2109 2207 spiritum

1214 2216 1380 2242 extremum
1389 2208 1504 2241 duceret
1519 2233 1529 2249 ,
1555 2209 1595 2242 ab
1616 2210 1752 2244 omnibus
1768 2209 1917 2254 scriptam
1938 2220 2102 2250 cautionem

1211 2264 1310 2301 exegit
1323 2282 1334 2298 ,
1360 2270 1420 2300 qua
1427 2259 1634 2300 pollicerentur
1655 2271 1818 2303 numquam
1831 2260 1867 2304 se
1888 2266 2104 2306 Imperatorem

1209 2309 1302 2341 ullum
1313 2308 1507 2352 admiffuros,
1534 2317 1621 2343 extra
1631 2321 1722 2353 quam
1729 2309 1798 2354 suos
1816 2311 1911 2353 filios.
1942 2317 1990 2347 Et
2001 2315 2100 2357 ipsam

1209 2362 1431 2402 Imperatricem
1437 2364 1614 2401 promittere
1625 2365 1714 2404 coegit
1732 2371 1892 2404 numquam
1908 2361 1942 2406 se
1953 2363 2097 2408 respeci'u-

1207 2420 1274 2442 ram
1288 2410 1334 2442 ad
1342 2411 1421 2442 alias
1436 2414 1560 2452 nuptias
1573 2436 1580 2442 .
1607 2412 1725 2453 Scripta
1748 2419 1847 2446 cautio
1866 2412 1942 2456 fidei
1959 2418 2096 2450 Patriae-

1206 2458 1270 2492 cbae
1315 2459 1450 2503 Joannis
1476 2459 1645 2503 Xiphilini
1672 2463 1791 2496 credita
1814 2487 1825 2503 ,
1851 2462 1980 2507 ejusdem
2000 2465 2099 2507 fludio

1206 2509 1422 2550 custodiebatur
1435 2536 1442 2543 .
1470 2510 1514 2544 Et
1538 2521 1645 2545 tamen
1658 2512 1772 2547 omnia
1794 2510 1862 2548 haec
1883 2515 2092 2552 Sacramenta

1206 2559 1402 2604 Xiphilinus
1419 2560 1516 2596 solvit
1528 2585 1539 2601 ,
1564 2561 1807 2606 Imperatricem
1819 2564 2009 2600 Eudoxiam
2018 2566 2090 2610 jun-

1202 2609 1252 2644 xit
1267 2610 1425 2645 Romano
1438 2611 1612 2656 Diogeni,
1638 2623 1676 2647 ac
1692 2614 1798 2658 ipsum
1812 2614 1906 2649 unxit
1927 2615 1962 2649 in
1983 2615 2089 2661 Impe-

1201 2669 1341 2694 ratotem
1355 2685 1362 2692 .
1391 2661 1435 2695 Et
1445 2660 1487 2695 de
1499 2660 1695 2697 Andronico
1717 2663 1915 2707 Comneno,
1941 2664 2086 2712 Augusti

1202 2708 1415 2754 pueriAlexii
1428 2711 1608 2753 parricida,
1633 2712 1985 2757 &Imperiiinvasore,
2012 2718 2084 2752 scri-

1201 2759 1249 2794 bit
1270 2759 1408 2794 Nicetas
1430 2758 1635 2795 Choniates:
1662 2765 1844 2798 Andronicus
1867 2767 1888 2798 ἃ
1901 2767 2083 2802 Patriarcba
2100 2769 2218 2803 L.1.c.r.

1194 2809 1248 2855 suo
1273 2811 1444 2845 &Concilio
1452 2810 1545 2843 aliam
1553 2817 1688 2855 gratiam
1693 2819 1793 2856 petit,
1819 2823 1854 2848 ut
1869 2817 2080 2860 jure-juran-

1198 2863 1257 2902 do,
1283 2862 1364 2903 quod
1372 2861 1505 2895 Manueli
1515 2865 1689 2904 Imperatori
1702 2888 1713 2904 ‚
1738 2865 1774 2899 Θ
1791 2865 1904 2907 infelici
1925 2868 1991 2908 eJ‘us
2006 2877 2079 2911 pue-

1195 2922 1227 2944 ro
1252 2934 1263 2951 ‚
1289 2910 1455 2946 trucidato
1479 2911 1603 2947 Alexio
1624 2937 1637 2955 ,
1662 2913 1789 2949 dederat
1808 2939 1820 2956 ,
1840 2914 1982 2959 solvatur
2003 2943 2013 2959 ,
2040 2930 2077 2953 ac

1195 2966 1296 2995 caeteri
1317 2964 1399 3002 una,
1426 2974 1499 3004 quos
1519 2963 1707 2997 Sacramenti
1727 2964 1835 2999 oblivIo
1864 2975 1999 3008 ceperat.
2025 2970 2075 3002 Illi

1193 3015 1265 3046 vero
1278 3035 1288 3050 ,
1313 3010 1398 3054 quasi
1417 3011 1526 3055 absque
1548 3014 1605 3047 ullo
1625 3012 1796 3056 discrimine
1820 3017 2015 3050 &vinciendi
2039 3020 2076 3053 &³

2124 1481 2243 1514 Las-2.

248 3051 400 3084 dinalibus
420 3056 453 3085 in
473 3055 568 3086 Coena
589 3055 711 3087 Domini
733 3054 818 3095 apud
842 3058 1011 3098 anagniam
1033 3056 1133 3101 ipsum
1186 3060 1323 3105 solvendi
1348 3062 1682 3105 quemlibetpottstatem
1692 3066 1880 3108 accepiffent‚
1896 3064 2003 3105 statim
2025 3069 2074 3101 lit-

247 3110 404 3143 tamquam
418 3104 613 3145 principalem
635 3100 767 3144 Ecclefiae
782 3102 993 3146 persecutorem
1016 3118 1133 3141 excom-

246 3155 455 3184 municationis
469 3153 586 3187 vinculo
599 3151 766 3197 solemniter
775 3155 938 3187 innodavit
948 3179 959 3194 ,
987 3157 1130 3192 &omnes

244 3206 300 3244 qui
309 3210 373 3234 cum
383 3212 413 3234 eo
418 3202 591 3243 juramento
596 3202 756 3244 fidelitatis
777 3203 951 3237 tenebantur
976 3206 1106 3247 adstric‘li
1116 3233 1128 3250 ,

241 3249 404 3294 secundum
413 3256 569 3292 antiquam
580 3252 822 3297 Praedecefforum
835 3257 962 3289 Parrum
983 3255 1128 3300 consuetu·

241 3300 345 3336 dinem
356 3325 369 3345 ‚
394 3300 434 3338 ab
447 3299 688 3346 ipsojuramento
712 3301 860 3348 absblvit.
887 3304 998 3349 Hujus
1019 3306 1126 3345 Pater·

1191 3116 1262 3145 teris
1281 3111 1396 3152 publice
1417 3112 1531 3154 adfixis
1554 3119 1765 3156 impunitatem
1785 3113 1926 3158 scelerum
1942 3117 2072 3160 perfidis

1190 3161 1380 3204 concesserunt
1398 3187 1405 3194 .
1433 3163 1569 3198 Etenim
1593 3163 1661 3198 haec
1683 3163 1823 3207 potestas
1859 3164 1934 3200 data
1959 3166 2006 3200 est
2034 3169 2071 3203 in

1189 3212 1439 3249 aedificationem
1452 3237 1463 3255 ‚
1489 3212 1805 3259 adeoquejudicium
1826 3215 1959 3261 requirit
1972 3228 2071 3262 atque

1187 3261 1365 3304 justitiam.

1770 3340 1785 3361 f

1842 3515 2016 3555 CANON
