2372 3756
115 698 178 731 1²01.
188 698 254 731 666.

117 816 178 847 'Fol-
188 820 258 856 398,

112 933 176 966 le.
201 940 227 967 6.

116 2704 150 2734 L.
172 2711 197 2739 3.
227 2710 253 2733 c.

122 2754 165 2777 17.

124 3321 158 3352 L,
175 3328 233 3350 hc,
255 3328 282 3347 2,
303 3317 358 3340 tur
390 3306 609 3348 Luitprandus
633 3303 822 3340 Ticinenfis
856 3304 1027 3337 Diaconus
1062 3317 1070 3336 :

365 120 463 168 134

289 194 450 229 Bene—dieii
458 195 660 228 reverentiam
665 200 723 235 pro
727 191 828 238 salute
839 198 953 227 animae
958 188 1024 234 suae
1030 199 1089 233 per
1102 193 1172 231 Pre-

287 251 404 286 eeptum
414 255 506 277 aurea
528 244 623 278 Bulla
645 243 812 278 roboratum
831 243 997 284 constituit,
1023 250 1056 274 ut
1078 245 1172 275 annis

284 291 407 340 firgulis
419 293 629 334 Monasierium
652 294 732 336 istud
751 305 789 328 ex
812 298 916 338 Regiis
937 292 1085 326 reditibus
1105 295 1173 324 auri

290 348 403 388 vginti
414 354 543 387 quatuor
551 344 648 379 libras
660 350 804 387 arefieret
816 368 827 385 ,
854 346 889 377 (ss
897 344 999 384 pallia
1021 351 1150 385 quatuor
1161 365 1171 380 ,

288 397 336 428 ad
344 392 828 440 nqliraefamiliaesuflmitaeionem
840 418 847 425 .
871 393 1019 427 Michael
1029 401 1097 427 erat
1109 391 1174 425 La·

289 446 438 480 tinorum
447 445 573 481 amicus
585 469 596 487 ‚
623 457 660 478 ac
671 445 770 478 etiam
783 445 945 478 Rornanae
958 443 1123 478 Ecclefiae.

338 495 431 542 Qd
455 496 494 530 fit
514 497 577 530 effe
599 493 950 538 Porphyrogenztum
975 490 1113 537 exponit
1137 490 1172 524 in

288 545 511 581 Ecclefiassica
548 543 684 580 historia
723 544 911 578 Anastafius
949 540 1174 577 Bibliotheca-

288 598 379 639 rius,
407 597 550 634 scribens
571 594 612 628 de
635 594 860 629 Constantino
885 591 1171 636 Leonisquarti&

287 645 396 683 Irenes
416 646 487 681 filio
500 659 510 678 :
537 642 719 687 incluserunt
734 656 799 679 cum
811 650 844 677 in
855 645 938 676 domo
948 652 1103 687 purpurea
1113 665 1123 679 ‚
1139 646 1172 674 in

286 709 348 742 qua
359 700 393 732 (ff
405 704 494 731 natus
506 721 513 728 .
543 696 587 730 Et
600 696 732 739 Martyr
756 694 982 737 Theophanes
996 706 1006 725 .·
1034 690 1171 730 Conslan-

287 755 385 783 tinum
396 754 429 780 in
442 745 612 788 Porphyra,
638 757 698 790 qua
714 746 846 788 primum
870 750 902 776 in
924 744 1014 776 lucem
1035 743 1171 785 prodiit,

287 799 464 833 includunt,
493 795 598 843 Quod
613 796 716 840 ipsum
731 795 839 831 scribit
863 793 1030 838 Georgius
1053 793 1172 828 Cedre-

288 861 368 884 nus.
397 849 442 883 Et
468 848 502 881 in
530 846 711 881 Aiexiados
739 845 829 880 libris
851 844 950 878 Anna
975 843 1169 877 Comnena:

289 902 414 934 Alexius
427 903 591 940 Imperator
606 895 759 941 Augustam
771 896 922 938 conjugem
944 899 977 928 in
998 905 1033 927 ea
1056 894 1171 927 Palatii

284 959 377 995 parte
388 946 592 991 diversantem
602 951 713 989 reperit
726 971 736 987 ,
762 957 829 988 quae
840 946 907 980 olim
924 950 1092 988 puerperiis
1118 948 1171 977 Au·

284 1000 438 1046 gustatum
449 999 488 1040 est
499 999 619 1030 dicata.
647 996 749 1030 AEdes
760 995 823 1037 istae
846 1001 975 1039 antiqua
997 995 1172 1038 appellatio-

290 1061 327 1083 πε
339 1048 546 1091 Ῥνορζῃταμιι
577 1050 720 1090 Purpura
748 1055 912 1080 vocantur.
941 1047 1024 1079 Unde
1046 1044 1171 1088 Porphy-

288 1107 485 1145 regenitorum
495 1108 597 1131 nomen
608 1097 677 1132 orbe
686 1106 745 1132 toto
758 1100 891 1131 Romano
895 1096 1019 1139 profluit
1032 1121 1040 1128 .
1067 1096 1111 1130 Et
1136 1097 1169 1130 in

288 1152 441 1195 sequente
454 1149 538 1183 libro
547 1162 558 1184 ,·
586 1147 641 1188 Est
652 1157 753 1182 autem
765 1150 903 1190 Purpura
914 1146 1070 1190 aedificium
1081 1148 1171 1190 quod-

287 1203 359 1234 dam
373 1207 456 1234 intra
463 1199 552 1244 septa
566 1200 736 1240 Imperialis
750 1200 865 1232 Palatii
879 1222 889 1238 ‚
915 1198 955 1231 ab
968 1197 1034 1241 ipsa
1045 1196 1109 1238 basi
1128 1195 1172 1240 us-

286 1264 342 1295 que
353 1253 398 1284 ad
408 1249 672 1295 tediisuggrundia
683 1251 834 1292 quadrata
845 1248 1036 1288 construdi'um
1042 1247 1148 1289 forma
1164 1272 1170 1278 .

287 1307 367 1336 Hinc
380 1308 413 1334 in
422 1302 606 1343 pyramidem
617 1299 746 1341 defitiens
760 1325 768 1332 .
798 1298 984 1342 Prospec‘lum
996 1298 1084 1330 habet
1109 1310 1169 1329 ma-

284 1363 317 1385 re
328 1354 454 1386 versus:
487 1357 520 1385 in
545 1362 610 1384 eam
635 1358 779 1392 partem,
804 1353 861 1393 quo
886 1347 1026 1392 visuntur
1048 1349 1170 1388 lapidea

284 1402 371 1437 boum
393 1414 428 1437 ac
447 1402 564 1435 leonum
569 1399 728 1443 fimulacra
744 1424 751 1432 .
777 1401 845 1433 sola
855 1399 1035 1432 exedrarum
1047 1396 1169 1438 constra-

280 1461 320 1488 ta
339 1463 507 1485 marmore:
537 1453 673 1485 Parietes
703 1448 864 1489 crustarum
887 1460 926 1481 ex
947 1450 1045 1482 eodem
1067 1448 1170 1489 lapide

283 1503 403 1537 tec‘iorio
415 1502 551 1535 renident
563 1525 571 1534 ,
598 1502 733 1533 Marmor
747 1501 836 1542 porro
849 1499 926 1531 illud
936 1510 992 1532 non
1005 1500 1042 1531 de
1053 1500 1171 1541 vulgari

279 1564 387 1599 genere
410 1574 419 1591 ‚
454 1560 507 1584 aut
532 1551 656 1583 modicis
681 1549 822 1592 parabile
837 1546 1012 1592 sumptibus
1027 1572 1037 1588 ‚
1066 1548 1169 1581 verum

283 1600 425 1647 eiusmodi
436 1602 517 1644 quod
520 1608 647 1642 propter
667 1605 811 1633 eximiam
832 1599 1038 1632 excellentiam
1053 1603 1168 1640 priores

283 1658 481 1696 Imperatores
504 1675 515 1693 ‚
553 1650 673 1693 quando
706 1649 811 1700 sedem
838 1653 957 1690 Imperii
984 1651 1165 1686 Byzantium

281 1703 519 1742 transtulerunt,
545 1701 702 1741 deportare
715 1699 770 1732 huc
791 1700 880 1741 usque
908 1700 928 1730 a
948 1707 1050 1732 vetere
1074 1702 1168 1731 Roma

282 1751 368 1788 tami
375 1752 543 1786 duxerunt.
573 1749 626 1789 Est
638 1755 665 1783 is
685 1750 766 1791 lapis
786 1757 956 1792 purpureus
971 1748 1043 1790 fere
1065 1757 1164 1782 totus:

283 1802 356 1845 W
370 1800 612 1846 quodpuneiulii
623 1799 747 1843 arenosa
759 1804 907 1833 tenuitate
915 1799 1018 1840 passim
1029 1797 1166 1841 inspersis

284 1854 444 1888 candicat.
474 1856 544 1886 Mea
549 1849 704 1895 sententia
715 1849 881 1891 estacolore
903 1849 1005 1881 borum
1030 1850 1168 1890 lapidum

285 1906 386 1938 aulam
408 1902 494 1946 istam
515 1909 699 1945 purpuream
719 1904 739 1934 ἃ
761 1898 872 1943 priscis
898 1899 1030 1932 dic‘iam.
1062 1900 1105 1933 Et
1134 1900 1167 1933 in

284 1953 511 1990 Constantino
537 1953 633 1987 Duca
663 1952 804 1994 Ioannes
816 1952 982 1985 Zonaras:
1009 1954 1169 1992 Imperium

283 2006 407 2048 reliquit
429 2003 525 2038 tribus
544 2001 615 2045 filus
634 2000 702 2046 suis
716 2026 727 2042 ,
748 2013 819 2044 quos
840 1998 961 2044 sustulit
970 2011 1010 2033 ex
1028 1998 1170 2045 Eugenia'

283 2059 404 2100 conjuge
422 2053 480 2098 sua
501 2079 508 2087 .
552 2052 727 2086 Michaelem
750 2053 871 2093 quidem
896 2052 931 2084 (θ’
954 2052 1171 2088 Andronicum,

285 2106 406 2150 quando
426 2104 525 2138 adbuc
540 2110 705 2145 privatam
730 2108 831 2134 vitam
846 2100 974 2133 ducebat
989 2106 1012 2139 ,'
1028 2099 1172 2138 Constan-

285 2162 382 2191 tinum
407 2158 478 2188 vera
503 2177 514 2193 ‚
539 2163 605 2186 cum
623 2154 695 2191 jam
721 2157 905 2193 imperaret,
929 2148 1052 2192 ipsaque
1078 2155 1169 2183 etiam

288 2210 428 2251 Eugenia
440 2205 486 2237 ad
494 2202 626 2247 Augustae
648 2201 784 2234 honorem
804 2199 926 2234 evec‘ia.
955 2204 1037 2235 Hinc
1059 2200 1111 2240 iste
1128 2198 1172 2242 so-

287 2258 413 2291 luserat
438 2253 728 2297 Porphyrogenitus‚
755 2263 842 2294 quem
857 2250 962 2289 statim
986 2255 1079 2284 etiam
1102 2260 1173 2283 ante

286 2307 363 2341 alios
392 2306 598 2347 imperatoriis
624 2301 789 2345 insignibus
810 2306 971 2335 exornavit
996 2324 1004 2332 .
1043 2299 1174 2343 Nempe

288 2354 530 2394 Constantinus
555 2353 590 2387 in
615 2353 739 2387 famosa
763 2352 797 2386 δε
827 2351 963 2394 antiqua
995 2350 1174 2395 quaestione

289 2406 484 2451 sequebatur
505 2413 652 2447 partem,
678 2414 750 2446 quae
773 2401 861 2435 filios
882 2401 954 2444 post
980 2400 1136 2443 adeptum
1156 2400 1174 2432 ὲ

290 2457 385 2491 Patre
410 2457 567 2500 Regnum
590 2463 774 2497 procreatos
802 2452 865 2485 suis
886 2461 962 2485 ante
985 2449 1068 2484 illud
1091 2450 1176 2484 natis

290 2504 442 2543 fratribus
455 2505 594 2538 affirmat
605 2502 772 2548 digniores
786 2525 796 2540 ,
823 2500 908 2535 acin
922 2500 1095 2545 dignitatis
1107 2502 1175 2534 suc-

289 2557 432 2592 ceffione
455 2554 666 2599 praeferendos
690 2578 697 2586 .
737 2550 887 2586 Adducta
909 2551 1047 2585 Zonara:
1079 2548 1174 2584 verba

291 2609 403 2642 laudat
416 2608 449 2642 in
464 2607 527 2641 suis
539 2604 580 2640 ad
604 2603 788 2649 Georgium
813 2601 985 2637 Codinum
1007 2612 1175 2635 commen-

290 2658 383 2692 tariis
394 2658 497 2691 etiam
509 2653 649 2699 Jacobus
662 2654 856 2693 Gretzerus,
882 2661 980 2693 atque
1001 2650 1172 2696 adjungit:

296 2710 352 2741 Alii
366 2707 623 2750 Porphyrogenitos
635 2703 727 2738 dietas
740 2701 878 2746 censent,
906 2703 988 2744 quiid
1010 2704 1103 2735 Patre
1118 2705 1176 2734 Im-

289 2768 429 2801 peratore
442 2759 475 2791 &
488 2760 626 2797 Purpura
639 2755 792 2796 imperiali
814 2751 954 2793 investito
979 2757 1045 2784 nati
1066 2751 1171 2795 essent.

295 2813 344 2841 lta
356 2811 515 2840 Zonaras.
543 2805 735 2839 Permotum
758 2802 912 2837 existimo
933 2801 1021 2836 hisce
1039 2802 1176 2836 Zonarae

297 2860 421 2892 verbis.-
449 2860 524 2889 Hinc
544 2855 594 2896 ilie
610 2853 693 2899 solus
721 2863 787 2888 erat
815 2852 1100 2897 porphyrogenitus.
1127 2852 1175 2886 At

296 2919 422 2942 certum
444 2908 489 2942 est
514 2906 599 2940 labi.
628 2905 762 2939 Etenim
785 2904 858 2946 quis
870 2913 997 2947 poterat
1007 2900 1175 2937 Patrelm·

297 2969 443 3003 peratore
467 2957 553 2991 nasci
577 2980 588 2996 ,
614 2955 647 2989 &
675 2966 741 2988 non
763 2955 826 2988 esse
847 2952 1176 2997 Porphyrogenitus:

299 3010 368 3055 Qui
383 3007 498 3050 nempe
509 3007 582 3041 casu
594 3017 651 3039 aut
662 3005 771 3039 studio
792 3014 884 3038 extra
908 3014 1100 3046 purpuream
1121 3003 1173 3037 do·

300 3070 391 3093 mum
413 3058 568 3092 edebatur
587 3057 620 3089 in
646 3057 752 3090 lucem
767 3080 774 3087 .
801 3054 914 3088 Nemo
936 3063 1047 3087 tamen
1069 3062 1177 3097 praeter

302 3109 443 3153 Augusti
469 3107 632 3150 Principis
654 3106 779 3149 prolem
802 3104 875 3138 istic
895 3102 1106 3147 edipoterat.
1134 3104 1176 3137 Et

301 3157 364 3191 hoc
390 3160 494 3192 solum
509 3158 578 3192 vult
593 3157 734 3199 Joannes
743 3156 907 3188 Zonaras.
937 3154 1034 3187 Error
1045 3164 1178 3192 tamen,

302 3219 399 3250 quem
411 3209 465 3249 ipss
478 3209 648 3241 Gretzerus
659 3205 745 3239 male
758 3203 934 3248 impingit,
959 3202 1101 3237 omnino
1123 3202 1178 3237 ha-

303 3255 372 3290 buit
388 3256 546 3290 Pan-onos
559 3282 568 3297 ,
594 3258 628 3291 &
644 3255 813 3290 adversum
827 3254 910 3297 ipsos
935 3254 1071 3288 scribere
1093 3253 1179 3287 vide·

1110 3306 1182 3336 Por-

300 3355 523 3399 phyrogenitum
548 3367 605 3388 nou
627 3362 659 3388 in
676 3364 834 3397 purpura,
855 3352 912 3396 sed
927 3360 960 3387 in
981 3355 1086 3391 domo,
1114 3365 1181 3396 quae

301 3404 454 3450 Porphyrii
479 3406 585 3439 dicitur
600 3429 611 3447 ,
639 3416 743 3439 natum
769 3405 882 3448 appello
907 3429 915 3438 .
957 3407 1002 3437 Et
1040 3410 1180 3447 quoniam

698 101 742 150 S.
783 101 1095 150 GREooRu
1131 114 1376 148 εεΡτῙΜῐ
1413 105 1787 155 Pounrrcts

1234 200 1280 222 res
1289 192 1417 232 procefflt
1430 196 1463 225 in
1476 195 1605 227 medium
1615 219 1625 235 ‚
1651 197 1732 238 quod
1751 199 1789 231 de
1811 200 2051 247 Porphyrogeniti
2065 215 2116 249 ge-

1236 239 1297 282 nest
1302 243 1478 275 audivimus
1491 268 1502 283 ,
1523 244 1734 287 proferamus.
1761 249 1974 289 constantinus
1985 260 2119 296 Impera·

1234 298 1282 323 tor
1293 291 1435 336 Augustus
1450 317 1461 334 ‚
1484 305 1523 327 ex
1543 297 1628 336 cujus
1648 302 1767 331 nomine
1785 300 2055 344 Constantinopolis
2076 305 2114 345 est

1231 336 1340 383 sortita
1365 343 1676 379 vocabulumeivitas
1688 371 1699 387 ‚
1724 349 1844 382 domum
1865 349 1950 391 istam
1972 353 2115 396 aedficari

1228 391 1332 433 J'uffit,
1360 393 1514 436 Porphyra
1523 398 1855 442 cuinomenimpofiiit‚
1882 402 2036 445 voluitque
2047 403 2114 446 suc·

1234 443 1370 485 ceffuram
1376 443 1444 487 suae
1456 446 1640 480 NobiIItatis
1646 445 1773 490 sobolem
1786 449 1846 490 istic
1854 456 1890 484 in
1899 453 1993 485 lucem
2010 456 2115 496 prodi-

1234 503 1287 533 re,
1314 502 1462 535 quatenus
1474 501 1525 538 qui
1529 494 1584 540 suo
1594 509 1631 531 ex
1636 498 1792 537 stemmate
1802 499 2010 544 nascerentur,
2035 505 2116 537 lucu-

1232 543 1317 575 lenta
1331 542 1388 576 bac
1395 547 1597 587 appellatione
1609 548 1849 594 Porphyrogeniti
1867 554 2094 595 appellarentur
2104 579 2113 586 .

1236 593 1332 627 Recte
1351 593 1452 629 dicit:
1480 598 1573 639 ,Quod
1594 601 1786 633 audivimus.
1817 601 1912 636 Istam
1939 604 2029 638 enim
2056 604 2114 638 do-

1234 654 1325 677 mum
1341 644 1375 678 ὅ(
1386 645 1574 690 Augustum
1588 648 1621 681 in
1635 649 1700 692 ipsa
1712 659 1839 694 partum
1853 663 1949 687 nemo
1959 654 2113 698 antiquus

1234 694 1519 737 Scriptorlaudat:
1549 697 1593 732 Et
1607 700 1753 742 primus,
1779 701 2116 749 cuiPorphyrogeni-

1232 743 1257 778 ti
1270 743 1404 779 titulum
1426 747 1564 781 memini
1589 748 1811 794 adscriptum,
1837 752 1901 787 fuit
1923 754 2117 788 Constanti-

1233 804 1294 828 nus
1307 795 1430 830 Leonis
1441 797 1547 841 quarti
1558 797 1591 832 &
1602 799 1710 835 Irenes
1722 801 1810 836 filius
1821 827 1831 843 ,
1855 802 1915 836 sub
1934 803 2026 847 cujus
2049 805 2116 839 Im·

1231 845 1322 889 perio
1333 846 1531 882 celebratum
1545 848 1607 882 fuit
1616 848 1789 894 septimum
1801 853 1993 889 Concilium
2005 879 2012 886 .

1284 895 1457 942 Quidquid
1470 898 1621 934 fitetiam
1647 900 1852 946 Parapinacii
1877 903 2055 939 Michaelis
2076 906 2114 939 fi-

1232 947 1297 980 lius
1310 947 1420 981 fuitin
1445 946 1507 982 hac
1528 949 1632 984 domo
1653 962 1765 986 natus.
1798 953 1842 987 Et
1866 953 2006 989 Roberti
2030 955 2116 989 Gui-

1231 997 1333 1031 scardi
1346 1021 1357 1038 ‚
1385 999 1441 1042 qui
1454 1009 1535 1033 tunc
1547 1000 1580 1033 in
1595 1010 1733 1045 utraque
1741 1002 1851 1038 Sicilia
1874 1015 1990 1047 potens
2006 1003 2114 1039 domi·

1233 1048 1372 1082 nabatur
1393 1071 1403 1088 ,
1430 1049 1534 1084 filiam
1561 1050 1730 1086 Helenam
1754 1051 1813 1086 fibi
1837 1053 2114 1098 desponsaverat,

1233 1098 1411 1141 scribitque
1435 1098 1477 1134 de
1500 1099 1562 1135 hac
1584 1103 1686 1136 Anna
1706 1102 1884 1140 Comnena
1904 1115 1913 1136 ε
1944 1109 2001 1138 Hic
2020 1109 2112 1148 porro

1231 1147 1395 1192 adolescens
1403 1147 1527 1193 sponsus
1541 1152 1665 1187 Helenae
1676 1153 1797 1186 Roberti
1801 1152 1910 1195 fuerat
1924 1177 1935 1194 ,
1953 1156 2048 1197 plane
2059 1162 2115 1188 im·
2130 1160 2191 1192 Lib.
2224 1172 2251 1192 1.

1228 1200 1358 1241 pollutus
1368 1211 1403 1232 ac
1412 1208 1509 1242 purus
1519 1225 1526 1233 .
1555 1201 1731 1245 conscripta
1743 1209 1823 1239 inter
1835 1203 1912 1248 ipsos
1924 1204 2113 1238 connubialia

1227 1249 1320 1291 pac‘ia
1326 1249 1458 1291 fuerant
1468 1274 1479 1290 ,
1502 1262 1686 1294 quamquam
1695 1265 1732 1287 ea
1743 1252 1977 1298 inconsummata
1996 1254 2113 1299 manse·

1231 1306 1315 1340 rint,
1341 1299 1422 1332 nihil
1430 1302 1510 1334 ultra
1531 1304 1725 1342 promffones
1746 1305 1918 1348 progreffiz:
1945 1309 2022 1339 Tum
2043 1312 2108 1348 qui-

1230 1351 1299 1383 dem
1308 1357 1433 1392 propter
1444 1355 1640 1385 immaturam
1645 1358 1732 1394 pueri
1747 1362 1868 1387 aetatem
1878 1377 1889 1393 ,
1899 1356 2009 1388 deinde
2020 1362 2113 1389 etiam

1230 1407 1350 1433 mutata
1375 1400 1538 1442 Republica
1555 1426 1563 1434 .
1606 1406 1762 1444 occupans
1780 1403 1928 1446 fiquidem
1953 1408 2114 1447 Imperium

1232 1449 1419 1492 Nicephorus
1442 1453 1617 1485 Botoniates
1629 1476 1641 1492 ,
1668 1465 1705 1487 ea
1725 1459 1847 1495 penitus
1867 1454 2011 1497 abrupit.
2039 1454 2115 1489 Nec

1230 1510 1341 1535 tamen
1352 1500 1518 1535 Helenam
1530 1501 1617 1538 Patri
1632 1502 1782 1537 Roberto
1795 1503 1937 1537 reddidit
1948 1528 1959 1544 ,
1985 1505 2039 1539 sed
2062 1505 2118 1540 de-

1229 1551 1331 1584 tinuit
1360 1550 1653 1596 Constantiuopoli
1676 1578 1684 1585 .

1230 1601 1377 1634 hominem
1393 1606 1555 1643 privatum
1577 1613 1614 1635 ac
1636 1603 1729 1636 alieni
1744 1610 1864 1647 generis
1876 1627 1887 1644 ,
1912 1604 2065 1639 adfirmat
2075 1605 2112 1640 in

1231 1651 1293 1684 suis
1315 1650 1572 1694 Byzantinarum
1594 1663 1699 1687 rerum
1726 1654 1985 1688 Commentariis
2006 1655 2114 1690 Caesar

1230 1699 1439 1744 Nicephorus
1479 1700 1644 1744 Bryenius
1657 1728 1664 1734 .
1702 1702 1746 1738 Et
1783 1703 1920 1747 quidem
1945 1703 2116 1749 Presbyte-

1228 1762 1319 1792 rum,
1349 1751 1406 1795 qui
1427 1752 1598 1797 sacrilegas
1617 1753 1803 1788 Botoniatae
1819 1765 1897 1788 cum
1919 1753 2114 1789 Constanti-

1229 1802 1262 1835 ni
1285 1812 1388 1835 matre
1409 1802 1518 1836 Maria
1540 1803 1669 1847 nuptias
1695 1803 1889 1839 benedicere
1910 1806 2116 1848 praesumpse·

1227 1861 1299 1892 rat,
1326 1850 1407 1886 reete
1417 1851 1588 1887 damnavit
1599 1853 1736 1889 Cosmas
1747 1853 1959 1890 Patriarcha:
1986 1855 2115 1890 Verum

1226 1903 1381 1937 damnare
1408 1901 1563 1937 debuerat
1587 1904 1672 1948 ipsos
1695 1904 1794 1939 etiam
1820 1905 1976 1949 profanos
2002 1905 2116 1948 conju-

1226 1964 1284 1998 ges
1297 1976 1305 1985 .
1335 1952 1430 1987 Hinc
1446 1962 1497 1987 tot
1523 1954 1726 1999 conglobata
1751 1954 1939 1989 Botoniatae
1958 1954 2115 1989 invasoris

1227 2002 1365 2038 crimina
1380 2026 1391 2043 ,
1416 2003 1451 2037 δε
1463 2002 1565 2038 bonas
1575 2003 1753 2039 Michaelis
1765 2005 1970 2040 intentiones
1981 2016 2115 2049 perpen-

1227 2054 1310 2087 dens
1323 2053 1479 2096 septimus
1491 2053 1598 2087 noster
1621 2054 1802 2099 Gregorius
1815 2079 1827 2096 ,
1852 2055 2012 2098 supplevit
2033 2055 2114 2090 Cos·

1232 2113 1292 2137 mat
1302 2103 1542 2147 negligentiam
1556 2127 1567 2143 ,
1596 2114 1634 2137 ac
1646 2104 1744 2137 istum
1755 2104 2059 2139 excommunicavit
2071 2130 2080 2138 .

1282 2151 1416 2186 Etlicet
1427 2153 1591 2196 resumpto
1603 2164 1660 2197 per
1682 2153 1887 2189 Michaelem
1907 2153 2116 2190 Cerularium

1231 2202 1454 2238 Patriarcham
1473 2202 1646 2237 schismate
1655 2204 1804 2238 adversus
1818 2204 2049 2248 Apostolicam
2062 2207 2116 2240 Se-

1231 2253 1306 2287 dem
1318 2262 1398 2287 tunc
1409 2252 1579 2286 rebellaret
1600 2252 1975 2296 Constantinopolitana
2001 2254 2114 2288 Eccle-

1229 2304 1273 2336 fia
1296 2327 1307 2343 ,
1347 2303 1650 2337 excommunicatio
1671 2313 1779 2336 tamen
1801 2315 1870 2337 non
1892 2305 1997 2338 caruit
2019 2305 2115 2339 omni

1231 2353 1347 2387 effectu
1363 2376 1371 2385 .
1396 2352 1501 2399 Qod
1511 2352 1792 2397 enimlmperator
1803 2352 1953 2387 Michael
1977 2353 2012 2387 in
2040 2354 2116 2388 Ma-

1233 2402 1337 2436 nuelis
1360 2401 1513 2445 deinceps
1523 2401 1730 2437 Monasterio
1743 2403 1887 2443 vixerit,
1911 2413 1950 2437 ac
1977 2403 2116 2438 tandem

1232 2453 1290 2487 sub
1311 2451 1424 2486 Alexii
1443 2452 1612 2486 Comneni
1636 2451 1776 2497 Imperio
1801 2454 1839 2486 sit
1866 2453 1989 2488 ibidem
1999 2453 2115 2489 defun-

1230 2505 1299 2537 stus
1322 2526 1333 2542 ,
1371 2501 1532 2545 quidquid
1558 2502 1700 2537 scribant
1732 2504 1876 2547 Joannes
1901 2504 2045 2548 Scylitza
2079 2505 2115 2544 ὃς

1235 2550 1537 2594 MichaelGlycas,
1564 2564 1633 2586 non
1644 2553 1689 2587 est
1702 2554 1829 2596 penitus
1840 2564 1984 2588 certum.
2008 2554 2114 2588 Aliud

1233 2604 1354 2637 clamat
1379 2602 1490 2636 nescio
1510 2602 1582 2646 quis
1610 2603 1645 2636 in
1667 2603 1815 2638 Siciliam
1827 2605 2027 2648 confugiens
2038 2603 2114 2637 Mo·

1235 2653 1378 2687 nachus.
1406 2651 1561 2687 Persuafit
1588 2654 1619 2687 se
1640 2654 1704 2687 esse
1727 2653 1927 2687 Michaelem
1937 2654 2115 2697 Imperato-

1236 2715 1326 2743 rem,
1354 2703 1389 2737 &
1415 2702 1456 2736 ad
1484 2703 1516 2736 se
1541 2714 1579 2737 ac
1606 2705 1699 2738 suurn
1711 2704 1817 2737 filiurn
1828 2702 2114 2743 Constantinum,

1236 2765 1298 2787 nec
1322 2764 1392 2787 non
1419 2753 1460 2786 ad
1488 2764 1607 2787 nurum
1636 2755 1727 2788 suam
1755 2753 1921 2787 Helenam
1949 2754 2116 2788 vindican-

1235 2804 1297 2838 dos
1317 2803 1480 2847 permovit
1507 2815 1545 2837 ac
1571 2804 1758 2838 terribiliter
1776 2804 1915 2837 armavit
1942 2802 2038 2845 huius
2064 2814 2116 2846 pa·

1237 2865 1320 2888 trem
1334 2853 1540 2887 Robertum.
1567 2854 1673 2889 Fuisse
1701 2865 1814 2887 verum
1839 2851 2044 2889 Michaelem
2071 2854 2118 2887 af-

1238 2905 1345 2938 firmat
1367 2903 1547 2949 Gregorius
1567 2904 1719 2947 septimus
1744 2904 1780 2937 in
1802 2903 1918 2938 litteris
1929 2903 1972 2937 ad
1986 2904 2118 2947 Apuliae
2137 2906 2196 2939 Lib.
2219 2910 2247 2937 8.

1238 2953 1439 2989 &Calabriae
1450 2954 1646 2998 Episcopos:
1675 2953 1829 2987 Affirmat
1846 2963 1885 2988 ut
1904 2963 1973 2988 rem
1994 2964 2118 2988 certam
2138 2949 2187 2988 ΒΡ·
2208 2951 2237 2978 ⁶·

1238 3006 1272 3039 &
1299 3014 1413 3037 notam
1432 3030 1440 3037 .
1477 3003 1580 3038 Anna
1616 3014 1727 3037 tamen
1762 3003 1939 3038 Comnena
1965 3006 2120 3040 asseverat

1240 3054 1333 3089 fuisse
1361 3054 1596 3097 impostorem,
1624 3053 1798 3088 Restorem
1826 3054 1963 3087 nomine
1983 3079 1991 3087 .
2021 3055 2121 3101 Qis·

1240 3103 1313 3148 quis
1331 3103 1450 3146 fuerit,
1474 3102 1515 3137 ab
1538 3103 1599 3137 illo
1619 3105 1772 3138 accensus
1785 3104 1950 3138 Robertus
1962 3104 2118 3138 Botonia.

1240 3165 1306 3189 tem
1318 3155 1418 3188 tantis
1431 3154 1559 3187 vexavit
1570 3153 1741 3193 cladibus,
1768 3164 1805 3187 ut
1826 3153 1950 3189 Alexio
1972 3154 2119 3188 Comne·

1244 3216 1288 3239 no
1301 3204 1412 3239 fecerit
1425 3205 1507 3237 vires
1523 3203 1570 3236 illi
1584 3203 1740 3238 reddendi
1762 3204 1943 3244 talionem,
1967 3202 2118 3247 ejiciendi

1243 3254 1284 3288 de
1295 3254 1499 3288 maleinvaso
1521 3253 1685 3296 Imperio,
1712 3254 1746 3288 &
1766 3255 1910 3299 cogendi
1934 3254 1974 3287 ad
1997 3252 2118 3288 vestem

1244 3305 1481 3339 Monasticam.
1512 3304 1755 3348 Nempeipsum
1777 3305 1904 3339 Divina
1925 3303 1967 3337 ab
1987 3314 2119 3336 excom·

1245 3356 1436 3389 municante
1450 3354 1613 3398 Gregorio
1634 3355 1785 3389 invocata
1807 3354 1949 3388 vindista
1974 3364 2028 3396 per
2051 3352 2121 3386 Ro-

1248 3403 1375 3439 bertum
1389 3404 1635 3450 persequebatur
1646 3430 1654 3438 .
1683 3406 1792 3440 Etiam
1803 3403 1925 3439 dietum
1938 3403 2095 3437 Alexium
2107 3428 2119 3446 ‚

1981 3453 2072 3498 quod

1713 1553 1758 1587 Et
1782 1553 1995 1589 Botoniatem
2017 1555 2115 1589 fuiffe
2135 1540 2248 1574 Praef,c,
2266 1551 2294 1579 5·
