2372 3756
379 196 471 241 108

305 275 467 309 oblationes
492 276 514 306 ἃ
531 276 652 317 populis
665 300 677 316 ,
702 279 756 311 vel
773 277 880 318 hostias
900 281 921 311 ἃ
939 276 1098 316 Mimstris.
1125 279 1186 313 Lu-

305 325 379 359 cide‘
393 324 542 359 adfirmat
551 324 736 361 oblationes
747 329 859 371 populi
874 339 942 362 non
954 328 1046 361 fuisse
1058 326 1187 366 hostias,

306 373 447 418 ideoque
468 386 537 409 non
562 387 678 419 panem
707 388 762 411 aut
783 377 916 416 vinum,
942 378 995 411 sed
1017 377 1184 412 denarios.

305 423 399 458 Hinc
425 425 460 458 &
478 424 546 468 ejus
568 437 625 469 pro
647 426 807 461 defunctis
829 426 1030 461 oblationem
1053 428 1071 461 a
1095 427 1188 471 panis

305 474 476 509 oblatione
487 475 658 520 distinguit
670 501 677 508 .
707 477 749 509 Et
762 477 803 511 de
816 475 912 519 hujus
925 476 1098 511 Pontificis
1123 478 1186 510 fer.

306 524 359 558 me
384 535 495 558 coaevo
523 525 688 559 Richardo
715 525 821 569 primo
849 526 1038 571 Anglorum
1067 528 1186 570 Rege,

305 573 396 618 quod
416 575 452 609 in
478 576 539 608 sua:
551 575 775 609 coronationis
792 576 849 610 die
872 588 940 611 non
955 587 1070 621 panem
1096 575 1130 608 &
1144 575 1185 608 vi-

304 635 407 665 num,
435 624 488 658 sed
510 624 577 658 auri
602 636 741 659 marcam
756 625 937 666 obtulerit,
964 627 1095 660 testatur
1117 625 1186 658 Ro-

304 686 399 720 gerus
411 674 614 709 Hovedenlis
626 700 633 707 .
663 676 764 722 Qod
778 678 894 719 nempe
908 677 1040 710 istorum
1052 675 1070 708 a
1085 686 1185 718 popu-

303 724 339 758 lo
363 722 490 758 oblatio
513 734 592 758 tunc
606 726 700 768 plene
722 725 755 758 iu
769 727 891 770 Anglia
904 725 1063 761 cessasset.
1090 724 1185 758 Alio·

302 774 384 817 quin
398 774 471 817 quis
494 774 604 816 potius
619 776 713 818 quam
726 776 760 808 in
773 786 866 809 tanto
881 777 938 809 suo
951 775 1032 808 festo
1045 775 1119 808 Rex
1128 773 1184 808 ob·

300 823 446 859 tulisset?
473 823 522 859 At
544 824 619 859 vero
640 826 751 870 quiad
773 824 893 860 decimi
917 825 1020 860 &culi
1038 822 1184 860 medium

666 195 706 241 S.
744 191 1077 257 Guneoan
1113 207 1352 241 SEPTIMI
1389 196 1742 246 Ponrffrcrs

1245 277 1359 310 floruit
1373 301 1384 317 ‚
1412 290 1528 321 panem
1557 281 1591 315 ἀ
1606 282 1718 316 vinum
1730 282 1771 316 ab
1780 285 1875 319 omni
1900 289 2022 330 populo
2034 293 2128 327 offer-

1247 328 1271 359 ri
1285 326 1370 370 justit
1391 328 1477 363 Atto
1489 329 1704 366 Vercellenfis
1715 332 1893 378 Episcopus
1904 350 1915 370 :
1926 333 1929 336 ’
1942 336 2072 383 Nempe
2085 343 2130 377 la-

1246 375 1376 411 bentem
1394 389 1479 425 tunc
1501 379 1588 415 hanc
1597 381 1805 418 oblationem
1826 385 1977 421 reducere
1988 400 2129 426 conatus

1247 427 1291 460 est
1315 427 1352 461 δε
1365 439 1507 472 reparare
1518 455 1525 462 .
1542 450 1545 452 -
1558 431 1612 465 Ex
1622 432 1741 475 quibus
1750 434 1907 470 omnibus
1926 436 2012 473 lucet
2026 440 2128 482 ipsam

1246 476 1311 510 labi
1323 479 1451 521 coepiffe
1462 481 1578 515 saeculo
1589 480 1720 517 decimo
1737 508 1748 525 ‚
1774 484 1808 518 &
1820 485 1861 519 ad
1874 488 1961 522 tertii
1981 487 2100 524 decimi
2113 515 2128 532 ‚

1245 526 1325 560 dum
1348 530 1492 570 praesedit
1511 530 1725 567 Innocentius
1746 535 1858 568 tertius
1871 558 1882 576 ,
1907 538 2013 573 saeculi
2035 550 2128 574 exor-

1243 574 1336 610 dium
1348 577 1439 612 fuisse
1463 580 1558 623 plene
1568 581 1704 625 lapsam.
1732 584 1895 628 Septimus
1915 589 2022 624 noster
2046 591 2127 624 Gre-

1244 627 1357 671 gorius
1368 629 1524 663 Honorio
1535 631 1822 676 Augustodunenfi
1836 635 1899 670 fuit
1909 637 1976 671 fere
1985 649 2071 674 coaev
2077 652 2126 680 us,

1244 674 1384 721 ideoque
1407 680 1440 713 ὅ(
1454 678 1511 713 sub
1522 680 1591 724 ipso
1604 682 1832 724 aliquiaurutn
1861 687 1911 720 vel
1933 698 2126 732 argentum,

1243 726 1342 770 aliqui
1358 729 1471 762 vinum
1499 730 1550 764 vel
1562 743 1700 774 panem,
1726 734 1825 778 aliqui
1841 734 1923 770 nihil
1934 737 2124 773 offerebant.

1245 776 1287 810 Et
1298 776 1359 812 hos
1373 779 1458 812 solos
1471 780 1634 824 improbat
1647 783 1777 826 praeserxs
1790 785 1908 821 Canon
1921 811 1934 830 ,
1960 788 2038 823 istos
2059 799 2126 833 per-

1245 826 1347 862 mittit
1368 831 1527 865 consueta:
1545 842 1626 867 tuuc
1636 832 1776 869 libertati
1789 860 1796 867 .

1254 946 2129 971 Μ

799 1012 1620 1099 ςΑΝΟΝ,ΧΙν.

296 1185 479 1325 DE
517 1186 827 1238 festivitatibus
862 1189 1160 1237 Romanorum
1197 1183 1466 1236 Pontificum
1503 1187 1804 1240 celebrandis.

491 1385 986 1429 Senotlou.

366 1529 493 1565 Raesens
504 1526 659 1571 Synodus
669 1526 772 1562 edidit
785 1525 883 1570 longe
895 1526 1000 1569 plures
1010 1524 1177 1564 Canones,

389 1577 502 1612 verum
514 1579 570 1621 qui
585 1578 737 1622 perierint
764 1589 820 1611 aut
840 1578 980 1609 lateant.
1008 1576 1175 1620 Qorum-

290 1629 366 1660 dam
378 1628 436 1661 soli
453 1629 543 1661 tituli
560 1653 569 1666 ,
599 1629 650 1661 seu
662 1627 859 1671 compendia
881 1626 977 1659 nobis
989 1625 1176 1667 supersunt.-

160 1710 162 1712 ,
292 1677 337 1710 Et
348 1690 389 1711 ex
406 1677 475 1711 istis
485 1677 531 1711 est
543 1675 598 1711 hic
615 1679 756 1721 praesens.
786 1676 829 1709 Ei
841 1676 1006 1710 attestatur
1017 1684 1175 1717 magnum

144 1707 276 1741 mid-“¹⁸
293 1727 399 1772 Belgii
428 1726 642 1761 Chronicon:
670 1732 827 1771 Gregorius
853 1725 1021 1766 constituit,
1047 1735 1078 1756 us
1092 1723 1174 1765 festa

291 1781 490 1810 Romanorum
505 1778 683 1819 Pontificum
696 1802 704 1815 ‚
733 1782 783 1819 qui
796 1780 941 1815 Martyres
957 1774 1085 1816 fuerunt
1100 1797 1110 1812 ‚
1131 1771 1175 1816 so-

289 1830 427 1861 lemniter
438 1827 633 1861 celebrentur.
666 1828 708 1860 Et
734 1828 766 1860 in
793 1825 875 1860 libro
887 1826 929 1859 de
944 1824 1174 1859 Ecclesiasticis

147 1864 274 1901 Cap-43·
289 1877 576 1912 observationibus
598 1879 742 1920 Scriptor
762 1875 984 1918 Micrologus:
1017 1877 1173 1917 Gregorius

290 1927 382 1968 hujus
393 1933 518 1960 nominis
537 1931 627 1969 Papa
637 1927 784 1970 septimus
798 1951 808 1966 ‚
835 1926 997 1967 apostolica
1010 1926 1079 1956 sedi
1093 1933 1173 1966 prae·

285 1977 387 2020 fidens
398 1977 543 2018 constituit
554 2003 564 2018 ,
589 1988 622 2012 ut
644 1978 816 2010 Sanfflorum
838 1982 965 2009 omnium
978 1978 1173 2006 Romanorum

292 2029 465 2071 Pontificum
491 2030 525 2062 (¹2
546 2031 709 2066 Martyrum
723 2027 906 2068 festivltates
922 2023 1091 2068 solemniter
1112 2024 1171 2056 ubi-

290 2089 347 2119 que
358 2089 423 2111 cum
434 2080 521 2120 pleno
534 2079 620 2120 officio
628 2078 820 2111 celebrentur.
850 2080 936 2108 Nam
948 2075 1011 2107 ciam
1033 2074 1173 2115 quaelibet

293 2127 418 2169 Ecclesia
434 2126 482 2169 sui
506 2130 649 2165 Patroni,
678 2123 793 2165 etiamsi
809 2124 955 2165 Confeffor
967 2123 1066 2164 fuerit
1094 2146 1104 2161 ‚
1121 2123 1172 2162 je-

284 2176 537 2220 sz'umfhlemm'ter
549 2174 682 2218 observet
694 2201 704 2216 ‚
729 2184 840 2216 quanto
863 2178 961 2216 magis
980 2184 1096 2210 eorum,
1122 2178 1173 2214 qui

292 2233 382 2260 totius
405 2225 537 2267 Ecclefiae
561 2234 692 2259 nontam
719 2227 867 2263 Patroni,
892 2224 983 2265 quum
1005 2225 1170 2256 Patresex·

285 2277 430 2317 stiterunt
442 2301 452 2317 ,
478 2287 567 2317 quam
577 2282 667 2308 etiam
679 2273 764 2317 usque
774 2275 819 2305 ad
828 2277 1004 2310 Martyrium
1015 2272 1114 2305 verbis
1139 2272 1173 2304 Θ

293 2328 436 2368 exemplis
449 2325 594 2365 instituere
608 2337 663 2358 non
676 2324 845 2363 destiterunt
860 2324 876 2355 ,ἓ
903 2322 945 2356 Et
965 2322 1099 2364 antiqua
1111 2321 1170 2353 Hi-

294 2376 411 2411 storica
430 2375 624 2418 compilatio
662 2388 673 2407 .-
699 2377 851 2416 Gregorius
868 2372 1035 2413 constituit,
1061 2381 1095 2404 ut
1115 2381 1172 2402 orm

296 2433 378 2460 nium
401 2426 572 2459 sanliorum
595 2428 756 2462 Martyrum
780 2426 813 2456 et
835 2426 1033 2455 Romanorum
1054 2420 1172 2462 Pontifi-

294 2488 359 2510 cum
368 2475 566 2520 solemnitates
581 2475 686 2516 ubique
698 2478 856 2506 annuatim
865 2484 928 2512 cum
935 2473 1024 2513 pleno
1035 2471 1120 2511 officio
1131 2480 1171 2501 ce-

294 2527 499 2561 lebrarentur.
527 2526 606 2559 Hoc
617 2523 662 2558 est
686 2524 886 2562 Decretum,
912 2519 1062 2555 adversim
1083 2518 1172 2561 quod

295 2577 416 2618 scripsit
429 2574 613 2610 cardinalis
625 2575 740 2610 Benno
756 2586 763 2605 ε
791 2572 1014 2609 Hildebrandus
1039 2580 1073 2602 ut
1090 2569 1175 2604 Libe-

297 2624 451 2668 riifestum
462 2625 656 2659 celebraretur
659 2625 740 2664 juffit
752 2647 759 2654 .
787 2627 846 2655 Hoc
859 2624 1010 2662 Praeccpto
1030 2621 1096 2660 ejus
1115 2618 1171 2652 bae-

297 2675 378 2717 resim
387 2675 527 2718 firmavit
538 2701 549 2716 ,
576 2681 627 2718 qui
639 2686 676 2708 ex
687 2672 886 2707 laudabilibus
908 2676 1024 2704 meritis
1053 2670 1177 2704 damna-

298 2726 371 2763 biles
383 2732 482 2759 exitus
497 2725 599 2762 habuis
614 2749 622 2757 .
638 2724 817 2768 ffLiberium
831 2721 876 2755 ob
890 2721 1043 2755 toleratas
1064 2718 1105 2753 ab
1116 2718 1179 2752 Im-

300 2786 446 2819 peratore
459 2774 656 2809 Constantio
671 2773 844 2808 violentias
857 2771 1034 2815 Gregorius
1051 2769 1177 2812 Marty-

298 2836 367 2859 rem
391 2849 402 2866 ,
443 2824 561 2861 Benno
585 2825 630 2858 ob
657 2822 865 2867 posteriorem
901 2821 1025 2864 lapsum
1053 2819 1177 2853 censuit

301 2875 469 2910 Arianurn
490 2875 763 2918 praevaricatorem
776 2898 786 2914 ,
813 2871 953 2915 ideoque
973 2870 1013 2905 de
1035 2869 1176 2913 eiusdem

302 2924 426 2960 haeresis
435 2925 616 2968 patrocinio
629 2923 797 2960 damnavit
809 2921 1015 2965 Gregorium.
1043 2919 1086 2956 Et
1100 2918 1176 2953 hinc

301 2976 392 3010 lucet
411 2999 422 3015 ‚
448 2973 536 3019 quod
565 2987 632 3008 non
661 2975 747 3008 solos
775 2971 997 3006 Constantino
1025 2968 1176 3024 Augusto

306 3026 425 3067 priores
437 3049 448 3065 ,
474 3023 525 3058 sed
552 3025 585 3059 δι
606 3025 674 3067 ipso
688 3022 876 3067 posteriores
890 3022 1052 3063 Martyres
1066 3019 1176 3055 Ponti*

305 3076 379 3109 fices
405 3076 561 3113 Romano
589 3073 752 3109 Breviario
778 3070 956 3115 Gregorius
984 3070 1175 3104 inseruerit.

305 3123 439 3166 Utique
462 3126 555 3160 antea
577 3135 644 3158 nou
666 3124 821 3157 insertos.
849 3118 950 3167 Qod
972 3120 1062 3154 enim
1074 3118 1121 3152 illi
1135 3129 1174 3152 et-

308 3174 373 3207 iarn
388 3175 462 3208 ante
475 3172 757 3219 MagniGregorii
769 3181 913 3213 tempora
927 3171 1062 3203 insertus
1083 3169 1178 3202 fuerit

310 3222 440 3256 sanctus
452 3224 628 3258 Marcellus
648 3222 805 3256 Pontifex
816 3245 827 3261 ,
855 3221 889 3256 in
899 3219 1039 3255 adducto
1049 3219 1123 3253 loco
1135 3218 1177 3252 af-

311 3271 416 3307 firmat
428 3272 571 3308 laudatus
583 3272 805 3315 Micrologus.

363 3321 406 3353 Et
433 3322 563 3363 quidem
586 3321 751 3356 Liberium
779 3320 870 3354 fuisse
903 3320 1007 3353 virnm
1032 3317 1178 3352 sanaim-

313 3380 424 3409 mum‚
451 3371 484 3403 ὅ(
500 3383 564 3404 non
578 3371 682 3408 solum
696 3370 876 3404 Catholicae
900 3369 994 3410 fidei,
1020 3367 1178 3402 sedetiam

314 3419 541 3455 Ecclefiasticae
576 3419 770 3453 Hierarchiae
794 3444 803 3459 ,
829 3419 973 3452 Romani
1011 3418 1180 3461 praesertim

258 3474 268 3493 ⁴·
313 3470 496 3512 Primanus,
522 3466 669 3505 adversus
679 3468 810 3505 rebelles
822 3468 1018 3505 Eusebianos
1037 3467 1182 3503 constan-

1244 1375 1398 1410 tiffimum
1410 1376 1611 1412 defensorem
1627 1402 1639 1419 ‚
1663 1376 1842 1414 ostendunt
1854 1383 1950 1416 variae
1961 1383 2027 1426 ejus
2047 1383 2124 1426 Epi·

1244 1426 1329 1460 stolae
1341 1451 1350 1467 ,
1378 1427 1446 1469 ejus
1458 1427 1717 1462 Mediolanenfia
1744 1440 1782 1464 ac
1798 1429 1951 1466 Romana
1971 1443 2047 1466 cum
2060 1431 2124 1465 Im·
2166 1471 2169 1474 ¹

1243 1485 1384 1518 peratore
1411 1476 1610 1511 Constantio
1635 1476 1779 1521 &ipsius
1791 1480 1954 1516 Eunucho
1979 1481 2122 1517 Eusebio

1243 1526 1347 1566 Asta,
1375 1528 1410 1560 in
1432 1537 1569 1570 utraque
1586 1527 1736 1561 adversus
1758 1530 1900 1564 eundem
1931 1531 2119 1573 Principem

1242 1576 1408 1620 Apologia
1422 1576 1556 1610 Sanctus
1568 1576 1765 1612 Athanasius
1777 1602 1787 1618 ,
1814 1580 1847 1613 in
1861 1580 1947 1614 libro
1965 1581 2118 1615 adversus

1240 1626 1380 1660 eundem
1388 1626 1453 1668 jam
1467 1627 1531 1661 vita
1542 1627 1619 1660 defu
1627 1628 1736 1660 ndum
1744 1629 1974 1672 Imperatorem
1985 1631 2117 1666 Sancus

1239 1675 1385 1710 Hilarius
1407 1675 1636 1717 Pistavienfis,
1662 1678 1740 1711 &in
1753 1679 1902 1721 precibus
1922 1679 2118 1715 Theodosio

1241 1724 1390 1769 Augusto
1399 1726 1556 1760 exhibitis
1567 1727 1716 1761 Romani
1736 1727 1921 1773 Presbyteri
1944 1730 2118 1765 Faustinus

1237 1776 1268 1809 ὅ(
1295 1775 1527 1810 Marcellinus.
1554 1775 1646 1810 Abfit
1669 1788 1706 1811 ut
1726 1776 1886 1814 Arianam
1908 1779 2051 1815 haerefim
2062 1780 2119 1815 ad-

1239 1826 1359 1859 miserit
1383 1836 1436 1860 aut
1447 1826 1583 1860 foverit.
1602 1826 1690 1869 ‚Ejus
1706 1827 1809 1871 lapsus
1820 1829 1883 1863 fuit
1896 1854 1907 1868 ,
1933 1830 2025 1874 quod
2048 1829 2120 1864 Au-

1238 1875 1397 1911 tecefforis
1414 1877 1461 1909 sui
1476 1876 1605 1920 Juliide
1621 1876 1738 1911 Sancto
1752 1877 1934 1913 Athanasio
1953 1880 2116 1923 judicium

1236 1925 1441 1969 dereliquerit
1453 1949 1464 1965 ,
1488 1925 1578 1970 quod
1594 1926 1636 1961 ab
1648 1927 1831 1963 Eusebiana
1846 1929 2048 1964 Asianorum
2069 1931 2117 1964 fa-

1236 1976 1344 2009 ctione
1368 1974 1478 2019 sapius
1502 1978 1670 2020 repetitam
1693 2002 1703 2017 ,
1730 1989 1828 2022 atque
1852 1979 1871 2013 a
1892 1980 1924 2013 se
1944 1980 2054 2023 saepius
2078 1980 2115 2014 &

1236 2025 1420 2060 constanter
1433 2026 1619 2061 damnatam
1629 2027 1773 2070 ejusdem
1786 2027 1959 2074 Athanasii
1982 2030 2116 2064 damna-

1236 2076 1362 2109 tionem
1386 2075 1519 2110 tandem
1547 2075 1729 2119 probaverit
1753 2100 1765 2116 ‚
1800 2078 1890 2119 quod
1925 2079 2116 2114 damnatam

1236 2125 1328 2159 istam
1365 2124 1540 2159 factionem
1567 2125 1733 2161 admiserit
1770 2128 1804 2161 in
1839 2131 2115 2164 communionem

1234 2175 1323 2208 suam
1333 2199 1343 2215 ,
1368 2174 1401 2208 δι
1414 2173 1503 2215 quod
1514 2174 1680 2210 admiserit
1693 2176 1880 2219 symbolum
1892 2178 2018 2222 Synodi
2039 2179 2116 2222 Syr-

1239 2224 1388 2257 mienfis.
1414 2223 1462 2258 lta
1485 2224 1658 2258 adfirmant
1680 2226 1804 2260 laudati
1825 2228 1970 2269 Hilarii,
1997 2229 2045 2261 vel
2060 2240 2116 2262 cu-

1238 2274 1430 2316 juscumque
1451 2272 1583 2307 alterius
1602 2273 1892 2317 cooeviScriptoris
1908 2278 2110 2321 fragmenta:

1240 2322 1306 2362 Post
1332 2327 1454 2362 omnia,
1480 2334 1547 2364 quae
1563 2322 1686 2366 gefferat
1711 2325 1762 2357 vel
1776 2323 1952 2368 promiserat
1974 2327 2112 2360 Liberius

1234 2371 1332 2415 miffus
1345 2378 1377 2404 in
1388 2373 1510 2405 exilium
1523 2397 1534 2413 ‚
1561 2371 1702 2416 universa
1713 2380 1750 2406 in⁴
1756 2379 1873 2407 irritum
1887 2376 2015 2409 deduxit
2025 2398 2035 2414 ‚
2041 2375 2114 2418 sbri-

1237 2421 1307 2455 bens
1314 2422 1603 2465 praevaricatoribus
1617 2427 1737 2456 Arianis
1748 2427 1918 2464 Harenas,
1935 2431 2029 2468 quiin
2040 2427 2113 2458 san-

1235 2471 1314 2504 Hum
1325 2470 1514 2512 Athanasium
1525 2471 1728 2506 orthodoxum
1749 2473 1927 2518 Episcopum
1947 2475 2050 2517 injusti³
2067 2484 2113 2508 tu-

1234 2523 1293 2554 lere
1313 2519 1494 2564 sententiam
1515 2546 1523 2554 .
1550 2522 1594 2556 Et
1621 2524 1726 2557 infra:
1754 2525 1918 2567 Perfidiam
1943 2527 2027 2568 apud
2049 2527 2111 2565 syr-

1234 2577 1328 2603 mium
1341 2570 1538 2613 conscriptam
1551 2596 1561 2613 ‚
1574 2584 1663 2614 quam
1674 2575 1747 2606 dicit
1759 2575 1897 2608 Liberius
1909 2575 2111 2614 cabalaam,

1234 2623 1255 2653 ἃ
1270 2621 1439 2663 Demophilo
1452 2621 1637 2656 Eusebianae
1648 2624 1799 2658 fastionis
1815 2624 1978 2668 Episcopo
1983 2624 2040 2666 fib!
2059 2637 2112 2658 ex·

1230 2670 1375 2712 pofi'tam,
1402 2670 1433 2703 hi
1449 2670 1522 2715 sunt
1545 2679 1596 2714 qui
1619 2671 1848 2717 conscripserunt
1869 2699 1878 2714 ‚
1906 2677 1962 2709 &c-
1997 2674 2108 2713 Dico,

1235 2724 1290 2754 Vel
1300 2719 1499 2764 cuiuscumque
1507 2722 1627 2755 alterius
1639 2728 1728 2757 cooevi
1743 2725 1896 2765 scriptoris
1910 2738 1921 2758 :
1948 2725 2110 2767 syrmien-

1235 2772 1265 2805 se
1275 2772 1364 2804 enim
1376 2769 1561 2814 symbolum
1570 2797 1580 2811 ‚
1604 2773 1680 2807 licet
1690 2773 1881 2817 ambiguum
1893 2774 1926 2808 &
1937 2774 2087 2808 dolosum
2097 2798 2109 2814 ‚

1236 2823 1322 2864 posse
1336 2832 1444 2854 tamen
1458 2822 1491 2854 in
1505 2822 1629 2857 sensum
1642 2820 1876 2858 orthodoxum
1899 2824 2002 2867 accipi
2023 2822 2109 2859 dixit

1238 2882 1304 2904 non
1332 2871 1417 2903 solus
1437 2871 1471 2904 in
1498 2872 1544 2905 sui
1572 2873 1676 2915 lapsus
1697 2874 1926 2917 purgationem
1938 2872 2106 2915 Liberius,

1237 2921 1290 2954 scd
1316 2921 1348 2956 ,δε
1361 2922 1472 2955 multis
1481 2920 1678 2957 demonstrat
1692 2922 1726 2956 iu
1739 2923 1823 2957 libro
1835 2923 1876 2957 de
1887 2923 2031 2965 Synodis
2043 2923 2109 2956 lau-

1237 2971 1328 3003 datus
1352 2971 1498 3005 Hilarius
1521 2995 1532 3011 ,
1556 2973 1716 3006 affirmans
1744 2973 1885 3015 palmare
1909 2972 1976 3016 ejus
1992 2972 2110 3008 vitium

1236 3020 1322 3059 effe,
1349 3020 1436 3063 quod
1462 3033 1574 3057 vocem
1589 3045 1600 3061 ,
1627 3021 1879 3064 consubstantiale
1903 3046 1914 3063 ‚
1940 3033 2110 3066 tamquam

1238 3069 1279 3103 ab
1302 3070 1513 3104 Antioc-hena
1526 3071 1676 3105 adversus
1692 3071 1834 3107 Paulum
1853 3072 2110 3107 Samosatensem

1238 3120 1374 3161 Synodo
1397 3120 1478 3154 olim
1498 3120 1712 3163 improbatam
1724 3131 1829 3158 taceat
1854 3123 1887 3159 &
1913 3122 2112 3160 circumscri-

1239 3169 1309 3203 bat.
1337 3170 1459 3204 Liberii
1480 3170 1604 3214 lapsum
1632 3172 1735 3207 fateor
1757 3173 1850 3207 fuisse
1867 3172 2109 3217 graviffimum,

1239 3219 1321 3254 addo
1345 3231 1454 3254 tamen
1480 3222 1514 3256 &
1538 3221 1633 3256 venia
1653 3221 1791 3266 dignum
1806 3246 1817 3262 ,
1842 3225 1919 3266 quia
1936 3223 1955 3256 ὲ
1977 3221 2111 3256 bienna·

1243 3270 1279 3302 lis
1306 3270 1396 3304 exilii
1417 3272 1585 3310 aerumnis,
1612 3272 1646 3309 ὅς
1670 3273 1812 3315 plurium
1837 3270 2110 3307 orthodoxorum

1244 3319 1499 3363 Episcoporum,
1528 3322 1698 3363 praesertim
1723 3322 1951 3357 Fortunatiani
1973 3320 2114 3363 Aquile-

1242 3369 1331 3411 jeniis
1353 3394 1362 3409 ‚
1390 3370 1480 3403 suasu
1506 3370 1539 3403 ὅ(
1563 3371 1710 3413 precibus
1733 3381 1899 3405 extortum
1921 3394 1928 3403 .
1960 3370 2114 3404 Eundem

1246 3419 1416 3461 postmodo
1438 3420 1472 3452 in
1494 3419 1608 3454 sedem
1630 3420 1802 3463 repositus,
1830 3421 1990 3463 resumpta
2001 3420 2116 3464 prioris

1245 3469 1345 3503 animi
1361 3469 1540 3504 constantia
1550 3492 1560 3509 ‚
1577 3469 1742 3516 insigniter
1755 3468 1903 3507 Liberius
1915 3472 2117 3515 expurgavit.

2026 3521 2070 3555 Et
