2352 3756
454 153 519 182 DE
556 138 825 184 ROMANA
863 137 1301 180 EPlSCOPORUM
1338 152 1874 192 consecnnrtorin.
1944 164 2039 209 377

1232 219 1445 254 cedonensem
1473 222 1646 260 Canonem
1673 239 1681 258 :
1720 229 1788 262 Eos
1815 240 1931 264 omnes
1957 230 2106 266 accedere

1233 271 1373 316 Regiam
1384 270 1549 304 civitatem
1562 294 1572 309 2
1596 275 1629 307 &
1646 286 1699 316 per
1711 278 1930 314 Patriarcham
1943 282 2106 315 consecra-

1232 321 1277 353 ri.
1307 322 1400 355 Hinc
1425 320 1461 354 in
1481 319 1612 362 Sicilia,
1641 322 1812 368 Calabria,
1840 329 1979 372 Apulia,
2007 331 2106 364 Cam-

1232 371 1347 414 pania,
1374 370 1721 414 aliisqueProvinciis‚
1747 379 1896 421 eousque
1907 380 1947 414 ad
1959 379 2105 414 Romani

1230 422 1386 466 Episcopi
1408 420 1690 464 Metropoliticam
1710 424 1899 464 potestatem
1917 429 2106 464 immediate

1228 471 1443 515 spectantibus
1468 470 1571 505 erexit
1597 471 1699 505 varias
1725 472 1956 510 Ecclesiasticas
1982 479 2107 514 Metro.

1229 522 1319 564 poles
1347 546 1355 553 .
1383 522 1426 556 Et
1454 520 1550 555 istum
1578 520 1752 556 Canonem
1778 532 1859 557 tunc
1883 526 2021 560 omnino
2047 529 2104 563 ser·

1227 582 1303 606 vare
1322 572 1422 615 coepit
1446 569 1545 605 etiam
1559 571 1749 606 Salonitana
1761 571 1901 608 Ecclesia
1913 599 1924 615 ‚
1943 577 2103 612 servarunt

1226 633 1302 655 eum
1329 632 1443 659 omnes
1470 620 1654 655 illiricianae
1689 621 1891 666 Metropoles
1917 647 1929 664 ‚
1964 628 2104 670 exceptis

1227 671 1359 714 paucis,
1385 682 1455 715 quae
1480 681 1536 705 aut
1553 681 1633 705 tunc
1655 669 1840 713 habebant,
1866 683 1923 707 aut
1934 674 2043 718 postea
2055 687 2105 710 ac-

1225 732 1380 764 ceperunt
1405 720 1699 764 Autocephaliam.
1728 722 1866 764 Joannes
1887 734 1965 768 ergo
1975 726 2103 759 odiavus

1225 770 1318 806 istam
1346 772 1559 807 reverentiam
1585 795 1596 811 ‚
1622 781 1720 812 quam
1747 772 1935 807 Salonirana
1962 774 2103 809 Ecclesia

1222 832 1278 864 per
1301 822 1426 856 multos
1445 833 1606 855 annorum
1631 821 1771 855 circulos
1797 821 1986 859 exhibuerat
2011 825 2102 859 Con·

1222 870 1523 916 stantinopolitanae
1534 872 1608 906 Sedi
1620 895 1632 911 ,
1659 870 1699 904 ab
1710 870 1823 906 eadem
1833 872 1985 916 deinceps
1995 875 2102 909 voluit

1222 920 1368 964 impendi
1389 921 1560 956 Cathedrae
1582 921 1756 955 Romanae.
1783 921 1856 955 Nec
1877 921 1944 957 fine
1968 924 2100 959 rationi-

1222 968 1305 1004 bus.
1333 972 1467 1006 Etenim
1493 981 1589 1006 norat
1616 971 1800 1012 molestias,
1826 983 1906 1015 quas
1931 983 1990 1016 pro
2014 985 2100 1008 recu·

1220 1020 1363 1066 peranda
1382 1022 1538 1067 Bulgaria
1561 1033 1629 1056 non
1641 1023 1769 1056 tantum
1781 1022 1799 1055 a
1813 1013 2004 1058 turbulento
2015 1022 2102 1057 Pho-

1221 1071 1293 1112 tio,
1321 1071 1375 1105 sed
1398 1074 1498 1106 etiarn
1520 1071 1538 1105 Ξι
1557 1073 1674 1107 Sancto
1689 1071 1877 1107 Patriarcha
1891 1073 2022 1117 Ignatio
2033 1074 2102 1108 fue·

1220 1131 1267 1155 rat
1293 1122 1378 1165 passa
1403 1146 1415 1162 ,
1442 1123 1477 1155 ὃς
1506 1132 1584 1156 tunc
1610 1120 1716 1156 adhuc
1742 1122 1921 1166 patiebatur
1947 1125 2100 1159 Romana

1221 1171 1376 1214 Ecclesia.
1406 1170 1462 1205 Ad
1489 1170 1546 1205 has
1564 1171 1781 1214 praecidendas
1807 1172 1914 1206 voluit
1940 1173 2101 1208 Salonita-

1221 1232 1300 1254 num
1320 1221 1520 1264 Episcopum
1542 1221 1696 1264 deinceps
1712 1234 1780 1256 non
1804 1222 1973 1256 dumtaxat
1986 1222 2100 1267 praevie

1218 1271 1405 1305 confirmari
1428 1282 1483 1319 per
1504 1269 1700 1306 Pontificem
1712 1297 1722 1314 ,
1750 1271 1804 1307 sed
1817 1272 1917 1307 etiam
1935 1275 2100 1308 consecra-

1217 1332 1261 1355 rr.

1266 1370 1451 1416 Vigefimus
1475 1374 1607 1407 ostavus
1629 1370 1928 1414 Chalcedonensis,
1955 1374 1989 1407 &
2012 1375 2099 1418 vige·

1215 1421 1312 1455 fimus
1322 1424 1453 1457 ostavus
1472 1422 1591 1456 Canon
1606 1422 1790 1457 Trullanus
1803 1422 1997 1457 Patriarchae
2008 1423 2099 1457 Con-

1214 1471 1508 1515 stantinopolitano
1534 1472 1696 1516 affignant
1721 1473 1957 1507 consecrandos
1990 1471 2100 1507 Thra-

1214 1520 1315 1561 cicae,
1339 1521 1485 1556 Pontlcae
1509 1547 1519 1563 ‚
1547 1534 1584 1556 ac
1612 1521 1760 1562 Asianae,
1786 1533 1992 1566 nequaquam
2020 1521 2100 1556 ver&

1214 1570 1408 1614 Illyricianae
1422 1572 1582 1606 Dioecesis
1595 1572 1836 1616 Metropolitas.
1870 1572 2000 1616 Nempe
2018 1582 2098 1607 tunc

1213 1622 1353 1656 necdum
1365 1633 1550 1665 apparuerat
1573 1622 1729 1656 violentia
1757 1622 1878 1657 Leonis
1903 1623 2023 1656 Isauri.
2052 1622 2099 1656 Et

1211 1671 1253 1704 ad
1278 1673 1417 1713 priorem
1446 1673 1620 1706 Canonem
1658 1671 1767 1706 scribit
1791 1672 1993 1706 Theodorus
2026 1672 2099 1705 Bal-

1213 1720 1327 1752 samon
1351 1732 1360 1751 :
1386 1724 1432 1752 Et
1452 1721 1482 1761 fi
1504 1722 1634 1754 nonnulli
1658 1721 1816 1755 Thraciam
1843 1724 1887 1755 ad
1914 1725 2098 1756 Macedoniae

1211 1767 1298 1809 usque
1323 1776 1466 1802 terminos
1495 1775 1527 1802 in
1554 1769 1707 1812 angustum
1731 1772 1896 1814 redegerint
1919 1795 1930 1811 ‚
1956 1775 1989 1806 <w
2017 1775 2099 1806 dixt-

1209 1822 1273 1848 rint
1297 1819 1478 1851 Macedonia.-
1501 1820 1745 1861 Metropolitanos
1767 1845 1779 1860 ‚
1804 1820 1970 1863 Theffalos,
1999 1823 2098 1855 Hella-

1208 1867 1308 1906 dicos,
1329 1875 1418 1909 porro
1440 1869 1474 1901 (v
1489 1868 1722 1915 Peloponnesios,
1747 1870 1785 1902 ab
1809 1870 1880 1903 urbe
1890 1874 1986 1904 Roma
2003 1884 2097 1914 quan-

1207 1916 1300 1957 doque
1315 1916 1404 1960 fuiffe
1426 1919 1600 1957 ordinatos,
1626 1920 1661 1952 (ν
1692 1918 1743 1952 hoc
1763 1924 1863 1962 utique
1883 1931 1921 1953 ex
1944 1933 1974 1954 eo
1990 1922 2095 1964 proba-

1206 1970 1256 2006 ri,
1281 1969 1364 2008 quod
1384 1979 1441 2000 non
1464 1968 1616 2010 concessum
1635 1968 1674 2010 fit
1701 1969 2021 2012 Constantinopolitano
2032 1977 2094 2007 Pa-

1205 2015 1347 2049 triarchae
1370 2027 1417 2049 eos
1442 2019 1602 2050 ordinare.
1628 2017 1733 2064 Qod
1758 2022 1944 2054 concesium
1966 2034 2034 2056 non
2053 2025 2093 2057 sit

1204 2074 1258 2106 per
1276 2064 1342 2107 jam
1365 2065 1469 2099 dictos
1482 2067 1637 2101 Canones
1650 2090 1657 2099 .
1684 2069 1745 2101 sed
1755 2077 1788 2101 tu
1799 2068 1846 2101 his
1854 2069 1947 2111 fidem
1958 2082 1994 2105 ne
2005 2074 2093 2107 adbi-

1203 2113 1301 2147 bueris
1314 2139 1322 2147 .
1348 2113 1485 2148 Thracia·
1508 2121 1587 2147 enim
1606 2122 1723 2150 nomine
1733 2119 2020 2158 comprehenduntur
2030 2127 2090 2157 Me-

1203 2165 1327 2206 tropoles
1339 2175 1356 2196 u
1357 2162 1431 2206 sque
1441 2166 1486 2197 ad
1499 2164 1690 2203 Dyrrachium
1704 2191 1710 2198 .
1739 2169 1877 2209 ‚Quidam
1898 2178 1999 2204 autem
2009 2174 2089 2208 male

1200 2214 1301 2247 dicunt
1325 2217 1444 2256 Papam
1466 2215 1628 2256 aliquando
1650 2216 1791 2258 ordinaffi‘
1802 2218 2084 2267 Tbeffalonicenfts‚

1199 2264 1233 2296 ὠ*
1254 2265 1328 2297 allos
1354 2266 1546 2299 occidentales
1567 2267 1824 2307 Metropolitanos.
1850 2271 1909 2302 Hos
1933 2277 2012 2306 enim
2032 2273 2087 2309 ba·

1198 2313 1262 2347 bult
1286 2317 1429 2359 Legatos.
1459 2315 1618 2349 Lucidius
1631 2316 1662 2349 se
1672 2316 1809 2359 exponit
1823 2317 1857 2352 in
1871 2320 2082 2360 Commenta-

1199 2364 1247 2398 rio
1264 2364 1304 2397 ad
1317 2365 1540 2407 praefationem
1564 2363 1730 2400 Trullanae
1742 2367 1887 2410 Synodi:
1917 2374 2010 2415 „Quod
2021 2378 2084 2409 Pa.

1193 2421 1237 2455 pa
1250 2418 1398 2447 Romanus
1402 2417 1458 2457 jus
1477 2415 1671 2452 ordinationis
1683 2422 1716 2450 in
1727 2416 1827 2458 nostris
1840 2422 2002 2464 regionibus
2019 2437 2078 2460 non

1197 2463 1287 2498 babet
1296 2487 1306 2503 ,
1326 2475 1359 2498 ut
1369 2466 1504 2499 nonnulli
1515 2464 1748 2508 hallucinantur,
1761 2469 1890 2504 dicentes
1903 2471 2077 2515 Thessaloni.

1195 2513 1292 2558 censes
1318 2516 1352 2549 (εἰ
1365 2517 1439 2549 alios
1449 2515 1488 2548 ab
1500 2527 1530 2548 eo
1539 2517 1692 2559 ordinari3
1714 2515 1776 2560 sed
1783 2530 1828 2552 eos
1836 2522 1956 2563 quidem
1968 2523 2072 2561 babuit

1195 2567 1321 2607 Legatos
1333 2567 1352 2597 ἃ
1360 2566 1443 2607 facie
1455 2590 1467 2606 ‚
1492 2571 1544 2607 qui
1565 2568 1683 2605 synodis
1695 2570 1822 2612 intercffe
1833 2594 1844 2610 ,
1870 2574 1987 2613 quando
1999 2576 2072 2618 opus

1192 2623 1258 2647 erat
1269 2639 1280 2655 ,
1292 2614 1453 2657 debebam,
1460 2616 1605 2657 probatur
1615 2619 1732 2659 quidem
1741 2621 1818 2653 certi?
1841 2622 1875 2655 (τ
1885 2633 1922 2655 ex
1933 2625 2005 2658 aliis
2025 2628 2072 2666 55·

1191 2665 1277 2696 nodis
1290 2688 1300 2704 ,
1327 2657 1461 2708 quod
1482 2667 1642 2708 aliquando
1662 2669 1784 2709 quidem
1805 2677 1839 2702 ut
1851 2673 1946 2714 Papae
1960 2678 2070 2720 Legati

1190 2716 1318 2756 adessent
1333 2714 1515 2748 Athenarum
1530 2718 1563 2749 Ca·
1573 2717 1710 2750 Corinthi
1721 2717 1880 2762 Episcopi,
1907 2721 2068 2766 aliquando

281 235 381 268 nant,
406 232 518 261 vicinos
540 233 658 265 autem,
680 223 710 266 fi
729 222 859 263 aestimtts
882 245 894 262 ‚
921 222 966 253 ad
984 232 1090 254 manus
1117 226 1169 253 im-

273 277 441 320 pofitionem
465 286 525 311 tuae
544 281 655 320 gratiae
685 274 803 314 statuas
822 276 1001 315 pervenire.
1034 274 1169 314 ,Quorum

277 336 357 362 enim
367 338 397 363 te
418 333 552 360 maxima
574 324 726 367 exspellat
741 335 835 362 cura,
855 323 1007 366 praecipue
1022 330 1103 357 tuum
1113 322 1165 354 de-

276 380 348 413 bent
371 385 474 412 mereri
490 378 653 418 judicium.
682 373 911 407 Eustatianum
935 371 1073 405 schisma
1098 372 1167 405 An-

275 429 466 464 tiochenam
493 426 668 460 Ecclesiam
692 424 797 468 longo
814 432 961 465 tempore
978 422 1168 455 laceraverat

273 479 312 513 in
335 480 440 523 plures
453 477 654 520 Episcopus:
683 474 726 508 Et
748 473 782 506 hi
798 497 810 513 ‚
835 472 915 505 dum
927 472 1017 505 suam
1031 472 1166 514 quisque

274 539 401 573 partem
421 527 478 561 sibi
489 527 652 560 advincire
671 523 802 563 studet,
827 520 1060 555 Patriarchalia
1073 521 1165 555 istius

275 579 454 612 eminentis
480 576 652 610 Cathedrae
676 573 746 616 jura
773 571 958 610 decurtari,
982 583 1019 605 ac
1036 571 1063 605 va
1092 571 1165 604 Me·

273 628 442 672 tropolitis
468 626 580 660 invadi
608 624 818 668 permiserant
845 647 852 654 .
882 621 1164 655 Consecraverant

271 679 360 713 :solos
387 677 446 711 sibi
473 676 669 710 adhaerentes
695 671 954 716 Metropolitas,
976 670 1163 704 Provincia-

271 729 321 764 les
361 728 543 772 Episcopos
580 724 790 770 permiserant
817 745 827 761 ‚
865 722 899 755 δε
934 720 1068 764 quidem
1099 721 1163 754 fine

272 780 335 813 suo
372 778 493 822 praevio
530 775 682 810 examine
717 774 750 807 δε
787 772 1043 806 confirmatione
1076 795 1086 810 ,
1121 770 1161 804 ab

271 827 342 861 istis
367 826 549 861 consecrari
575 851 582 858 .
612 825 656 857 Et
683 824 728 861 ita
756 822 820 855 fuit
853 821 952 869 usque
977 817 1017 853 ad
1042 820 1161 854 exstin-

270 879 357 912 etum
368 875 526 914 schisma,
542 875 577 908 &
588 869 849 906 patriarchatum
861 869 1059 903 Alexandri.
1089 871 1159 904 Hic

270 926 313 961 de
336 927 400 961 suis
418 924 541 969 juribus
562 921 728 958 consuluit
750 920 940 959 Romanam
963 919 1138 955 Ecclesiam
1151 945 1158 952 .

267 976 317 1010 Et
343 976 432 1020 Papa
454 973 671 1010 Innocentius
695 970 852 1014 rescripsit
879 981 948 1003 non
972 969 1060 1003 solos
1087 971 1159 1004 Me-

268 1026 443 1069 tropolitas
468 1051 479 1067 ,
521 1023 577 1059 sed
602 1023 701 1056 etiam
729 1019 951 1055 provinciales
978 1019 1158 1065 Episcopus

268 1075 388 1110 debere
425 1075 467 1110 ab
503 1074 572 1117 ipso
599 1069 787 1106 confirmari
815 1095 826 1111 ,
863 1070 1045 1104 consecrari
1070 1094 1082 1109 ,
1116 1071 1155 1104 ad

266 1126 338 1170 ejus
365 1136 483 1159 manus
507 1121 677 1157 accedere.
705 1121 784 1157 Hoc
794 1122 856 1154 effe
882 1120 932 1163 jus
960 1119 1156 1160 patriarchi·

268 1187 368 1209 cum.
397 1172 502 1209 Addit
527 1172 595 1215 ejus
619 1170 848 1205 executionem
873 1170 937 1203 esse
962 1167 1153 1205 difficilem:

264 1224 448 1262 Praesertim
472 1223 583 1268 quoad
610 1221 797 1260 remotiores
826 1219 1004 1267 Episcopos
1029 1242 1036 1250 .
1063 1219 1155 1254 Hinc

265 1275 383 1310 :suadet
420 1274 509 1309 solos
536 1272 710 1308 viciniores
735 1270 775 1304 ad
803 1267 1061 1304 patriarchalem
1089 1281 1152 1304 ma-

265 1336 350 1360 num
365 1326 467 1371 cogi,
493 1323 687 1361 remotiores
706 1320 852 1364 permitti
864 1318 1152 1363 Metropolitarum

265 1374 418 1412 manibus
440 1399 451 1415 ‚
478 1375 568 1408 salvo
595 1382 703 1407 tamen
731 1368 945 1405 patriarchali
972 1370 1151 1410 examine,

267 1427 302 1460 &
324 1426 438 1469 praevia
466 1422 735 1459 confirmatione.
764 1422 844 1454 Hoc
871 1419 982 1454 suadet
1010 1419 1051 1455 de
1076 1420 1153 1455 solis

257 1474 533 1515 Provincialibus
559 1472 728 1516 Episcopis
746 1495 756 1511 ‚
789 1469 1022 1513 Metropolitas
1046 1470 1152 1504 omni-

266 1524 316 1560 no
337 1526 407 1559 vult
429 1525 569 1567 antiquo
593 1533 683 1556 more
699 1521 739 1555 ad
762 1519 956 1554 Patriarchae
977 1531 1093 1554 manus
1103 1532 1151 1555 ac-

268 1575 402 1609 cedere.
432 1572 560 1608 Eodem
571 1569 783 1608 patriarchali
796 1570 865 1613 jure
876 1580 931 1613 per
945 1581 1062 1604 omnes
1083 1571 1151 1604 suas

264 1623 430 1659 Dioeceses
452 1622 594 1658 omnino
614 1621 737 1666 gaudet
758 1620 930 1654 Romanus
951 1619 1149 1663 Episcopus.

264 1672 394 1708 Verfim
417 1673 462 1706 ob
480 1672 613 1705 istarum
635 1669 816 1703 vastitatem
837 1670 901 1702 fuit
922 1670 958 1702 in
982 1671 1057 1704 suos
1079 1670 1151 1703 Me-

264 1723 439 1766 tropolitas
457 1720 640 1756 liberalior.
666 1717 725 1752 Eis
747 1715 903 1756 indulsit,
929 1728 999 1751 non
1021 1720 1149 1751 tantum

264 1780 302 1805 nt
313 1772 537 1807 consecrarent
561 1770 634 1802 suos
659 1767 906 1810 Suffraganeos‚
934 1766 1098 1800 sedetiam
1114 1777 1148 1800 ut

262 1821 308 1856 ab
329 1822 402 1864 ipsis
425 1821 701 1854 consecrarentur.
731 1815 787 1848 Ne
813 1815 988 1848 distantem
1017 1815 1147 1849 Urbem

263 1879 459 1916 cogerentur
478 1869 629 1903 accedere
643 1892 650 1899 .
677 1866 721 1899 Et
742 1877 784 1899 ne
806 1875 859 1908 per
881 1863 1015 1897 affiduas
1038 1866 1147 1898 conse-

258 1920 425 1954 crationes
445 1917 637 1961 Apostolica
659 1914 810 1947 omnium
835 1913 1049 1946 Ecclesiarum
1064 1913 1150 1946 soili-

257 1969 380 2004 titudo
392 1967 535 2002 nimium
545 1963 792 2001 distraheretur.
820 1961 913 1996 Hinc
934 1961 990 1995 fibi
1011 1973 1080 1996 non
1101 1974 1147 1997 re-

259 2019 364 2054 tinuit
386 2018 445 2053 nisi
469 2013 749 2050 consecrationem
761 2014 894 2045 suorum
904 2011 1144 2046 Suburbicario-

258 2079 335 2102 :rum
349 2069 404 2102 seu
415 2062 754 2109 Comprovincialium
766 2059 971 2095 Antistitum.
986 2060 1143 2096 Attamen

258 2119 364 2152 solam
393 2116 567 2160 precariam
603 2111 806 2147 functionem
842 2110 1007 2144 abdicavit
1032 2135 1044 2152 ,
1072 2123 1140 2146 non

255 2168 366 2211 3psum
387 2167 449 2210 Jus.
480 2165 553 2200 Nee
573 2163 679 2207 potuit
694 2161 859 2196 abdicare.
892 2160 1061 2207 Qiocirca
1074 2159 1141 2196 haec

256 2217 395 2262 Joannis
416 2215 522 2252 octavi
548 2213 645 2247 verba
662 2236 674 2253 ‚
699 2211 861 2245 secundum
882 2208 1051 2253 sanclorum
1078 2214 1138 2245 Pa-

256 2278 340 2302 rrum
360 2268 501 2306 Statura,
532 2268 614 2297 More
633 2261 757 2304 pristino
770 2286 781 2301 ‚
806 2261 969 2294 Secundam
983 2266 1140 2304 antiquam

255 2328 391 2352 normam
418 2341 428 2356 ,
453 2316 502 2358 jus
528 2314 707 2357 important
736 2337 746 2353 ,
772 2312 808 2345 δε
833 2310 1065 2354 Apostolicum
1091 2322 1140 2346 at·

254 2380 321 2411 que
341 2367 515 2399 Nicaenum
535 2364 731 2400 Cimonem,
758 2371 827 2394 non
853 2362 947 2395 usum
971 2362 1004 2395 δε
1023 2372 1138 2396 execu-

253 2418 384 2452 tionem
411 2441 418 2448 .
457 2413 633 2448 Affirmant
668 2410 851 2446 Salonitani
888 2410 1135 2456 Archiepiscopi

255 2465 533 2501 consectationem
560 2475 601 2497 ex
628 2461 824 2505 Apostolico
863 2469 961 2501 atque
998 2461 1135 2496 Nicaeno

255 2519 396 2552 Canone
418 2516 555 2559 spectare
572 2513 613 2547 ad
638 2512 855 2545 Pontificem.
883 2510 978 2545 Hinc
999 2511 1134 2556 &Papa

252 2567 419 2610 syricius,
445 2563 523 2598 dum
543 2560 984 2602 cunctos&Metr0p01itas‚
1010 2562 1131 2596 &Pro-

252 2616 407 2650 vinciales
429 2612 553 2657 Illyrici
577 2613 754 2655 Episcopos
779 2609 864 2653 juffit
890 2611 1133 2655 consecrariper

251 2667 424 2701 Vicarium
447 2661 792 2699 Thessalonicensem,
818 2661 882 2693 alta
905 2671 985 2693 voce
1006 2660 1090 2696 dixit
1100 2664 1132 2696 se

250 2718 376 2751 sancire
385 2727 427 2749 ex
445 2713 588 2747 Nicaenis
597 2709 809 2746 Canonibus.
836 2708 926 2757 Qia
936 2721 1052 2752 nempe
1062 2712 1130 2746 sex-

251 2779 305 2801 tus
322 2791 332 2806 ,
363 2764 594 2808 Apostolicum
610 2761 775 2795 innovans
794 2783 805 2799 ,
831 2759 984 2793 Nicaenus
1007 2760 1126 2796 Canon
1190 2767 1259 2797 vera
1270 2769 1388 2805 cmae'
1403 2768 1580 2806 Patrarum,
1593 2770 2068 2813 Ravennae,&caeteri‚nonnun.

250 2828 367 2851 ornnes
386 2815 458 2849 istas
481 2812 738 2847 consecrationes
749 2808 902 2843 adscribit
915 2808 1123 2846 Patriarchae.
1187 2825 1276 2855 quam
1301 2818 1370 2849 vero
1389 2816 1422 2848 (9
1443 2817 1518 2856 alli,
1544 2825 1578 2849 ut
1598 2817 1786 2860 manifestum
1801 2819 1840 2860 fit
1849 2823 1957 2865 eoseffe
1969 2827 2065 2866 Papae

248 2869 343 2900 Hinc
356 2866 453 2899 infert
465 2863 607 2906 Syricius
618 2861 702 2896 istud
713 2858 896 2902 suumJusa
909 2860 940 2894 se
950 2861 1038 2903 posse
1047 2861 1123 2896 deri·
1187 2868 1336 2907 Legatos,
1360 2878 1430 2906 quos
1436 2865 1589 2909 figillatim
1598 2868 1699 2911 elegit,
1719 2880 1775 2901 non
1786 2877 1886 2904 tamen
1896 2872 2063 2916 eumficbfi·

248 2918 314 2950 vari
326 2917 360 2949 in
374 2917 466 2948 suum
480 2914 647 2948 Vicarium
661 2937 669 2945 .
1185 2913 1292 2947 hahere
1307 2923 1349 2948 tot
1361 2914 1521 2958 Episcopos
1534 2915 1716 2959 emm-suam
1728 2919 1874 2961 DI-oecefim
1886 2946 1893 2952 ·
1915 2926 1953 2954 Ut
1962 2931 2061 2956 autem

298 2965 442 3012 Qaestio
467 2963 560 2997 tertia
588 2962 632 2996 est
656 2986 667 3002 ,
694 2962 771 3008 Qa
797 2958 838 2994 de
863 2961 956 2994 causa
982 2962 1122 3004 joannes
1185 2967 1272 3007 Papa
1295 2977 1332 2998 ex
1352 2965 1453 3006 nostris
1475 2971 1565 2998 etiam
1583 2967 1747 3009 regionibus
1772 2973 1899 3013 Legatos
1920 2971 2060 3012 baberet,

243 3019 378 3052 ostavus
399 3023 501 3048 mutet
521 3014 687 3056 antiquam
711 3011 835 3054 praxim
850 3034 860 3050 ‚
888 3021 986 3053 quare
1012 3011 1121 3055 jubeat
1180 3014 1422 3060 excogitatumest
1428 3023 1549 3058 propter
1560 3021 1621 3049 viae
1632 3018 1860 3060 longitudinem.
1891 3020 1984 3054 Hinc
1996 3023 2059 3056 ori-

242 3065 471 3102 Salonitanum
493 3062 740 3106 Metropolitam
774 3061 1025 3095 consecrationis
1050 3073 1121 3098 cau·
1181 3075 1230 3098 tur
1251 3077 1362 3109 quarta
1386 3066 1541 3110 quaesti0‚
1571 3066 1627 3099 An
1652 3066 2057 3106 Theffaloniceniisvica.

242 3119 275 3151 sa
302 3115 455 3158 deinceps
482 3112 626 3145 Romam
643 3111 821 3145 accedere?
848 3111 1044 3154 Respondeo
1075 3113 1118 3147 ita
1179 3114 1400 3149 riusdebuerit
1411 3116 1492 3149 olim
1505 3116 1740 3150 consecrandus
1765 3117 1907 3153 Romam
1928 3122 2058 3155 accede·

238 3165 379 3202 s³⁰³lff⁰³
404 3164 448 3196 Ob
476 3162 666 3206 Vlgss'fifflum
691 3163 838 3195 Ostavum
873 3160 1118 3197 Chalcedonen.
1178 3167 1235 3201 re?
1263 3166 1338 3208 Ejus
1364 3166 1483 3210 quippe
1504 3166 1705 3200 consecratio
1727 3167 1808 3200 nulli
1831 3169 1922 3203 alteri
1947 3171 2056 3214 lllyri-

239 3218 306 3251 ΓΘΗ]
328 3214 502 3247 C²n0¹¹⁶ffl
515 3235 523 3250 ²
549 3212 582 3244 ὅ(
605 3210 648 3244 0b
662 3212 806 3254 ῐὲῑΡῑῦΜη
819 3211 1024 3253 Imperatoris
1036 3213 1117 3248 Leo·
1176 3219 1272 3252 ciano
1289 3216 1510 3260 Metropolitae
1532 3216 1649 3261 legitur
1659 3227 1804 3260 unquam
1814 3219 1906 3254 fuisse
1926 3219 2055 3267 delega-

238 3269 291 3299 nis
312 3263 427 3297 isauri.
455 3262 523 3295 Leo
534 3261 676 3300 Isaurus,
707 3259 909 3293 dumomnes
929 3261 1051 3303 lllyrici
1070 3274 1116 3298 at·
1175 3279 1228 3302 ta,

238 3313 412 3359 quelraliae
435 3311 589 3344 Ecclefias
611 3310 848 3352 transcripfitin
861 3309 1113 3348 patriarchicum
1225 3317 1423 3360 Responde-0
1447 3315 1668 3351 Theodorum
1691 3315 1724 3350 in
1740 3318 1847 3361 paucis
1858 3320 1959 3355 verbis
1969 3321 2050 3355 mul..

237 3366 286 3407 ius
312 3360 669 3403 Constantinopolitani
696 3359 870 3403 Episcopi,
896 3361 937 3393 ab
962 3362 1114 3398 omnibus
1177 3379 1207 3402 ta
1233 3378 1335 3402 errare
1362 3392 1368 3399 .
1405 3366 1507 3411 Qod
1534 3367 1726 3412 lllyriciavnae
1752 3369 1905 3403 Dssaecefis
1933 3370 2048 3403 Admi-

236 3415 366 3449 istarum
390 3410 614 3452 Metropolitis
638 3410 743 3443 voluit
765 3410 879 3444 servari
898 3411 1021 3447 dictum
1039 3412 1113 3450 Cal.
1176 3418 1322 3454 nistratjo
1352 3442 1363 3459 ²
1402 3418 1434 3451 ἃ
1463 3420 1652 3451 cmfflmum
1683 3417 1729 3451 ibi
1762 3417 2049 3462 Metropolitafflm

334 3461 438 3502 Christ.
454 3465 533 3503 Lupi
548 3466 642 3502 Opera
656 3463 686 3491 T.
701 3463 750 3492 VI.
1569 3468 1585 3500 Ι
1611 3468 1622 3500 i
1675 3478 1694 3513 3
1893 3470 2000 3504 conse.
