2352 3756
382 182 487 231 4¹0

364 411 450 441 tatus
462 403 606 448 perficit.

971 159 1481 214 INDEX.

362 257 539 297 expurgat.
556 248 635 299 3220.
646 258 678 288 2.
690 245 844 293 Ejusdem
854 247 1071 286 calamitates.
1083 258 1193 296 3244.

363 300 518 340 Graviter
538 300 729 339 vulneratur
747 301 783 334 in
797 301 916 341 Miffa,
943 310 1041 343 quam
1061 299 1197 339 inchoa—

359 363 455 394 tam,
477 351 678 392 &nondum
693 350 847 397 finitam,
873 350 917 390 ‚ad
935 349 1050 387 Altare
1073 350 1198 435 ,sui-iffi:-

1116 412 1129 439 j
1155 413 1164 434 1
1190 427 1196 434 .

1312 251 1511 309 professione
1521 249 1598 308 fidei
1611 249 1645 285 in
1660 251 1839 288 Ecclesiam
1851 255 1977 292 admiffi
1987 283 1994 291 .
2035 271 2112 310 332.
2127 275 2148 301 2

1262 301 1404 341 Henrrci
1418 302 1571 346 Ep1scop1
1585 302 1776 338 Leodiensis
1787 304 1939 341 adversus
1947 308 2151 352 Apostolicae

1309 352 1404 392 ,Sedis
1449 350 1684 390 authoritatem
1721 356 1887 408 temeritas
1933 358 2118 403 reprehensa
2140 388 2147 396 .

1317 413 1331 442 1
1342 414 1392 440 12·
1408 413 1435 438 1-

310 452 468 505 Gregorii
490 453 565 488 V11.
587 449 800 497 degradatio,
826 449 860 484 ἀ
880 447 1034 485 Guiberti
1058 450 1196 490 intrusio
1261 452 1430 492 Henrieus
1443 451 1498 486 111.
1511 453 1692 496 Imperator
1703 455 1903 500 Gregorium
1917 456 1979 492 Vl.
2002 459 2036 494 in
2049 462 2149 496 Sutri-

358 498 431 544 non
456 501 642 545 habuerunt
663 499 774 540 statim
798 500 950 540 effectum
976 501 1012 541 ἀ
1030 502 1196 541 executio·

306 599 490 651 Gregorius
504 599 576 641 VH·
582 610 724 643 quatuor
734 599 776 636 ad
787 600 847 636 fibi
856 559 1194 641 succedendunffgmz

354 649 493 695 mendat
503 676 511 685 .
543 649 795 700 326.2.1gnem
805 652 892 691 facto
910 652 1028 687 Crucis
1037 652 1131 697 signo
1139 664 1192 687 ex-

358 565 436 590 nem
448 578 458 592 ρ

1310 515 1354 541 ,ηε
1365 502 1503 546 synodo
1513 504 1627 539 cedere
1637 506 1731 550 cogit
1741 530 1748 537 .
1771 518 1849 556 232.
1868 517 1895 542 1.
1904 509 1939 544 ec
1952 510 2014 555 seq.
2022 511 2148 555 Grego-

1311 554 1443 599 gorium
1458 552 1516 588 Vl.
1529 555 1636 593 secum
1648 555 1733 589 ultra
1746 568 1878 592 montes
1889 560 2148 611 asportat.232.2

1305 604 1466 644 rsimoniae
1477 604 1688 649 exstirpator.
1716 606 1793 642 ibid.
1808 608 1878 643 Cur
1886 618 1951 646 ,tres
1963 609 2146 646 Pontifices

1307 653 1392 689 male
1401 655 1605 694 tractaverit?
2029 672 2073 709 23
2080 672 2108 709 3.
2122 674 2144 699 2

353 702 493 747 stinguit
505 726 512 735 .
542 711 620 752 331.
636 714 667 742 ι.
689 703 767 755 Qa
778 701 821 738 de
836 703 932 744 causa
953 703 990 744 in
1006 701 1191 742 Henricum
1257 704 1425 744 Henricus
1444 715 1580 753 quartus
1592 706 1771 750 Imperator
1788 718 1970 744 contumax
1989 709 2146 747 adversus

352 751 547 793 clementior
562 753 578 794 ,ἓ

249 796 250 799 “
303 797 484 852 Gregorius
494 801 571 844 Vn.
583 803 759 849 Synodum
772 801 888 841 indicit
898 828 908 842 ,
936 814 1015 852 332.
1026 814 1057 840 2.
1082 805 1133 844 ¹Ita
1146 814 1190 838 ta-

304 867 307 870 *
351 864 428 894 men
439 878 450 894 ,
476 862 515 888 ut
524 861 600 887 ante
611 853 726 888 omnia
736 865 784 888 res
805 853 835 888 S.
849 853 1009 888 Romanae
1019 854 1170 894 Ecclesiae
1179 879 1200 900 ⁹.

349 901 469 948 quibus
479 903 660 949 exspoliata
672 903 904 953 cognoscitur,
930 904 953 939 fi
965 904 1109 950 dignum
1120 904 1166 939 est
1178 929 1189 945 ,

350 953 561 988 restituantur
575 978 584 993 ,.
1001 952 1003 954 ’
1108 954 1187 995 ibid.

298 999 482 1052 Gregorius
493 1002 571 1038 Vn.
590 1016 632 1040 an
645 1005 836 1046 Sacerdotes
847 1004 1042 1051 conjugatos
1053 1005 1188 1045 tolerare

346 1054 477 1088 coactus
488 1053 609 1095 fuerit?
637 1066 715 1104 333.
727 1064 758 1097 ι
770 1055 850 1100 Ejus
860 1067 936 1101 erga
947 1056 1097 1091 Clericos
1111 1068 1186 1090 con-

345 1092 477 1149 jugatos
486 1104 722 1149 dispensatoria
733 1106 948 1141 dissimulatio
971 1117 1041 1142 non
1052 1106 1186 1141 ulterius

347 1155 586 1198 permittenda.
617 1166 695 1204 352.
709 1166 739 1199 2.
766 1158 948 1202 Episcopos
967 1158 1015 1191 sui
1034 1156 1124 1191 Cleri
1141 1159 1183 1198 sa·

347 1205 469 1251 crilega
484 1206 641 1251 conjugia
652 1207 893 1250 permittentes,
918 1218 975 1242 aut
986 1206 1185 1247 dissimulau-

346 1264 396 1290 tes
406 1256 570 1300 suspendit
582 1256 623 1291 ab
641 1257 827 1302 Episcopali
839 1257 951 1293 officio
962 1284 969 1291 .

284 1303 478 1351 ‘Gregorius
501 1307 578 1342 V11.
600 1308 666 1343 sese
689 1307 807 1343 abdere
826 1308 957 1353 cogitur
976 1307 1011 1349 in
1030 1308 1182 1348 Castrum

343 1356 452 1391 Sancti
465 1356 612 1402 Angeli.
867 1357 870 1360 ’
1070 1368 1148 1418 303.
1161 1370 1183 1401 2.

292 1403 475 1451 Gregorius
488 1407 563 1446 Vll.
577 1409 742 1455 Gregorio
750 1408 883 1454 Magno
904 1420 975 1450 non
996 1408 1083 1447 male
1093 1420 1182 1442 com·

339 1467 487 1500 paratus.
514 1455 592 1505 238.
612 1456 646 1493 ι.
665 1459 744 1502 Ejus
767 1460 913 1499 natales.
941 1459 1046 1494 studia
1065 1460 1183 1499 ,ἀπιο-

338 1518 407 1540 res.
436 1509 515 1555 238.
532 1517 563 1549 2.
601 1509 684 1550 Non
702 1508 934 1549 =fuit'lffiuscus
955 1510 990 1551 ὃς
1016 1510 1181 1548 Senenfis‚

334 1556 390 1591 sed
404 1557 600 1599 Romanus:
630 1559 749 1603 Neque
759 1559 857 1600 Fabri
870 1560 976 1600 filius,
1003 1560 1056 1594 sed
1080 1559 1180 1599 hone-

333 1606 386 1641 sto
397 1608 477 1643 loco
489 1617 586 1649 natus
596 1633 603 1641 .
630 1609 712 1651 ibid.
729 1609 907 1654 Affumpfit
921 1610 1098 1645 sanctitatis
1109 1622 1180 1655 pro·

334 1658 473 1701 positum
483 1684 495 1700 ‚
521 1660 575 1694 seu
586 1659 812 1695 Monasticam
821 1660 1051 1705 profeffionem
1067 1686 1074 1693 .
1098 1658 1176 1699 ibid.

334 1709 388 1742 Ex
411 1709 620 1751 Monasterio
642 1712 804 1746 extrastus
828 1711 846 1745 a
860 1710 1030 1745 Cardinali
1050 1711 1179 1760 Joanne

333 1759 498 1799 Gratiano
514 1786 522 1795 .
1098 1758 1178 1798 ibid·

281 1807 465 1844 Guibertus
475 1811 549 1853 quis
568 1810 717 1859 &qualis
729 1809 850 1844 fuerit?
878 1818 956 1857 323.
972 1820 1004 1849 2.
1024 1807 1122 1856 Qid
1137 1807 1178 1845 de

330 1869 374 1894 co
397 1859 513 1904 scribat
526 1861 708 1905 Gregorius
730 1858 806 1893 VII.
828 1866 909 1903 324.
933 1869 964 1894 2·
993 1854 1177 1908 Qondam

330 1909 496 1953 Gregorio
507 1908 584 1944 Vll.
597 1909 723 1943 amicus
736 1933 744 1941 .
774 1919 852 1956 325.
869 1918 896 1948 ι.
925 1906 1082 1942 Militum
1095 1906 1177 1944 Dux

330 1959 366 1994 in
379 1958 519 1998 Henrici
532 1958 739 2003 ¹Imperatoris
750 1957 897 1997 exercitu
910 1982 917 1990 .
947 1968 1058 2005 321·2-
1076 1967 1116 2004 33
1127 1966 1174 1995 t-,1

328 2009 367 2043 In
379 2010 502 2053 Papam
513 2010 531 2043 a
544 2009 827 2052 Pseudo-Synodo
839 2007 1176 2054 eligitur.312.2.315.1

329 2058 443 2093 Causae
453 2070 511 2093 cur
523 2058 641 2092 electio
655 2058 745 2092 nulla
756 2058 853 2091 fuerit
865 2058 882 2090 ?
909 2055 993 2090 lbid.
1019 2057 1101 2090 Non
1113 2056 1176 2088 fuit

328 2110 364 2142 in
376 2108 561 2142 Brixinenfi
578 2107 817 2141 Conciliabulo
828 2105 937 2140 revera
948 2106 1093 2148 oleorum
1121 2105 1175 2143 sed

327 2158 362 2192 in
386 2159 512 2201 Papam
545 2155 586 2191 ab
611 2157 764 2191 Henrico
789 2156 988 2201 Imperatore
1012 2155 1176 2193 violenter

328 2210 490 2243 intrusus.
521 2217 603 2256 315.
620 2216 651 2241 2.
671 2206 919 2246 Inthronizatur
934 2231 944 2247 ‚
972 2205 1176 2244 &Clemens

328 2258 385 2293 111.
398 2258 538 2299 dicitur·
570 2268 645 2311 332.
677 2269 705 2299 ,1-
733 2257 814 2309 338·
831 2269 857 2298 ι,-
880 2257 1055 2295 Dementis
1076 2257 1175 2300 quam

288 2328 293 2332 -
329 2310 518 2345 Clementis
532 2308 669 2345 nomine
682 2308 833 2353 dignior.
859 2317 942 2355 325.
969 2319 997 2343 1·-
1019 2305 1174 2345 Subdito‘

327 2371 400 2395 rum
413 2359 470 2394 fibi
483 2359 763 2399 Monasteriorum
777 2358 864 2394 bona
879 2357 1006 2392 invadit
1017 2381 1028 2398 ‚
1043 2368 1080 2395 ac
1091 2357 1172 2391 dila-

329 2410 422 2455 pidat
432 2436 439 2443 .
469 2422 545 2459 325.
558 2422 588 2447 2-
603 2405 774 2454 Episcopis
786 2433 796 2449 ,
822 2408 855 2443 &
866 2407 1004 2445 Clericis
1016 2407 1174 2457 conjuga-

327 2462 370 2496 tis
384 2461 487 2496 favet.
515 2472 597 2509 317.
612 2472 643 2498 2-
667 2460 751 2498 Vult
766 2458 889 2502 ubique
904 2458 1082 2502 Episcopos
1094 2469 1174 2493 con·
1193 2456 1195 2458 ’

328 2513 470 2547 secrare.
498 2510 581 2560 366.
599 2520 626 2545 1.
650 2512 690 2546 In
714 2509 861 2556 plurimis
890 2508 1053 2542 Romanis
1069 2509 1174 2552 Syno-

329 2562 381 2598 dis
392 2562 586 2602 damnatus.
614 2571 729 2610 3252.
743 2559 969 2598 ‚Cancellarius
982 2557 1117 2597 Nicolai
1131 2558 1171 2592 11.

329 2613 512 2652 Decretum
525 2611 706 2655 corrumpit
719 2638 726 2649 ,
1061 2607 1137 2657 318-
1155 2621 1169 2647 1

283 2663 459 2698 Guilielmi
471 2664 511 2703 de
522 2664 640 2702 Sancto
652 2661 778 2700 Amore
800 2659 950 2699 adversus
963 2657 1173 2703 Apostolicas

330 2714 571 2760 Delegationes
590 2736 601 2753 ‚
626 2714 660 2747 &
684 2711 855 2758 privilegia
875 2712 1025 2750 Fratrum
1043 2708 1173 2746 Mendi-

334 2766 484 2800 cantium
505 2764 600 2799 devia
612 2761 837 2807 phantasmata
851 2787 859 2794 .
1066 2769 1141 2805 115.
1153 2771 1174 2796 2

286 2815 316 2854 S.
329 2815 529 2850 Guilielmus
550 2814 758 2848 Pistaviensis
778 2813 901 2848 Comes
922 2822 965 2846 ex
988 2809 1173 2847 admirabili

336 2865 690 2910 poenitentiaSanstus.
722 2874 737 2899 ι
745 2861 799 2912 38.
817 2875 849 2900 2.
862 2861 1039 2896 Horrenda
1057 2862 1111 2895 sua
1124 2861 1174 2894 fla·

336 2916 420 2961 gitia
453 2916 486 2949 &
501 2915 647 2951 facinora
667 2925 723 2964 per
735 2915 850 2949 duram
874 2912 1059 2957 &longam
1078 2911 1175 2954 poeni-

336 2966 475 3014 tentiam
487 2966 637 3010 purgavit
650 2990 658 2996 .
1063 2960 1143 3000 260.
1155 2973 1175 2998 2

714 3063 752 3104 H

288 3177 290 3180 ’
335 3181 338 3183 ·
399 3165 555 3207 Artuicus
577 3162 837 3204 Herosfeldenfis
855 3165 889 3197 in
913 3161 1178 3207 Magdeburgen-

424 3219 489 3252 sem
501 3214 703 3254 Cathedram
715 3215 850 3260 quando
863 3214 1027 3251 intrusus?
1057 3220 1134 3261 393.
1148 3221 1172 3247 ι.

309 3286 314 3291 ·
338 3269 399 3303 Vir
410 3267 608 3306 doctiffimus
619 3267 653 3301 &
665 3265 876 3309 nequiffimus
889 3288 896 3297 .
1060 3273 1138 3310 341.
1155 3270 1177 3296 2

288 3318 425 3358 Haerefis
446 3319 546 3352 solius
568 3316 664 3360 culpa
679 3339 691 3357 ,
715 3316 856 3351 fortaffis
880 3313 982 3355 olim,
1010 3310 1175 3357 Apostoli-

337 3367 462 3407 caeSedi
475 3392 486 3412 ‚
510 3377 565 3404 aut
576 3366 781 3405 Provinciali
796 3363 934 3416 ¹synodo
945 3374 1013 3402 erat
1040 3363 1175 3448 resen-Sva·

338 3427 371 3456 ta
382 3442 390 3451 .
1063 3422 1109 3455 27
1133 3436 1139 3443 .
1156 3418 1171 3444 1

290 3465 619 3507 Haereticiolimnon
635 3467 694 3501 nisi
706 3446 782 3506 cum
798 3463 1091 3505 solemnilibello,
1119 3463 1172 3498 seu
1239 3460 1552 3503 Hierosolymorum
1600 3455 1839 3500 Episcoporum
1876 3450 1949 3484 succ

1083 763 1192 801 332·2

1304 756 1506 800 Gregorium
1518 755 1593 791 VII.
1601 756 1722 801 Regias
1735 758 1937 797 investituras
1948 771 2142 806 propugnat.

1305 816 1361 852 45.
1390 814 1419 848 1.
1445 805 1591 841 Romam
1614 807 1825 850 personaliter
1843 809 1965 844 citatur
1987 836 1994 843 .
2027 821 2086 857 47.
2110 823 2142 848 1·

1307 857 1498 890 Wonnariae
1534 857 1725 895 Concilium
1751 858 1903 897 adversus
1939 862 2140 905 Gregorium

1305 904 1384 940 vVll.
1399 917 1603 953 congregat,
1616 918 1712 951 quem
1723 907 1766 945 de
1779 910 1875 943 variis
1886 913 2012 944 accusat
2022 935 2031 946 ,
2054 911 2138 946 lbid.

1303 955 1624 995 Excommunicatur
1634 957 1654 990 ὲ
1665 957 1830 1006 Gregorio
1842 958 1920 994 Vll.
1932 970 1989 1008 49.
2002 972 2032 997 2.
2048 959 2101 997 62.
2110 971 2122 995 1
2133 985 2143 994 .

1301 1015 1383 1050 220.
1399 1015 1429 1047 1.
1455 1004 1562 1040 Venit
1574 1006 1608 1039 in
1621 1005 1748 1043 Italiam
1760 1033 1771 1048 ,
1798 1010 1965 1052 publicam
1985 1011 2057 1055 agit
2072 1021 2141 1053 poe-

1301 1056 1499 1097 nitentiam,
1524 1055 1654 1099 &apud
1677 1055 1855 1094 Canusium
1877 1059 1919 1094 ab
1945 1070 2140 1096 excommu-

1302 1107 1472 1145 nicatione
1492 1106 1680 1145 solemniter
1690 1105 1886 1140 absolvitur.
1910 1118 1966 1156 50.
1986 1121 2015 1146 1.
2035 1110 2139 1147 Redit

1301 1157 1341 1191 ad
1353 1157 1534 1193 vomitum:
1563 1166 1652 1204 50.2.
1665 1156 1784 1194 Fuerat
1798 1157 1968 1205 quondam
1981 1158 2138 1201 Gregorii

1300 1206 1377 1242 V11.
1388 1208 1531 1242 amicus.
1562 1207 1564 1209 ’
2032 1218 2107 1257 325·
2120 1220 2134 1246 ι

1075 1258 1152 1306 360.
1165 1270 1179 1301 1
1249 1256 1415 1297 Henricus
1425 1268 1559 1302 quartus
1570 1257 1749 1301 Imperator
1771 1257 1790 1294 va
1803 1257 1978 1292 Germanis
1991 1257 2140 1292 Proceri·

1299 1307 1360 1342 bus
1370 1307 1579 1353 degradatur.
1595 1317 1704 1354 1502.
1717 1308 1754 1341 ln
1765 1307 1834 1350 ejus
1845 1308 1957 1343 locum
1969 1309 2138 1344 sufficiunt

1299 1357 1518 1402 Rudolphum
1540 1358 1665 1397 Sueviae
1677 1359 1809 1397 Ducem
1823 1382 1835 1400 ‚
1861 1359 1914 1396 sed
1936 1359 2137 1395 mansuetior

1301 1407 1353 1443 via
1366 1407 1488 1452 placuit
1502 1408 1682 1454 Gregorio.
2057 1408 2138 1445 ibid.

1247 1457 1414 1496 Henricus
1436 1458 1496 1497 IV.
1510 1458 1604 1502 plene
1614 1457 1828 1505 degradatur.
1859 1468 1937 1506 229.
1953 1471 1981 1495 1.
2006 1459 2087 1503 Ejus
2100 1458 2134 1493 in

1297 1508 1473 1545 Ecclesiam
1481 1509 1626 1545 facinora
1641 1518 1714 1556 304.
1731 1519 1757 1544 1.
1782 1509 1981 1544 Guibertum
2001 1509 2133 1545 anathe-

1296 1559 1489 1595 matizatum
1501 1559 1661 1609 praesumit
1682 1559 1716 1593 in
1728 1558 1835 1593 Sanffl
1861 1558 1949 1594 Petri
1971 1558 2133 1595 thronum

1295 1610 1479 1645 intrudere.
1506 1619 1624 1659 304-1·
1641 1618 1753 1657 3142.
1769 1618 1880 1657 3152·
1895 1608 2132 1653 Praetenditjus

1296 1659 1491 1695 nominandi
1504 1662 1697 1699 Romanum
1708 1659 1917 1695 Pontificem.
1933 1670 1952 1706 3
1961 1660 2131 1706 15-2.Qae

1294 1712 1389 1744 causa
1400 1721 1500 1745 tantae
1509 1709 1653 1743 audaciae
1667 1708 1684 1740 ἓ
2016 1717 2095 1754 319·
2110 1719 2127 1744 1

1244 1758 1413 1798 Henricus
1423 1758 1482 1793 1V.
1507 1759 1730 1797 Simoniacam
1747 1758 1940 1800 pravitatem
1950 1756 2074 1791 Editus
2093 1757 2129 1792 δε

1295 1807 1441 1851 Legibus
1451 1807 1558 1841 firmat
1570 1832 1579 1844 ,.
1608 1817 1686 1855 320.
1702 1816 1729 1841 1.
1743 1807 1870 1850 Omnia
1891 1805 2132 1841 Ecclesiastico-

1295 1867 1367 1890 rum
1381 1857 1575 1900 temporalia
1598 1857 1638 1891 ad
1650 1856 1838 1900 Principem
1850 1857 2008 1899 pertinere
2026 1857 2132 1892 asserit

1293 1905 1375 1940 ibid.
1387 1907 1469 1940 Non
1480 1907 1600 1950 scripsit
1610 1907 1779 1951 vulgarem
1791 1906 1836 1942 ad
1845 1907 1997 1941 Sanctum
2012 1906 2132 1942 Anno·

1295 1966 1369 1988 nem
1384 1955 1566 1997 Epistolam
1580 1979 1587 1986 .
1667 1953 1672 1955 ’
2019 1967 2095 2002 321·
2108 1968 2131 1992 2

1242 2004 1409 2042 Henricus
1420 2004 1479 2038 IV.
1493 2002 1797 2047 Rudolphivictor.
1825 2012 1903 2049 329.
1923 2013 1955 2036 2.
1982 2004 2128 2039 Romam

1292 2052 1436 2094 obsidet,
1464 2053 1694 2098 &expugnat.
1725 2060 1801 2099 331.
1818 2063 1847 2093 1.
1875 2051 2050 2088 Violenter
2069 2055 2130 2088 im-

1293 2102 1383 2148 pedit
1404 2101 1559 2139 accedero
1577 2102 1724 2138 volentes
1745 2102 1787 2139 ad
1814 2112 1934 2139 novam
1954 2102 2129 2148 Synodum

1291 2156 1494 2190 Romanam.
2006 2164 2082 2202 333.
2107 2161 2126 2190 1

1240 2205 1408 2244 Henricus
1419 2204 1480 2238 IV.
1505 2203 1523 2237 a
1534 2203 1697 2240 Guiberto
1720 2202 1914 2239 Ravennate
1928 2213 2106 2238 coronatur
2118 2225 2128 2236 .

1292 2255 1369 2305 336.
1386 2265 1412 2293 1.
1422 2255 1460 2289 In
1474 2254 1539 2295 ipsa
1551 2253 1699 2289 Paschali
1715 2252 1921 2291 hebdomada
1932 2251 2105 2299 belligerat
2118 2276 2126 2284 -

1292 2317 1310 2355 3
1314 2305 1359 2355 36
1364 2331 1369 2337 .
1377 2312 1414 2343 ι.
1428 2304 1459 2343 Α
1469 2304 1634 2353 Gregorio
1646 2303 1722 2342 VII.
1735 2304 1987 2343 coronationem
1995 2313 2130 2349 praeten-

1288 2356 1338 2393 dit
1348 2382 1356 2393 .
2026 2362 2068 2400 33
2096 2365 2126 2387 ·¹

1238 2406 1407 2444 Henricus
1417 2405 1481 2440 IV.
1494 2404 1572 2440 dure
1583 2403 1783 2448 persequitur
1791 2401 1989 2440 adhaerentes
2001 2364 2127 2448 Grego-

1285 2456 1335 2492 rio
1347 2456 1422 2490 Vll.
1435 2465 1515 2503 339.
1538 2468 1558 2489 1.
1581 2455 1683 2488 Binos
1694 2455 1745 2488 vel
1767 2465 1897 2487 annuos
1913 2453 2067 2487 Praelatos
2080 2452 2127 2487 Si-

1287 2505 1441 2543 moniace
1466 2504 1627 2540 substituit
1649 2530 1656 2537 .
1686 2504 1766 2538 ibid.
1793 2515 1823 2539 2.
1852 2502 2066 2546 Episcopatus
2087 2513 2127 2537 ac

1285 2556 1448 2592 Abbatias
1460 2554 1591 2591 vendit,
1620 2553 1698 2591 ibid.
1716 2554 1817 2590 Favet
1829 2552 1996 2601 Sigefrido
2009 2551 2128 2597 Augu-

1285 2607 1379 2641 stenfi
1395 2606 1564 2653 Episcopo
1580 2630 1588 2641 ,
2011 2611 2092 2650 392.
2106 2611 2122 2637 1

1238 2659 1453 2698 Hermannus
1464 2657 1482 2693 a
1493 2654 1679 2692 Saxonibus
1691 2654 1725 2690 δε
1739 2652 1949 2689 Allemannis
1961 2652 2034 2687 Rex
2047 2663 2126 2686 con·

1216 2668 1224 2731 l
1286 2707 1440 2745 intuitur,
1455 2706 1535 2757 338.
1549 2718 1580 2743 2.
1595 2706 1681 2739 Cum
1696 2705 1759 2739 suis
1771 2702 1981 2746 Principibus
1992 2701 2127 2747 Qinti-

1285 2757 1509 2805 linoburgensi
1523 2754 1661 2798 Synodo
1672 2753 1802 2788 interest
1815 2779 1822 2787 .
1853 2762 1928 2800 345.
1945 2761 1972 2787 ι.
1993 2752 2072 2795 Ejus
2084 2751 2128 2785 do

1286 2808 1449 2857 conjugio
1463 2806 1635 2854 negotium
1650 2805 1682 2841 in
1692 2804 1832 2851 Synodo
1842 2802 1982 2839 dilatum
1994 2801 2036 2836 ab
2049 2800 2127 2844 Epi-

1287 2860 1412 2902 scopis.
2007 2849 2087 2897 386.
2107 2859 2122 2884 t

1237 2908 1429 2946 Hierarchia
1450 2907 1599 2945 Ecciefiae
1620 2903 1842 2941 Monarchica
1869 2927 1879 2944 ‚
1906 2912 1974 2936 non
1998 2899 2125 2935 Aristo-

1286 2960 1404 2995 cratica
1416 2982 1424 2991 .
2015 2959 2089 2996 137-
2108 2958 2120 2983 1

1229 3009 1343 3047 ‚sanai
1370 3006 1573 3050 Hieronymi
1598 3005 1638 3039 ad
1650 3005 1779 3043 Damasi
1794 3000 1978 3052 Epistolam
1997 3001 2126 3043 respon-

1287 3062 1358 3094 sum
1381 3058 1554 3092 fissitium.
1583 3066 1638 3100 24.
1657 3064 1687 3088 2.
1710 3062 1788 3100 250.
1802 3064 1832 3089 2.
1857 3051 2005 3093 Su'spesta
2024 3049 2070 3084 est
2091 3049 2125 3083 ὅτ.

1286 3110 1357 3154 ejus
1374 3108 1518 3156 Epistola
1535 3106 1576 3140 ad
1598 3104 1714 3141 Galliae
1727 3128 1738 3146 ‚
1764 3114 1801 3138 ac
1821 3101 2004 3137 Germaniae
2026 3098 2125 3135 Anti·

1289 3160 1380 3196 stites
1392 3183 1399 3193 .
1864 3201 1871 3208 ³
2010 3159 2091 3195 250.
2103 3158 2126 3183 2

1238 3212 1267 3246 S.
1289 3210 1518 3254 Hieronymus
1539 3203 1731 3239 Monachus
1752 3228 1762 3245 ,
1789 3202 1873 3239 nulli
1899 3210 2010 3236 tamen
2034 3209 2123 3233 certo

1264 3290 1266 3292 ,
1287 3259 1516 3298 Monasterio,
1542 3265 1597 3289 aut
1620 3253 1768 3289 Ecclefiae
1785 3252 1936 3297 alligatus
1958 3276 1966 3284 .
1998 3246 2071 3288 128.
2094 3259 2122 3284 ι.

1288 3310 1367 3354 Ejus
1382 3305 1485 3352 lapsus
1497 3307 1582 3342 circa
1602 3305 1849 3349 promotionem
1862 3301 1972 3336 Sancti
1987 3298 2124 3342 Cypria·

1288 3361 1321 3393 ni
1335 3361 1367 3394 in
1383 3357 1625 3403 Presbyterum.
1649 3359 1731 3407 273.
1751 3364 1782 3389 2.
1805 3352 1964 3403 Qeritur
1989 3350 2020 3384 se
2034 3347 2123 3382 Pres-

1285 3410 1435 3453 byterum
1449 3420 1517 3443 non
1532 3417 1640 3441 vocari
1652 3430 1660 3438 .
2008 3396 2088 3433 280.
2099 3406 2124 3431 2

1951 3449 2031 3482 essio
2064 3446 2123 3482 ob-

1959 3499 2047 3533 scura
2057 3521 2065 3528 ·
