2372 3756
128 2169 202 2205 Cap.
230 2168 256 2194 8.

128 2284 203 2321 cap·
223 2293 250 2317 r·

135 2400 207 2428 Can.
222 2406 265 2434 13‘

322 267 359 299 ό*
373 278 430 299 non
443 266 541 308 potitis
554 263 698 308 adsolum
714 264 829 309 spceVet
851 265 1011 298 Abbattm.
1041 264 1084 300 Et
1105 262 1189 297 hanc

313 315 422 353 saneti
438 316 591 350 Bernatdi
605 317 798 351 sententiam
810 314 991 358 respondeo
1000 314 1063 348 esse
1074 313 1192 348 verissi-

314 376 403 399 mam
417 391 424 398 .
451 366 554 409 Ipsam
563 367 653 400 euim
667 365 810 408 omnino
824 366 954 398 firmant
966 365 1106 409 antiquas
1116 364 1191 396 Mo-

314 413 496 450 nachorum
508 415 663 462 Regulae,
689 417 723 451 δε
738 415 883 450 Ecclefiae
905 413 1063 449 Canones
1075 438 1085 454 ,
1112 424 1191 457 quo-

314 475 386 498 rum
396 465 526 510 aliquos
541 466 631 510 supra
643 466 769 500 adduxi
785 490 791 496 .

365 515 479 550 Altera
491 517 626 561 quaestio
638 515 684 550 est
698 540 709 556 ‚
736 515 792 548 An
806 513 845 548 ad
861 513 1004 548 validam
1025 509 1190 547 Monachi

313 567 562 601 translationem
583 566 762 608 requiratur
782 564 880 599 etiam
915 565 1091 599 consensus
1115 561 1193 605 Epi-

311 617 428 660 scopi?
454 617 619 650 Adfirmat
629 616 662 648 in
676 614 801 648 scholio
814 614 852 647 ad
875 614 1106 659 octogesimum
1132 620 1193 645 ter-

311 667 397 701 tium
409 665 700 709 Carthaginensem
714 665 888 700 Canonem
900 663 1101 697 Theodorus
1122 660 1193 695 Bal-

313 718 425 751 samon
438 730 448 750 .·
477 716 573 759 ,Quod
590 724 691 748 autem
709 715 749 758 fit
765 714 847 748 bodie
858 715 878 745 ἃ
889 712 1057 753 Monasterii
1079 711 1193 752 Praefe-

311 767 368 800 lits
382 792 393 808 ‚
419 776 452 799 ut
461 777 506 799 eos
518 771 568 809 qui
575 765 631 808 sibi
639 763 766 808 subsunt
791 775 857 798 cum
878 764 987 796 litteris
1010 763 1170 795 dimittant
1181 785 1192 801 ‚

311 827 344 850 ut
350 819 454 860 poffint
466 817 517 861 effe
528 815 664 849 Monacbi
675 820 708 847 in
720 817 815 848 alieno
828 811 1001 853 Monasterio
1013 836 1024 852 ‚
1050 823 1107 844 non
1131 811 1169 852 est
1181 835 1192 852 ‚

311 876 346 901 ut
358 868 432 902 mibi
454 869 598 906 videtur,
620 865 741 908 firmum
763 866 797 898 et
816 871 1007 896 accuratum.
1034 859 1192 904 Episcopa-

312 918 391 952 libus
404 923 482 952 enim
495 916 662 961 dimiffbriis
674 918 770 959 mugit
793 921 865 955 opus
886 912 923 953 est
944 916 972 945 et'
990 918 1042 954 qui
1062 917 1192 956 migrare

310 970 459 1008 voluerit,
487 978 545 1000 non
558 974 657 999 autem
676 963 845 1005 Monasterii
868 961 1045 1003 PraefeBis.
1073 962 1194 1006 Episco-

306 1024 358 1059 pis
372 1022 450 1050 enim
460 1020 558 1059 magis
566 1013 696 1058 subJ'ebli
704 1011 776 1057 sunt
789 1012 926 1046 Monacbi
936 1037 946 1054 ,
970 1014 1062 1055 quam
1087 1016 1190 1046 Mona·

694 183 733 227 S.
771 180 1087 227 Gaze-‚onn
1125 193 1359 224 ςεΡτῐΜῙ
1396 181 1753 230 ΡοΝτῐΡῐσΙς

1253 261 1480 307 thaginensem
1495 263 1786 311 Archiepiscopum
1808 278 1846 304 ac
1865 270 1933 313 ejus
1957 273 2130 315 synodum

1252 312 1365 346 libello
1386 316 1524 357 exponit
1544 315 1657 351 Petrus
1679 319 1790 352 nescio
1811 320 1903 364 cujus
1927 321 1958 354 in
1983 322 2130 366 Byzacio

1253 362 1446 398 Monasterii
1466 363 1634 401 Praefestus
1650 380 1660 400 Ἰε
1686 367 1833 411 Pofhimus
1855 380 1890 403 ut
1911 370 2037 410 nostrum
2069 378 2132 407 Mo·

1251 412 1408 453 nasterium
1422 415 1530 457 facias
1538 425 1601 451 tuae
1623 419 1829 453 Beatitudinis
1850 426 1990 464 regimini
1997 420 2130 464 subjace-

1252 473 1285 495 re
1296 485 1303 494 .
1328 467 1365 496 In
1384 463 1518 507 absentia
1537 473 1617 500 enim
1637 470 1805 503 sacerdotis
1815 470 2058 516 Carthaginenfis
2069 476 2130 506 Ec-

1253 511 1362 554 clefiae,
1388 515 1425 546 de
1441 520 1578 557 proxImo
1599 518 1790 561 Bonifacium
1816 520 2045 564 Gratianensem
2056 525 2130 556 san·¹

1253 562 1331 595 bium
1352 561 1529 607 Episcopum
1547 574 1656 609 primae
1677 571 1763 602 Sedis
1784 573 1954 604 Provinciae
1966 574 2128 611 Byzacenae

1248 618 1393 654 periimus
1408 639 1418 654 ,
1444 624 1479 648 ut
1505 619 1647 658 quamam
1669 618 1737 653 huic
1758 621 1877 654 Sant‘lae
1898 621 2032 663 Ecclefiae
2052 627 2129 655 Car-

1242 661 1574 706 thaginenfiRet‘lorem
1586 671 1732 704 Dominus
1741 672 1899 714 conceffiffet
1909 695 1920 711 ‚
1946 671 2049 711 nobis,
2075 679 2128 715 qui

1254 715 1373 746 Divina
1384 716 1484 756 Officia
1495 717 1674 751 celebrarent
1684 743 1693 757 ‚
1721 721 1874 756 ordinaret
1888 745 1895 752 .
1923 723 2019 764 ,Quod
2037 724 2070 756 (15
2074 722 2129 763 fa-

1252 762 1329 796 Ham
1341 764 1398 806 est,
1427 771 1473 798 ita
1483 775 1586 800 tamen
1596 778 1629 801 ut
1640 769 1777 810 desuni‘lo
1799 774 1952 811 Primate,
1978 783 2039 804 non
2059 774 2130 806 Suc-

1252 813 1335 857 ceffor
1366 815 1464 858 plebis
1485 817 1566 850 illius
1586 820 1719 862 aliquam
1737 825 1771 854 in
1791 821 1876 854 nobis
1901 821 2021 854 haberet
2038 824 2129 855 licen-

1233 869 1348 941 itiam,
1369 864 1443 907 ficut
1456 866 1494 907 est
1504 872 1595 901 moris
1621 874 1654 901 in
1670 868 1822 913 subditis.
1849 873 1911 905 sed
1932 883 2028 914 neque
2044 872 2128 914 plebi

1250 925 1304 947 nos
1318 920 1429 950 vicine
1437 917 1599 959 aliquando
1605 917 1786 961 subjecimus
1799 946 1810 961 ,
1835 930 1890 954 aut
1911 920 2068 964 Epist-opis
2081 927 2128 955 vi-

1234 1013 1297 1057 ¹bis
1310 1038 1321 1054 ,
1345 1014 1550 1058 exspetflantes
1560 1019 1679 1052 sancte
1701 1019 1790 1061 hujus
1813 1021 1945 1063 Ecclefiae
1965 1020 2128 1066 Cartbagi-

302 1067 456 1108 fleriorum
483 1064 659 1107 Praeset‘lis.
688 1065 732 1098 Et
752 1066 840 1098 favet
862 1064 1017 1106 antiquus
1042 1063 1191 1098 Ecclefiae
1230 1063 1344 1121 {nensis
1355 1065 1541 1099 libertatem.
1569 1068 1696 1103 Eadem
1706 1070 1822 1113 repetit
1845 1069 1880 1103 in
1902 1072 1977 1106 aliis
1996 1071 2036 1106 ad
2048 1081 2133 1107 eun*

309 1117 427 1151 Canon
440 1141 450 1156 ,
476 1116 531 1160 qui
548 1127 606 1149 nec
619 1114 785 1148 clericum
801 1125 861 1148 nec
873 1113 1013 1148 Laicum
1026 1112 1091 1148 fine
1115 1114 1190 1159 Epi-

307 1162 395 1211 scopi
409 1167 532 1201 ass'ensu
555 1166 589 1199 ὅ(
604 1164 802 1198 dimissoriis
826 1163 942 1198 litteris
956 1188 966 1203 ‚
993 1174 1059 1196 non
1083 1164 1189 1200 solum

306 1218 348 1252 de
361 1218 556 1261 Episcopatu
570 1215 610 1250 ad
627 1215 860 1259 Episcopaturn
874 1239 885 1254 ,
913 1212 965 1247 sed
991 1223 1051 1247 nec
1073 1213 1115 1247 de
1127 1226 1191 1250 una

306 1269 346 1302 ad
359 1268 456 1302 aliam
470 1266 615 1310 ejusdem
631 1265 845 1308 Episcopatus
872 1262 1067 1299 parochiam
1092 1275 1189 1299 transe

307 1319 381 1352 ferri
395 1317 535 1362 permisit
563 1316 602 1349 ad
619 1313 786 1359 figendum
800 1315 867 1348 illic
879 1314 1087 1351 domicilium
1101 1337 1110 1352 ‚
1132 1316 1189 1348 im-

306 1367 364 1403 mo
377 1379 436 1402 nec
451 1367 491 1401 ad
505 1366 631 1411 agenda
644 1366 775 1410 negotia
787 1364 919 1398 transire
930 1374 987 1397 aut
1009 1364 1187 1398 ambulare.

305 1418 420 1454 Tanta
432 1418 515 1452 olim
527 1417 589 1449 fuit
603 1415 718 1448 harum
741 1415 920 1448 litteratum
940 1413 1124 1454 necessitate,
1152 1425 1187 1448 ut

304 1469 401 1502 etiam
416 1477 530 1501 nautas
540 1465 687 1507 fineipsis
713 1476 780 1497 non
809 1464 1011 1498 consuevisse
1033 1465 1188 1508 navigare

303 1518 437 1552 testetur
449 1517 482 1551 in
496 1515 613 1550 litteris
624 1514 664 1546 ad
678 1525 733 1548 om
740 1525 795 1549 nes
807 1512 1026 1549 Orthodoxos
1043 1514 1189 1557 Magnus

303 1567 521 1602 Athanasius.
550 1564 614 1599 Eas
627 1564 704 1599 dare
727 1575 853 1608 poterat
876 1565 963 1597 solus
987 1564 1187 1608 Episcopus.

305 1618 471 1657 Presbyteri
493 1642 504 1658 ,
541 1615 653 1658 inquit
679 1612 891 1649 Antiochena
915 1614 1067 1658 Synodus
1091 1639 1101 1654 ‚
1137 1622 1204 1657 quil

297 1667 370 1712 fient
385 1674 417 1700 in
428 1673 509 1711 angs
522 1688 531 1705 ‚
556 1669 726 1698 canonicas
740 1664 890 1706 Epistolas
904 1666 976 1698 dare
987 1675 1043 1696 non
1051 1665 1166 1707 poffunt
1179 1690 1185 1696 .

305 1720 356 1750 Ad
362 1717 437 1760 solos
463 1717 582 1750 tantum
604 1720 718 1747 vicinos
743 1714 902 1756 Epiftopos
926 1716 1043 1747 litteras
1064 1714 1186 1753 destina-

302 1769 394 1801 bunt.
421 1764 628 1809 chorepiscopi
649 1776 750 1798 aurem
764 1790 773 1804 ‚
798 1771 849 1807 qui
866 1763 937 1807 sunt
958 1763 1185 1805 irreprebenfibi-

300 1819 344 1852 les
359 1843 369 1858 ,
395 1819 469 1851 dare
475 1818 579 1860 poffint
586 1815 729 1857 pacificas
742 1819 771 1848 E
771 1814 890 1855 p1stolas
901 1838 908 1846 .
937 1814 1088 1858 Pagensis
1110 1813 1186 1849 Pre-

302 1869 414 1913 sbyter
423 1880 485 1901 nec
501 1869 588 1901 ituro
599 1866 638 1899 ad
652 1865 752 1898 alium
768 1876 887 1909 pagum
903 1863 1032 1898 subdito
1044 1864 1119 1898 dare
1131 1877 1187 1908 po-

1249 1114 1324 1148 dem
1338 1115 1546 1151 Bonifacium
1569 1117 1859 1163 Carthaginensem
1878 1121 2046 1164 precibus,
2072 1122 2128 1156 ad-

1249 1163 1299 1198 dit
1314 1166 1427 1205 suum‚
1453 1166 1529 1201 licet
1553 1167 1587 1201 in
1611 1168 1755 1212 Byzacio
1775 1170 1871 1205 situm
1886 1195 1897 1212 ,
1922 1171 2126 1207 Coenobium

1250 1213 1368 1249 fuiffea
1381 1216 1546 1260 Reparato
1568 1218 1785 1263 puppianensi
1807 1220 1891 1256 intra
1913 1220 2128 1256 Proconsula-

1250 1275 1317 1297 rem
1331 1264 1541 1301 Provinciam
1563 1268 1729 1313 Episcopo
1755 1271 2002 1313 consecratum,
2027 1282 2127 1315 atque

1250 1315 1475 1358 prosequitur:
1504 1317 1625 1359 Ideoque
1636 1318 1761 1352 humiles
1768 1319 1969 1363 supplicamus
1982 1346 1992 1362 ,
2017 1329 2051 1355 ut
2061 1328 2128 1356 ina·

1250 1375 1302 1396 nes
1315 1365 1450 1406 querelas
1464 1366 1599 1400 Liberati
1610 1368 1826 1406 Byzacenorum
1851 1373 1996 1403 Primatts
2022 1374 2129 1404 Beati·

1249 1414 1320 1446 tudo
1334 1415 1432 1455 vestra
1452 1417 1589 1458 repellere
1612 1419 1771 1461 dignetur,
1797 1421 1832 1453 ἐν
1844 1429 1976 1453 currente
1987 1419 2127 1462 justitia,

1247 1468 1281 1495 in
1291 1475 1351 1507 qua
1358 1463 1470 1508 semper
1481 1467 1568 1510 deget
1592 1468 1757 1501 Beatitudo
1781 1468 1878 1509 vestra
1892 1495 1902 1509 ‚
1929 1471 1949 1502 ἃ
1964 1472 2037 1514 jugo
2060 1471 2128 1505 Cle-

1248 1518 1394 1555 ricorum,
1418 1518 1499 1558 quod
1507 1527 1600 1559 neque
1611 1517 1693 1550 nobis
1707 1541 1718 1558 ‚
1745 1529 1837 1560 neque
1860 1519 2003 1552 Patribus
2025 1519 2127 1559 nostr-it

1248 1561 1403 1607 quisquam
1413 1564 1651 1609 superimponere
1662 1569 1822 1610 aliquando
1841 1576 1976 1602 tentavit
1987 1593 1997 1608 ,
2025 1581 2126 1604 eruere

1248 1615 1397 1657 digneris.
1425 1621 1514 1649 Nam
1527 1618 1660 1650 docemus
1674 1617 1879 1657 Monasterium
1901 1620 1938 1652 de
1966 1618 2100 1662 Praecisu
2112 1643 2125 1660 ,

1246 1666 1328 1705 quod
1336 1669 1369 1698 in
1380 1661 1477 1699 medio
1482 1666 1615 1707 plebium
1637 1667 1866 1710 Leptiminenfis
1888 1668 2024 1710 Ecclefiae
2040 1675 2128 1711 poni·

1246 1724 1296 1746 tur
1308 1738 1318 1754 ,
1342 1717 1534 1760 praetermiffo
1544 1717 1641 1749 eodem
1663 1717 1809 1760 Episcopo
1830 1723 1947 1758 vicino,
1975 1723 2127 1753 Vico-Ate-

1246 1763 1346 1805 rienfis
1361 1764 1492 1806 Ecclefiae
1515 1765 1659 1808 Epist-opi
1677 1767 1898 1810 consolationem
1920 1765 2049 1808 babere,
2074 1773 2128 1811 qui

1245 1820 1278 1848 in
1289 1816 1446 1858 longinquo
1451 1815 1560 1859 positus
1569 1815 1608 1855 est
1619 1840 1626 1848 .
1654 1821 1701 1850 Et
1724 1817 1872 1862 Baccense
1892 1818 2140 1860 Monasterium,¹

1246 1866 1326 1907 quod
1345 1866 1581 1909 Maximianenfi
1595 1866 1728 1909 Ecclefiae
1750 1874 1887 1901 vicinum
1908 1868 1967 1908 est,
1994 1870 2041 1901 ad
2062 1879 2128 1902 con·

304 1928 387 1953 terat
399 1944 410 1960 ,
437 1918 519 1962 ipsas
532 1916 574 1951 ab
585 1915 750 1959 Episcopo
766 1915 833 1958 post
841 1915 926 1948 ulare
947 1913 1086 1948 debebat
1097 1940 1107 1956 ‚
1136 1915 1185 1948 vel
1238 1913 1412 1958 filationem
1423 1918 1569 1950 Primatis
1581 1918 1745 1955 Byzacena
1758 1916 1964 1961 Provinciaese
1973 1917 2105 1959 conferre
2115 1942 2123 1950 .

304 1969 389 2003 certe
401 1970 418 2003 2⁸1
437 1966 684 2010 Chorepiscopo
698 1990 707 2005 ‚
735 1965 824 2007 cujus
834 1966 947 1998 officio
961 1962 1059 2003 hodie
1081 1965 1186 2009 fungi-

1246 1969 1332 1997 Nam
1350 1967 1384 1999 θ
1406 1967 1444 1999 de
1467 1969 1662 2002 adrumetino
1683 1967 1858 2008 Monasterio
1873 1967 1954 2010 filere
1974 1968 2053 2000 nullo
2065 1979 2144 2000 mov

305 2031 359 2051 ¹·ur
373 2020 526 2052 Decanus
539 2016 811 2051 Christianitatis.
843 2015 921 2062 Qa
937 2015 1008 2058 lege
1021 2013 1188 2049 adfirmes
1244 2016 1456 2058 dopoffumus‚
1480 2019 1729 2061 quipraetermiffb
1751 2017 1883 2061 ejusdem
1905 2022 2052 2051 Civitatis
2078 2021 2134 2056 Er

306 2069 399 2103 fuisse
419 2071 453 2103 &
478 2065 668 2101 Monachus
683 2090 693 2106 ,
720 2065 831 2099 suadet
855 2065 1011 2106 Synodus
1035 2065 1187 2109 Andega-

307 2120 425 2152 vensis:
455 2117 717 2158 Monacbt'quoque
732 2139 742 2155 ,
768 2121 820 2157 qui
839 2113 948 2156 absque
974 2113 1116 2154 Epssolis
1133 2126 1187 2147 va-

302 2178 413 2213 gantur
427 2192 436 2208 ‚
459 2168 499 2199 ab
509 2166 670 2199 abbatibus
676 2164 742 2208 suis
757 2167 809 2198 vel
818 2166 837 2196 ti
848 2163 1049 2197 Sacerdotibus
1061 2165 1106 2196 ad
1115 2176 1192 2197 eom·

306 2224 471 2253 munionem
482 2228 539 2250 non
563 2222 746 2257 recipiantur
759 2239 767 2247 .
794 2214 968 2248 Consonat
990 2213 1093 2256 prima
1120 2214 1188 2248 Au-

307 2268 510 2304 relianensis:
540 2265 770 2305 Abbatibtesfine
792 2263 957 2307 discuffione
978 2264 1031 2296 vel
1051 2274 1190 2297 commen-

306 2321 427 2352 datione
444 2321 474 2350 E
473 2315 655 2360 piscoporum
662 2324 717 2356 pro
724 2315 863 2356 petendis
876 2312 1024 2355 beneficiis
1037 2314 1082 2347 ad
1092 2316 1189 2346 Domi-

307 2382 360 2402 κω
373 2375 476 2402 venire
490 2378 547 2401 non
556 2368 650 2400 liceat
664 2391 672 2398 .
702 2365 745 2399 Et
756 2363 900 2408 ejusdem
913 2362 1057 2397 civitatis
1079 2365 1190 2397 secun-

1239 2063 1377 2108 piscem,
1402 2067 1440 2099 de
1460 2065 1675 2108 transmarini:
1692 2068 1831 2109 partibus
1849 2066 2025 2111 semperfibi
2041 2065 2125 2110 Pres-
2150 2104 2153 2105 ⁷

1245 2115 1354 2153 byteros
1375 2117 1614 2157 ordinaverunt,
1642 2117 1856 2158 Valentinum,
1882 2117 2098 2159 Epiphaniam
2110 2140 2123 2156 ‚

1246 2164 1444 2198 isidorianam
1457 2189 1468 2205 ,
1496 2167 1530 2200 ὢ·
1552 2166 1715 2199 Paulinum
1737 2192 1744 2200 .
1774 2170 1821 2200 Et
1839 2178 1904 2201 cum
1921 2166 1979 2209 fibi
1998 2165 2123 2210 diversa

1247 2214 1428 2255 Monafleria
1440 2238 1451 2254 ‚
1475 2223 1507 2247 ut
1527 2215 1704 2255 ostenderent
1724 2217 1891 2251 libertatem
1909 2216 1998 2259 suam
2020 2241 2031 2257 ‚
2050 2222 2124 2251 ‚uni-

1246 2270 1348 2306 cuique
1367 2272 1454 2306 prout
1474 2263 1572 2306 visum
1593 2263 1651 2306 est,
1682 2268 1703 2298 ἃ
1724 2265 1849 2306 diversis
1872 2264 2033 2308 Episcopis
2057 2277 2126 2299 con-

1242 2313 1418 2357 solationem
1438 2313 1604 2354 quaefierint
1619 2338 1630 2354 ‚
1656 2316 1795 2357 quomodo
1818 2315 1901 2348 nobis
1923 2317 2063 2359 denegari
2070 2323 2124 2357 po-

1244 2369 1337 2403 terit,
1363 2369 1415 2405 qui
1425 2365 1463 2396 de
1472 2362 1527 2396 bac
1536 2365 1610 2397 Sede
1633 2365 1744 2398 sancia
1763 2364 2003 2408 Carthaginensi}
2026 2367 2123 2401 Eccle-

308 2420 370 2453 da:
401 2417 531 2451 Abbates
545 2441 556 2457 ,
583 2420 782 2454 martyrarii,
809 2412 940 2454 Bet-lust,
968 2414 1023 2447 vel
1038 2412 1190 2450 Presbyte-
1230 2412 1317 2456 1fiae,
1343 2424 1411 2454 quae
1435 2415 1605 2447 Primatum
1625 2423 1715 2448 totius
1738 2414 1890 2456 Africanae
1917 2413 2052 2456 Ecclefiae
2071 2413 2124 2448 ba·

307 2477 336 2505 ri
347 2468 491 2510 Episiolia
505 2492 516 2509 ,
542 2468 595 2500 seu
609 2464 841 2500 obedientiales
864 2463 987 2498 litteras
1001 2486 1011 2502 ,
1038 2464 1112 2496 dare
1134 2474 1192 2495 non

305 2517 493 2564 prasumant
512 2543 520 2550 .
558 2516 604 2550 Et
631 2516 733 2559 prima
761 2513 1008 2548 cabilonensis:
1039 2512 1190 2552 abbates,

311 2568 452 2604 Monacbt
466 2593 476 2610 ‚
503 2577 555 2600 aut
572 2572 697 2611 Agentes
711 2564 949 2604 Monasteriorum
960 2587 970 2603 ‚
988 2573 1041 2595 nec
1052 2565 1095 2594 ad
1106 2565 1193 2595 Prin-

310 2626 384 2663 cipis
406 2616 601 2662 prasentiam
622 2615 682 2657 fine
704 2613 845 2658 Episcopi
863 2613 913 2657 sui
929 2613 1067 2655 permiffu
1089 2612 1189 2645 ambu-

314 2672 376 2704 lare
405 2670 536 2702 audeant
554 2693 561 2699 .
599 2667 643 2701 Et
679 2665 832 2709 Synodus
858 2663 1187 2708 Augustodunenfis:

1230 2466 1234 2476 r

1228 2489 1235 2529 l

1247 2463 1314 2496 bere
1325 2464 1469 2502 videtur,
1494 2466 1641 2497 auxilium
1664 2465 1852 2507 quaerimus?
1879 2464 1923 2498 Et
1944 2465 1979 2499 in
2006 2465 2122 2500 litteris

1246 2513 1287 2545 ad
1301 2512 1584 2556 Bavagalianenfis
1605 2514 1761 2549 Coenobii
1782 2516 1949 2558 Moniales
1971 2513 2038 2558 ipse
2057 2515 2123 2549 lau·

1245 2563 1342 2597 datus
1367 2562 1493 2596 Primas
1515 2563 1727 2598 Bonifacius:
1755 2564 1868 2606 Infinuo
1881 2563 1999 2608 semper
2018 2563 2122 2608 servo-

1248 2625 1314 2646 rum
1333 2614 1389 2645 Dei
1403 2614 1454 2646 vel
1474 2614 1654 2647 ancillarum
1675 2614 1853 2656 Monafieria
1872 2614 1993 2649 liberum
2014 2613 2122 2647 babere

2038 2665 2122 2707 ΕΜ·

1248 2662 1407 2695 arbitrium
1427 2665 1447 2694 ἃ
1467 2665 1632 2697 conditione
1653 2672 1782 2698 omnium
1803 2666 1980 2698 Clericorum
2002 2688 2010 2695 .

316 2719 455 2753 Monacbi
480 2724 514 2755 in
541 2716 717 2752 civitatibus
742 2726 843 2749 errare
881 2725 939 2746 non
976 2718 1188 2746 inveniantur.
1232 2693 1317 2753 'rum
1344 2711 1510 2755 Priscorum
1537 2714 1689 2756 sique-ntes
1716 2721 1809 2748 ritum
1830 2738 1842 2754 ,
1877 2720 1969 2747 etiam
1993 2713 2121 2753 vestrum

316 2770 411 2814 ‚Quod
423 2766 454 2808 st
473 2765 561 2809 causa
582 2768 726 2800 utilitatIs
754 2763 922 2804 Monasterit'
946 2787 957 2803 ‚
997 2775 1062 2799 cum
1082 2764 1191 2796 litteris

317 2819 444 2853 Abbatis
462 2815 510 2859 sui
533 2818 578 2849 ad
598 2815 838 2849 archidiaconum
859 2819 995 2848 civitatis
1015 2811 1138 2856 scriptis
1149 2813 1193 2844 di·

317 2875 470 2913 rigantur.
499 2865 555 2901 Ut
576 2865 690 2908 nempe
713 2864 768 2898 hic
795 2863 938 2899 Abbatis
962 2863 1082 2897 litteras
1101 2871 1192 2896 curet

318 2931 373 2963 per
399 2917 597 2961 Episcopum
608 2915 726 2948 firmari
739 2939 746 2945 .
774 2914 902 2948 Similes
917 2939 928 2954 ,
953 2913 1073 2958 quibus
1087 2912 1103 2945 ὲ
1116 2913 1193 2947 San-

319 2972 371 3003 ἂο
383 2969 478 3011 Lupo
489 2965 679 3001 Ferratiensi
698 2963 826 2998 Abbate
842 2964 950 2998 datam
965 2962 1138 3006 Arnulpho
1158 2962 1194 2997 ὅ(

320 3019 448 3054 Acacio
459 3014 636 3050 Monachis
646 3014 813 3054 licentiam
823 3013 962 3048 firmavit
978 3013 1111 3047 Wenilo
1123 3013 1196 3046 Me-

320 3068 478 3112 tropolita
503 3065 692 3100 Senonenfis
711 3089 722 3105 ‚
748 3064 871 3098 litteras
895 3059 991 3097 habes*
1012 3065 1045 3097 in
1071 3063 1192 3096 laudati

321 3119 407 3161 Lupi
421 3115 582 3162 Regesto.
609 3115 686 3150 Sine
707 3114 860 3157 Episcopi
887 3113 1000 3147 litteris
1024 3113 1194 3147 Dioecesim

322 3170 409 3201 exire
425 3192 435 3206 ,
459 3177 516 3201 aut
528 3176 618 3200 extra
630 3166 731 3208 ipsam
743 3164 986 3198 communicare
999 3175 1065 3198 non
1088 3163 1193 3205 potuit

321 3217 404 3251 olim
418 3216 605 3251 Monachus
619 3239 631 3257 ‚
655 3214 825 3257 quomodo
837 3213 936 3256 igitur
958 3214 1024 3247 sine
1047 3212 1119 3256 ipsis
1141 3223 1195 3256 po-

324 3268 422 3303 tuerit
443 3267 475 3299 in
500 3266 588 3300 aliud
610 3290 621 3307 ,
658 3264 790 3298 diversae
814 3263 986 3307 praesertim
1013 3262 1194 3302 Dioecefis,

323 3315 562 3355 Monaster-ium
575 3315 797 3359 incorporati?

376 3364 574 3406 Respondeo
584 3374 691 3398 tamen
705 3365 827 3407 semper
838 3363 995 3407 potuisse.
1023 3363 1130 3397 Lucet
1151 3373 1191 3395 ex

325 3414 411 3449 auita
422 3413 614 3447 Monosticae
624 3414 842 3456 exemptionis
851 3413 883 3447 &
907 3412 1063 3447 libertatis
1085 3412 1196 3454 ampli-

326 3463 441 3503 tudine
455 3487 466 3506 ‚
491 3473 590 3506 quatu
610 3462 645 3500 in
669 3463 801 3507 supplici
823 3462 863 3501 ad
884 3462 1093 3504 Bonifacium
1117 3462 1198 3497 Car-

1233 2756 1461 2821 {Monasterium
1485 2763 1535 2795 hoc
1560 2764 1666 2797 habere
1687 2788 1698 2805 ,
1721 2766 1756 2798 ὀ·
1776 2769 1809 2796 in
1830 2764 1915 2797 vobis
1937 2775 2055 2797 manere
2073 2763 2121 2806 us-.

1234 2823 1307 2858 {que
1333 2817 1365 2844 in
1388 2824 1507 2846 aevum.
1534 2815 1619 2847 Unde
1639 2813 1780 2856 perhanc
1792 2825 1846 2847 vos
1857 2813 2121 2848 auc‘loritatemdw

1234 2860 1353 2900 {ximus
1364 2865 1608 2904 commonendas,
1633 2874 1667 2896 ut
1685 2863 1835 2898 'licentiam
1856 2863 2015 2903 babeatis,
2041 2865 2121 2898 undt?

1235 2906 1407 2945 ''volueritts
1418 2911 1603 2955 spiritualem
1612 2910 1731 2956 sumere
1741 2913 1836 2947 cibum
1849 2938 1859 2953 ‚
1884 2912 2006 2946 liberam
2016 2912 2050 2946 in
2062 2925 2123 2946 om—

1254 2963 1339 2995 nibus
1357 2963 1498 2997 habentes
1516 2962 1694 3005 facultatem
1717 2988 1725 2995 .
1751 2966 1783 2997 Si
1803 2968 1871 3005 quis
1897 2972 1996 2995 autem
2019 2972 2123 2996 contra

1254 3012 1307 3045 hoc
1327 3011 1449 3055 salubre
1485 3018 1588 3046 ventre
1625 3013 1749 3047 voluerit
1774 3016 1931 3046 Decretum
1951 3037 1962 3054 ,
1998 3018 2124 3056 rigorem

1256 3064 1331 3096 illico
1346 3062 1460 3106 sentiat
1481 3061 1703 3103 Ecclefiaflicum
1724 3084 1732 3093 ·
1759 3066 1840 3107 Ergo
1864 3063 1941 3096 banc
1967 3062 2051 3096 vobis
2077 3071 2122 3095 at·

1257 3112 1414 3146 tribuimus
1436 3114 1608 3150 licentiam,
1633 3123 1667 3146 ut
1685 3124 1773 3156 quem
1797 3115 1898 3149 velitis
1917 3135 1928 3152 ,
1955 3112 2041 3146 vobis
2065 3123 2125 3146 cor·

1258 3169 1363 3206 rogetis
1403 3162 1605 3201 Presbyterum
1631 3186 1642 3202 ,
1676 3169 1727 3205 qui
1762 3163 1848 3197 vobis
1883 3170 1916 3196 in
1953 3161 2123 3202 Monasterio

1255 3221 1382 3256 peragat
1411 3210 1630 3255 Sacro-sanda
1655 3213 1829 3247 celebranda
1853 3212 1941 3257 usque
1968 3218 2001 3245 in
2021 3220 2127 3254 perpe·

1261 3272 1362 3296 tuum.
1398 3266 1445 3295 Et
1464 3259 1492 3303 fi
1512 3268 1579 3304 quis
1608 3263 1844 3302 Presbyterorum
1869 3264 1980 3296 ibidem
2004 3267 2035 3294 in
2066 3265 2127 3296 Mo-

1260 3312 1381 3352 nasterio
1408 3316 1525 3345 Divina
1550 3313 1742 3346 celebraverit
1768 3314 1917 3354 mysteria,
1943 3310 2030 3353 ipsius
2060 3314 2128 3345 Prie

1259 3368 1347 3395 matis
1376 3368 1406 3394 in
1433 3363 1546 3395 Altaria
1570 3365 1688 3395 Domini
1714 3375 1818 3396 nomen
1843 3359 2028 3404 recenseatur
2049 3385 2055 3393 .
2084 3361 2129 3397 Et

1261 3411 1325 3446 hoc
1351 3413 1396 3447 est
1432 3412 1638 3446 definitivum
1675 3411 1810 3446 laudatae
1845 3411 1971 3452 synodi
2008 3410 2128 3444 Decre-

1261 3473 1349 3496 tum:
1380 3465 1482 3495 Erunt
1503 3467 1593 3506 {gitur
1613 3469 1713 3496 omnia
1733 3463 1849 3498 omnin&
1872 3460 2047 3501 Monasteria
2063 3484 2073 3503 ‚
2092 3458 2131 3501 st-

2032 3519 2079 3544 cut

1250 968 1326 998 cinis
1345 989 1356 1006 ,
1382 975 1435 999 aut
1447 970 1647 1001 Interventori
1663 970 1794 1011 Ecclefiae
1804 983 1871 1014 quae
1878 969 2162 1021 proximam.-
