2352 3756
971 103 1082 169 (ἢ)
1125 103 1278 167 (362)
1317 102 1430 165 ota>

280 407 864 481 wffiffiffl
1179 446 1217 469 as
1138 415 1272 468 &³⁶3⁵
1275 371 1526 471 §was-³³&
1761 356 2111 478 ἓαζΐῧῦἕὸζὲἔζῧ

281 542 2106 693 DISSERTATIO

336 762 484 846 An
523 760 950 843 Romanus
976 753 1359 839 Pontifex
1402 757 1639 868 poffit
1677 760 2052 846 omnibus

448 873 586 958 sub
609 873 824 957 coelo
853 870 1218 960 Ecclefiis
1258 872 1718 958 consecrare
1741 943 1758 971 ‚
1797 896 1938 960 aut

516 985 1105 1073 consecrandos
1121 984 1391 1091 jubere
1410 988 1864 1100 Episcopus?

1189 1176 1627 1183 ——.—————-—.-—..

790 1195 1592 1347 CAPUTL

615 1430 685 1512 Ε
688 1427 1006 1536 seponitur
1054 1423 1278 1525 status
1350 1428 1759 1537 quaestionis.

479 1616 494 1623 5
539 1611 578 1632 „4-
618 1591 705 1627 Uod
728 1593 900 1627 Romanus
923 1590 1103 1650 Episcopus
1112 1600 1178 1641 exs
1210 1594 1274 1636 fult
1289 1594 1470 1628 patriarcba
1482 1586 1736 1637 Alexandrinus,
1758 1601 1812 1640 qui
1827 1597 1988 1642 Episcopo:
2004 1597 2101 1640 fecit-

419 1635 435 1652 x
545 1665 591 1711 5
633 1642 767 1687 quavis,
795 1653 832 1676 ac
852 1643 885 1676 in
896 1642 1029 1686 quavis,
1054 1643 1155 1678 etiam
1217 1647 1332 1678 Mortuo
1355 1647 1507 1680 Demetrio
1528 1644 1669 1689 suffellus
1693 1646 1731 1686 est
1752 1649 1893 1681 Heraclas
1923 1646 2104 1680 Paniarchae

632 1692 672 1728 ad
693 1694 794 1727 alium
819 1689 1078 1726 Patriarchatum
1091 1692 1157 1735 spe-

569 1830 575 1836 ,
634 1804 708 1826 nare
720 1792 890 1831 Clericos‚
917 1792 1008 1833 supra
1020 1789 1157 1825 demon-

420 1796 478 1868 ?'7'3'
542 1856 550 1866 «
577 1840 590 1863 Ὗ
635 1842 770 1876 stratum
782 1841 849 1874 est'
841 1852 873 1897 in
886 1838 1030 1874 Scholiis
1049 1840 1089 1872 ad
1103 1850 1158 1872 no·

628 1941 691 1975 stio
706 1952 794 1974 nunc
809 1939 854 1973 est
869 1937 910 1972 de
930 1937 1158 1972 consecrandis

263 1975 459 2038 Episcopis.
491 1993 535 2027 Et
547 1991 680 2036 quidem
694 1989 783 2034 quod
795 1989 930 2022 audacia
931 1998 1005 2031 ,qua
1018 1987 1075 2021 alii
1088 1985 1160 2020 Me·

271 2044 438 2087 tropolitae
457 2052 513 2076 aut
525 2040 722 2075 Patriarchae
733 2037 891 2072 invadunt
903 2047 1033 2071 mutuas
1045 2038 1155 2070 conse-

262 2094 462 2131 crationes,
479 2099 638 2135 repugnat
652 2088 847 2133 Apostolico
859 2087 1016 2125 Canoni,
1032 2086 1158 2120 &olim

273 2142 422 2187 plurimis
445 2141 559 2174 litibus
577 2139 741 2173 vexaverit
763 2136 940 2175 Ecclesias,
966 2136 1011 2168 est
1034 2135 1158 2168 cunctis

273 2190 535 2226 Ecclesiasticam
565 2186 795 2222 Hierarchiam
827 2183 1022 2219 callentibus
1056 2185 1160 2218 mani-

274 2242 412 2277 festum.
439 2237 543 2273 Porro
554 2239 745 2273 Romanum
760 2236 960 2279 Episcopum
984 2235 1160 2279 continge-

275 2305 310 2326 re
323 2292 451 2326 videtur
462 2290 569 2324 sextus
581 2288 701 2322 Canon
717 2286 888 2329 Niccnus:
908 2289 1040 2328 Antiqua
1050 2283 1161 2328 consue-

275 2343 345 2376 rudo
351 2339 489 2385 servetur
497 2348 553 2383 per
574 2343 641 2373 AEo
620 2345 767 2382 g‚yptum
795 2336 940 2375 Libyam,
965 2337 1000 2369 ὁ·
1015 2339 1160 2377 Pentapo-

276 2395 330 2426 lim
351 2418 361 2433 ,
389 2398 434 2424 ita
465 2399 498 2422 ut
534 2389 758 2422 Alexandrinus
783 2384 946 2428 Episcopus·
973 2385 1076 2418 horum
1102 2396 1161 2418 om-

279 2449 362 2476 nium
383 2440 492 2474 babeat
511 2437 703 2481 potestatem,
730 2444 803 2479 qula
825 2437 859 2469 (ἓν
880 2436 961 2468 urbis
972 2438 1073 2468 Romae
1087 2438 1116 2467 E
1115 2438 1161 2477 pi

274 2491 358 2536 scopo
376 2491 483 2534 parilis
504 2500 564 2522 mos
576 2488 634 2523 ea.
664 2486 847 2520 Adversum
865 2484 996 2519 Meletii
1010 2486 1162 2528 Lycopo·

281 2542 375 2576 lirani
399 2538 624 2583 Metropolitae
649 2536 832 2571 invasiones
860 2534 997 2569 mandat
1027 2536 1163 2569 cunstos

280 2594 383 2627 totius
406 2589 617 2634 AEgyptiacae
639 2586 796 2622 Dioecesis
809 2596 876 2619 non
896 2585 1024 2619 tanturn
1038 2584 1164 2618 Metro-

282 2643 480 2687 politanus,
508 2639 561 2673 sed
595 2639 695 2672 etiam
728 2635 950 2670 provinciales
982 2635 1182 2678 Episcopus.

282 2694 434 2735 deinceps
442 2688 619 2724 consecrari
632 2700 685 2732 per
699 2685 905 2720 Alexandriae
921 2683 1163 2719 patriarcham.

284 2742 399 2776 Sanxit
414 2739 638 2783 Metropolitis
647 2737 771 2772 nullam
780 2735 1069 2770 comsecrationem
1078 2744 1167 2768 com·
1180 2757 1185 2795 Ι

286 2802 406 2834 petere.
436 2789 543 2824 Addit
561 2788 647 2822 hanc
667 2787 729 2821 esse
747 2788 867 2820 avitam
880 2785 1186 2820 consuetudinem.

289 2889 411 2925 cefibus
433 2889 647 2931 Metropolita
666 2886 777 2931 paffim
799 2887 966 2920 consecrat
981 2887 1052 2920 suos
1065 2887 1168 2919 suffra-

290 2950 433 2985 ganeos.
463 2939 505 2972 Et
529 2938 662 2980 quidam
682 2937 819 2971 censent
842 2935 1038 2970 etiamistud
1050 2915 1185 2970 fiericx¹

292 2989 488 3033 Apostolico
508 2987 668 3020 Canone.
698 2986 910 3030 AEgyptiacae
943 2986 1169 3030 singularitatis

291 3039 453 3084 originem
474 3038 505 3071 ὅ(
528 3035 779 3070 fundamentum
791 3034 936 3078 aperitin
950 3037 1012 3070 suae
1027 3035 1171 3084 Ecclesiae

292 3089 464 3125 Chronico
492 3085 674 3130 Eutychius
695 3084 881 3119 patriarcha
904 3085 1170 3120 Alexandrinus:

295 3141 340 3174 Ab
373 3144 490 3172 Anania
518 3161 528 3177 ,
564 3148 651 3180 quem
681 3134 825 3174 constituit
852 3139 970 3169 Marcus
1007 3137 1172 3180 Evangeli-

280 3245 411 3279 metrii,
441 3239 586 3272 undecimi
608 3237 718 3269 ibidem
740 3234 929 3270 Patriarchae
949 3237 1043 3269 nullus
1069 3239 1173 3269 inAE-

1217 1696 1442 1728 Alexandrinus
1475 1719 1487 1735 ,
1519 1701 1572 1737 qui
1605 1694 1766 1738 Episcopo:
1798 1697 1943 1736 constituit
1969 1702 2102 1740 viginti.

1216 1745 1259 1778 Et
1272 1744 1458 1778 Demetrius
1485 1745 1517 1778 &
1527 1744 1684 1780 Heraclas
1695 1744 1757 1779 hos
1769 1746 1984 1789 Episcopatus
1995 1756 2103 1779 erexe-

1214 1803 1289 1826 runt
1310 1793 1406 1827 salvis
1429 1795 1490 1827 suae
1514 1794 1659 1828 Ecclesiae
1679 1794 1819 1837 juribus:
1847 1795 1952 1830 Salvis
1963 1794 2022 1828 fibi
2032 1805 2105 1828 om·

1217 1842 1312 1875 nibus
1333 1841 1653 1876 consecrationibus.
1682 1843 1784 1877 Porro
1805 1842 1872 1879 haec
1882 1844 2012 1878 adduffi
2040 1844 2103 1881 Ca·

1217 1891 1314 1925 nonis
1338 1890 1434 1925 verba
1449 1915 1460 1930 ‚
1484 1894 1569 1935 ,Quia
1587 1893 1716 1927 &urbis
1725 1897 1828 1927 Romae
1840 1893 1985 1938 Episcopo
1989 1896 2105 1936 parilii·

1216 1951 1278 1972 mos
1299 1939 1359 1979 est,
1384 1939 1557 1982 Presbyter
1582 1942 1737 1975 Ruffinus
1758 1945 1897 1978 affirmat
1918 1944 2105 1986 intelligen-

1216 1989 1256 2023 da
1278 1988 1319 2022 de
1342 1988 1416 2022 solis
1441 1988 1642 2031 Apostolicae
1675 1990 1843 2027 Cathedrae
1876 1992 2104 2035 suburbicariis

1219 2037 1370 2072 Ecclefiis
1399 2062 1405 2069 .
1433 2039 1586 2073 Affirmat
1620 2039 1707 2073 istud
1738 2041 1951 2076 consecrandi
1969 2041 2020 2084 jus
2044 2045 2104 2085 'per

1217 2097 1322 2121 totam
1347 2086 1536 2131 AEgyptum
1567 2088 1586 2122 a
1619 2088 1762 2124 Canoue
1791 2090 1928 2125 adscribi
1960 2091 2104 2125 Alex-n-

1218 2138 1315 2171 drino
1338 2136 1533 2171 Patriarchae
1553 2162 1563 2178 ,
1590 2137 1681 2182 quod
1702 2139 1875 2176 Romanus
1894 2141 1982 2185 Papa
2004 2138 2104 2175 habet

1221 2199 1274 2231 per
1297 2188 1366 2220 suas
1387 2187 1620 2222 suburbicarias
1642 2188 1818 2224 Ecclesias.
1845 2191 1938 2239 Qid
1960 2190 2103 2231 haefint,

1222 2248 1288 2270 non
1319 2236 1364 2270 est
1394 2238 1529 2281 operose
1559 2236 1793 2282 disputandum
1815 2265 1827 2281 ‚
1853 2252 1916 2275 nec
1936 2241 2103 2284 inquiren-

1219 2287 1299 2321 dum
1323 2298 1364 2320 ex
1387 2287 1616 2322 suburbicariis
1639 2289 1783 2324 Romani
1808 2291 1938 2335 Imperii
1964 2290 2103 2324 Provin-

1219 2338 1298 2371 ciis:
1325 2338 1408 2372 Sunt
1421 2338 1581 2372 Romana:
1603 2339 1752 2374 Ecclefiae
1763 2339 2011 2383 Metropolitica
2023 2338 2106 2374 Pro-

1221 2386 1329 2420 vincia
1354 2411 1365 2427 ,
1391 2398 1506 2422 omnes
1537 2389 1686 2423 civitates
1718 2391 1892 2433 spestantes
1911 2389 1953 2424 ad
1976 2389 2102 2424 Metios

1221 2437 1390 2480 politicam
1405 2438 1548 2471 Romani
1568 2438 1719 2483 Episcopi
1743 2440 1932 2482 potestatem
1946 2465 1953 2472 .
1981 2439 2103 2474 Canon

1221 2487 1358 2520 affirmat
1369 2486 1504 2520 eandem
1520 2489 1554 2521 in
1567 2500 1681 2522 omnes
1696 2489 1841 2533 AEgypti
1857 2491 2035 2533 Episcopos
2046 2500 2104 2533 po·

1221 2536 1368 2570 testatem
1390 2536 1617 2572 Alexandrino
1641 2538 1805 2582 Episcopo
1829 2540 1939 2574 deberi
1966 2551 2021 2583 per
2046 2551 2103 2573 an-
2134 2582 2137 2584 ι

1222 2586 1345 2629 tiquam
1367 2587 1636 2621 consuetudinem
1649 2612 1660 2628 ‚
1686 2600 1757 2633 quae
1778 2589 1824 2623 est
1847 2590 2003 2624 Romano
2016 2589 2104 2623 Pon-

1223 2636 1303 2670 tifici
1327 2637 1361 2669 in
1384 2637 1458 2671 suos
1479 2637 1716 2672 suburbicarios
1737 2639 1928 2684 Episcopus.
1961 2640 2054 2673 Hinc
2066 2639 2103 2671 fi-

1225 2686 1293 2719 mul
1313 2686 1450 2721 affirmat
1471 2685 1567 2721 hosce
1594 2687 1679 2721 solos
1705 2689 1840 2732 spectare
1864 2691 1905 2724 ad
1941 2690 2102 2723 consecra-

1226 2737 1352 2770 tionem
1372 2736 1545 2771 Pontificis
1558 2762 1565 2769 .
1592 2737 1693 2773 Hanc
1712 2741 1773 2773 effe
1797 2740 1953 2773 vetustam
1969 2740 2103 2773 consue·

1187 2811 1189 2813 -
1226 2787 1372 2821 tudinem
1387 2811 1395 2819 .
1424 2787 1467 2820 Et
1491 2787 1569 2820 hinc
1588 2788 1688 2831 aliqui
1699 2790 1829 2823 censent
1840 2789 1976 2823 aliorum
1990 2790 2022 2822 in
2036 2789 2103 2823 Ro-

288 2841 344 2875 Est
368 2841 538 2884 singularis
561 2836 783 2872 consuetudo.
814 2836 901 2869 Aliis
921 2837 1010 2869 enirn
1030 2835 1064 2869 in
1078 2823 1189 2909 Dim-i

1227 2848 1325 2870 rnano
1345 2838 1444 2871 etiam
1462 2836 1684 2872 patriarchatu
1696 2839 1929 2883 Episcoporum
1942 2839 2107 2873 consecra·

1228 2888 1353 2920 tionem
1379 2898 1445 2921 non
1472 2888 1558 2930 posse
1580 2889 1953 2923 attentariapontifice.

1276 2937 1323 2971 Ita
1345 2937 1466 2970 sensisse
1487 2938 1613 2971 videtur
1632 2938 1764 2973 Sanstus
1776 2939 1923 2972 Hilarius
1936 2937 2104 2972 Arelaten-

1213 2987 1268 3020 'fis
1289 2985 1561 3031 Archiepiscopus
1580 2987 1613 3022 in
1637 2989 1691 3022 sua
1714 2989 1835 3022 famosa
1857 2989 1914 3023 lite
1933 2999 2008 3022 cum
2030 2988 2105 3022 Ma·

1231 3048 1299 3081 gno
1308 3037 1396 3080 Papa
1407 3036 1539 3072 Leone.
1569 3037 1661 3083 Quin
1672 3039 1705 3072 &
1716 3039 1781 3081 ipse
1796 3037 1881 3081 Papa
1894 3039 1964 3072 Leo
1976 3037 2105 3072 videtur

1231 3098 1296 3120 non
1310 3086 1495 3120 diffinsiffe.
1522 3087 1651 3129 Scripsit
1662 3088 1752 3121 enim
1763 3088 1803 3122 ad
1823 3088 2018 3122 Viennensis
2029 3088 2109 3121 Pro-

1232 3137 1343 3170 vinciae
1364 3135 1560 3180 Episcopos:
1586 3141 1659 3169 Non
1674 3137 1758 3170 nobis
1777 3139 1974 3172 ordinationes
1995 3137 2108 3177 vestra·
2127 3155 2176 3191 ΕΡ
2195 3156 2240 3189 89-

289 3190 337 3230 βα
362 3187 572 3222 Patriarcham
586 3187 800 3224 Alexandriae,
825 3184 911 3227 usque
923 3186 967 3218 ad
976 3193 1107 3228 tempora
1118 3189 1172 3219 De·
1231 3199 1296 3219 rum
1320 3189 1548 3220 Provinciarum
1558 3186 1769 3228 defendimus,
1794 3190 1874 3231 quod
1881 3188 1974 3230 potest
1977 3187 2105 3229 forfitan
2125 3202 2188 3230 cap.
2205 3197 2234 3223 8.

1231 3238 1275 3269 ad
1295 3237 1505 3278 depravandos
1526 3236 1632 3276 vestrae
1652 3238 1827 3271 sandinum
1847 3245 1962 3273 animos
1974 3238 2105 3270 Hilarius

294 3295 377 3332 gypt}
402 3292 567 3321 Provincia
580 3286 647 3328 fuit
670 3284 853 3328 Episcopus,
879 3296 929 3318 nec
949 3295 1020 3319 ante
1041 3297 1106 3319 eum
1117 3288 1175 3319 Pa·
1229 3294 1284 3327 pro
1298 3284 1353 3329 suo
1377 3297 1454 3318 more
1475 3293 1592 3318 mentiri
1605 3310 1615 3326 ‚
1637 3286 1696 3329 sed
1713 3288 1799 3320 vobis
1817 3297 1872 3330 per
1892 3288 2018 3328 nostram
2028 3285 2107 3329 solli-

295 3337 439 3371 rriarcbae
459 3346 595 3370 crearunt
618 3339 799 3381 Episcopos.
827 3336 879 3368 Ille
897 3345 995 3367 autem
1000 3335 1105 3376 fac¹7us
1117 3338 1175 3368 Pa-

1236 3338 1396 3369 citudinem
1407 3338 1595 3369 vindicamus
1604 3362 1614 3376 ,
1631 3348 1666 3369 ne
1677 3339 1753 3379 quid
1762 3340 1884 3370 ulterius
1896 3339 1979 3370 liceat
1990 3341 2108 3369 novita-

300 3385 429 3422 inari-ha
454 3396 511 3419 tres
533 3385 673 3427 constituit
702 3383 860 3427 Episcopus
884 3408 892 3418 .
921 3388 966 3417 Et
981 3392 1100 3428 primus
1127 3384 1173 3418 bic
1233 3392 1280 3427 ti,
1308 3384 1667 3430 necpraeficmprionilocus
1678 3389 1760 3421 ultra
1770 3390 1841 3429 jam
1852 3396 1958 3429 pateat
1982 3386 2109 3418 Privile-

1179 3429 1195 3472 «l

2008 3441 2061 3479 gia
