2372 3756
87 1678 161 1711 Cap.
182 1684 227 1711 23.

85 1716 142 1757 Ef-
161 1727 208 1756 95.

91 2108 252 2143 Labe-37-

98 2448 173 2485 (Ἀρ.
193 2455 203 2475 x
214 2455 236 2474 r.

107 2824 247 2864 Epist-71.

109 2865 167 2902 1-5.

112 3298 198 3326 (38.

346 155 408 201 80

276 236 425 282 quiescant
436 260 448 278 ,
472 241 505 269 ut
516 236 634 269 demum
650 239 683 269 in
692 247 740 269 eos
760 236 992 279 tranquillitatis
1004 243 1133 277 tempore
1143 259 1154 275 ,

277 289 358 331 quod
366 290 422 323 cito
426 286 566 329 futurum
573 284 732 330 speramus
743 311 755 327 ,
773 287 809 319 id
815 287 896 329 quod
905 280 981 319 nime
991 285 1153 328 Apostolicae

279 339 364 372 sedis
387 335 518 380 discretio
524 342 677 379 patienter
690 335 791 378 differt
799 362 811 378 ,
829 335 950 377 justitia
961 336 1104 370 dirimens
1112 336 1156 368 ad

274 387 386 429 statum
406 385 492 431 suum
515 385 653 427 restauret
677 412 686 420 .
712 386 854 421 Ptaesens
879 386 1001 420 Canon
1029 386 1155 420 nullam

278 434 402 483 infligit
420 436 800 474 excommunicationem
813 461 824 478 ,
850 435 990 481 ideoque
1007 447 1068 472 nec
1078 436 1156 470 Gre-

643 151 687 196 S.
723 148 1043 198 Gaecoalx
1081 164 1319 196 sunum
1356 151 1717 202 PONT1F101S

1217 235 1329 279 gorius
1354 234 1460 269 voluit
1491 234 1600 283 infligi
1630 239 1650 273 ὲ
1677 241 1742 275 suo.
1764 240 1901 279 Vicario
1921 270 1928 278 .
1963 246 2009 282 Et
2033 250 2103 294 qui-

1217 285 1292 319 dem
1309 284 1520 321 Henricianae
1533 290 1768 331 persecutionis
1777 291 1921 328 turbatio
1931 317 1943 334 ‚
1967 298 2104 334 &exin-

1217 333 1258 368 de
1280 345 1356 369 nata
1382 336 1469 370 varia
1493 338 1661 373 neceffitas
1685 338 1781 384 hujus
1794 344 1951 378 'Canonis
1971 346 2103 390 plenam

1217 385 1446 441 caecutionem
1468 389 1617 432 persuasit
1626 391 1740 426 multis
1761 392 1796 427 in
1808 393 1893 429 locis
1906 394 2105 440 dispensato·

1217 435 1263 470 rie*
1270 433 1462 472 dsffimulari
1481 449 1520 473 ac
1532 440 1703 484 suspendi.
2093 436 2104 446 ”

765 677 1159 725 CANO

1230 677 1282 724 N
1386 681 1613 727 VIII.

424 819 517 868 Uia
550 816 645 868 dies
681 815 887 866 Sabbathi
922 809 1039 881 apud
1073 816 1248 863 Sanctos
1283 818 1435 867 Patres
1470 818 1634 870 nostros
1655 820 1702 870 in
1735 820 1993 876 abstinentia
2026 832 2100 877 ce-‘

457 887 589 941 lebris
624 886 686 936 est
720 885 894 935 habitus
928 919 942 944 ,
977 900 1057 933 nos
1091 883 1344 936 eorumdem
1394 888 1694 940 auctoritatem
1729 890 1957 960 sequentes
1989 895 2099 946 salu-

275 957 410 1009 briter
444 956 725 1008 admonemus
753 990 767 1016 ,
804 969 853 1004 ut
889 955 1155 1022 quicumque
1189 953 1231 1006 se
1266 957 1525 1010 Christianae
1556 962 1804 1024 Religionis
1836 967 2098 1035 participem

273 1027 352 1078 effe
386 1026 618 1088 desiderat,
654 1025 711 1075 ab
746 1022 816 1074 esu
851 1027 1044 1075 carnium
1079 1024 1230 1076 eadem
1255 1026 1363 1087 die,
1399 1028 1478 1077 nisi
1515 1034 1667 1098 majori
1694 1032 1929 1087 festivitate
1955 1039 2097 1089 inter-

272 1099 495 1158 veniente,
530 1097 603 1151 vel
638 1093 892 1149 infirmitate
927 1094 1223 1165 impediente,
1258 1097 1495 1151 abstineat.

459 1242 949 1290 Senos-lou.

364 1386 452 1424 Uod
471 1399 512 1423 ex
525 1389 634 1423 Sancti
645 1388 731 1424 Petri
746 1387 899 1431 Apostoli
913 1412 923 1428 ,
949 1397 1004 1422 aut
1014 1385 1099 1421 certe
1108 1397 1151 1421 ex

388 1439 496 1473 Sansti
513 1438 668 1482 Sylvestri
679 1438 850 1473 Pontificis
866 1437 1020 1472 Instituto
1033 1436 1153 1470 Roma-

414 1499 456 1522 na
478 1487 559 1523 olim
573 1488 711 1523 Ecclesia
737 1488 829 1523 omni
841 1497 930 1522 extra
942 1487 1153 1533 Qinquage-

263 1538 375 1573 simam
397 1537 570 1574 Sabbatho
592 1538 752 1582 jejunium
771 1538 961 1577 servaverit,
988 1537 1155 1579 ipsamque

262 1590 393 1623 tandem
431 1590 546 1634 cunda
572 1598 683 1632 praeter
708 1587 903 1630 Hispaniam
931 1585 1156 1620 Occidentalis

263 1639 405 1672 Ecclesia
427 1640 467 1672 fit
491 1639 640 1677 imitata,
666 1638 725 1671 suo
739 1635 814 1670 loco
830 1637 876 1671 est
888 1636 950 1671 late
961 1637 1146 1670 ostensum.

262 1688 364 1733 Quid
384 1688 526 1729 Hispani
547 1697 730 1729 numquam
756 1686 944 1720 admiserint
962 1709 973 1726 ,
1000 1686 1085 1720 lucet
1102 1695 1142 1718 ex

262 1736 400 1782 Synodo
413 1736 577 1771 Eliberina
590 1761 600 1776 ‚
619 1737 725 1780 primo
734 1736 841 1770 Sancti
854 1736 961 1770 Isidori
973 1735 1145 1779 Hispalen-

261 1789 299 1821 Ως
323 1787 476 1832 Episcopi
503 1785 544 1820 de
571 1787 804 1821 Ecclesiasticis
830 1787 948 1820 officiis
970 1785 1053 1819 libro
1072 1809 1082 1824 ‚
1106 1797 1147 1818 ex

262 1837 406 1872 Adriani
430 1838 526 1881 primi
547 1836 721 1873 Pontificis
740 1837 780 1871 ad
798 1836 927 1881 Egilam
948 1835 1147 1879 Episcopum

264 1888 403 1928 litteris,
428 1887 515 1922 &ex
526 1886 685 1921 celebrata
707 1886 766 1921 sub
779 1887 901 1921 Leonis
922 1884 1164 1920 noniPontifi?

263 1946 336 1971 catu
361 1937 501 1980 Synodo
529 1937 708 1979 Coyacensi
722 1962 729 1970 .
761 1936 885 1971 Verum
908 1935 1035 1971 laudata
1047 1936 1149 1978 pietas

266 1988 423 2032 paulatim
444 1986 528 2023 ade&
550 1986 692 2028 defecit,
718 1997 755 2020 ut
766 1987 806 2020 de
829 1987 894 2030 ipsa
905 1987 1004 2020 etiam
1027 1986 1149 2020 Roma—

270 2049 313 2072 na
333 2037 473 2072 Ecclesia
496 2037 613 2072 scribat
634 2036 770 2072 inlibris
792 2036 833 2071 de
845 2035 1070 2070 Ecclesiasticis
1080 2035 1149 2069 offi-

274 2087 333 2123 ciis
351 2086 538 2122 Amalarius
559 2088 773 2121 Fortunatus:
802 2086 934 2121 solebam
945 2090 1071 2118 Romam
1091 2096 1149 2118 om-

277 2144 330 2172 nia
345 2137 499 2171 sabbatha
513 2140 671 2178 jejunare.
699 2139 860 2177 Propterea
870 2137 933 2168 dico
943 2140 1149 2176 praeteritum,

269 2192 338 2232 quia
358 2186 450 2230 nest-’io
469 2187 611 2228 quomodo
630 2196 703 2218 nunc
724 2192 818 2230 agunt
842 2210 849 2216 .
875 2185 971 2232 Qin
995 2186 1029 2219 ἀ
1051 2181 1150 2227 longe

269 2237 435 2280 antiquior
454 2236 549 2271 Ordo
571 2236 745 2270 Romanus
768 2233 865 2270 habet
891 2235 932 2268 de
955 2234 1026 2276 ipso
1049 2233 1148 2267 etiam

270 2284 436 2323 Sabbaxho
460 2287 568 2320 sancto
592 2299 609 2324 .·,
643 2288 731 2326 Papa
758 2285 793 2318 (9·
813 2289 914 2318 caeteri
940 2287 1067 2316 Romani
1090 2294 1150 2316 ova

270 2337 450 2379 manducant
472 2360 482 2376 ,
508 2337 542 2369 <ir
558 2334 754 2376 formaticum
777 2358 788 2372 ,
813 2335 849 2366 id
873 2333 909 2374 est
933 2332 1049 2376 caseum
1072 2358 1078 2365 .
1107 2332 1150 2366 Et

271 2387 356 2430 apud
380 2386 574 2419 Gratianum
595 2384 688 2418 tertia
709 2383 750 2418 de
770 2385 1016 2418 consecratione
1037 2382 1150 2417 distin-

271 2439 337 2471 ἃὶο
359 2434 457 2470 habet
468 2435 590 2470 Leonis
611 2433 717 2478 quarti
739 2433 779 2467 ad
800 2434 911 2467 nescio
933 2443 1015 2477 quos
1028 2432 1152 2467 Rescri-

274 2498 388 2532 ptum,
415 2485 535 2519 avitam
560 2495 677 2528 quartae
700 2485 838 2518 &sextae
859 2483 944 2517 feriae
963 2484 982 2517 ὲ
1004 2481 1153 2517 carnibus

272 2537 505 2571 abstinentiam
520 2534 666 2573 laudans,
676 2534 897 2577 mandansque
908 2533 1022 2567 servari
1033 2556 1044 2572 ,
1056 2530 1100 2565 ast
1113 2530 1155 2565 de

276 2583 441 2621 Sabbatho
457 2584 579 2619 nullam
593 2585 714 2618 faciens
727 2584 930 2619 mentionem
940 2607 951 2624 ,
978 2582 1022 2617 Et
1033 2582 1156 2616 Roma-

277 2647 358 2670 num
384 2634 568 2670 abstinendi
592 2646 629 2668 ac
659 2632 822 2677 jejunandi
846 2644 971 2667 morem
996 2631 1155 2676 postulan-

279 2687 366 2723 tibus
393 2685 543 2730 Bulgaris
566 2697 589 2724 ‚*
603 2694 717 2729 quarta
743 2683 971 2717 abstinendum
1005 2682 1024 2715 ὲ
1058 2680 1157 2716 carni-

281 2736 340 2770 bus
353 2760 364 2775 ,
389 2747 426 2769 ac
447 2736 512 2768 sola
536 2735 622 2770 sexta
645 2734 721 2769 feria
744 2735 869 2777 insuper
890 2729 1102 2776 jejunandum
1114 2743 1157 2765 re-

281 2784 422 2820 scribens
442 2784 602 2819 Nicolaus
625 2785 767 2826 primus,
794 2783 917 2818 nullam
939 2780 1094 2816 Sabbathi
1116 2781 1159 2815 fe-

282 2836 330 2871 cit
352 2835 545 2870 memoriam
571 2846 580 2866 :
617 2834 719 2880 Qo'd
749 2833 865 2877 nempe
897 2831 964 2876 ejus
990 2833 1163 2866 observan-

285 2886 331 2920 tia
355 2894 434 2918 tunc
457 2883 584 2926 penitus
605 2883 810 2917 exoleviffet.
840 2884 882 2916 Et
903 2884 944 2916 de
964 2883 1081 2916 Sansto
1094 2881 1160 2915 Ro-

285 2934 421 2970 mualdo
439 2933 548 2967 scribit
570 2935 603 2966 in
616 2934 712 2976 ipsius
738 2933 802 2965 vita
819 2933 950 2966 Sanctus
970 2932 1083 2966 Petrus
1095 2932 1162 2964 Da-

287 2984 389 3019 miani
401 2998 412 3018 .·
437 2986 591 3026 Contingit
611 2983 815 3024 utaliquando
838 2982 944 3015 librum
964 2983 1002 3015 de
1021 2987 1088 3016 vita
1102 2984 1160 3013 Pa-

289 3043 369 3068 trum
388 3036 507 3078 legens,
531 3038 564 3065 in
575 3032 658 3067 illum
678 3034 767 3065 locum
789 3033 952 3073 incideret,
979 3031 1028 3066 ubi
1039 3037 1161 3065 contine-

290 3094 337 3118 tur
363 3109 372 3123 ,
399 3085 479 3126 quad
501 3083 625 3126 quidam
645 3082 765 3124 fratres
790 3091 846 3122 per
868 3087 1033 3115 continuam
1060 3080 1162 3114 bebdo-

293 3136 414 3168 merdam
434 3133 621 3177 singulariter
642 3135 818 3175 ,ieiunantes
846 3156 856 3171 ,
883 3131 1091 3164 §abbatiarum
1117 3130 1163 3161 dte

290 3190 405 3225 pariter
427 3188 638 3221 convenirent,
665 3180 780 3224 ipsoque
806 3183 838 3214 έν
855 3184 1001 3214 Dominico
1024 3181 1074 3214 dle
1085 3182 1162 3220 jeju-

293 3238 337 3265 nii
361 3238 482 3275 rigorem
503 3239 715 3274 interponerent
729 3256 739 3271 ,
768 3231 946 3270 &remiffir'tr
971 3232 1163 3264 vic‘litnrent.

293 3283 392 3324 ,Quem
416 3283 538 3314 vivendi
559 3283 693 3315 ordinem
708 3281 809 3321 statim
821 3282 1003 3313 Romualdus
1015 3285 1140 3321 arripuit
1155 3303 1164 3318 ,

296 3332 330 3365 (θ’
349 3336 380 3362 in
402 3340 433 3362 eo
453 3333 618 3372 quindecim
640 3332 708 3373 fere*
735 3335 822 3363 annis
848 3355 859 3371 ,
883 3333 934 3363 vel
958 3342 989 3362 eo
1011 3331 1139 3371 amplias
1156 3354 1163 3367 ,

293 3385 432 3413 continua
467 3380 631 3417 austeritate
652 3378 809 3422 permansit
835 3405 840 3412 .
882 3381 922 3413 Et
949 3379 981 3412 in
1023 3380 1164 3422 sequenti

291 3429 417 3475 capite:
446 3427 511 3470 Post
533 3429 594 3463 baec
605 3438 701 3463 autem
720 3431 900 3465 Romualdus
930 3430 1140 3474 iterumiegtns
1155 3453 1164 3469 ,

1211 1245 1281 1282 quia
1291 1240 1416 1275 SanHus
1427 1241 1564 1283 sylvester
1583 1242 1667 1277 urbis
1695 1245 1797 1279 Romae
1809 1241 1974 1288 Episcopus
1985 1270 1997 1287 ‚
2021 1246 2096 1281 sab-

1210 1289 1364 1323 barborum
1386 1292 1465 1324 diem
1478 1293 1682 1332 jejunandum
1702 1296 1754 1336 effe
1773 1319 1786 1335 ‚
1810 1304 1844 1329 ut
1865 1299 1973 1330 reversi
1991 1296 2096 1330 San&

1213 1338 1369 1382 paschatis
1380 1340 1503 1384 vigilias
1514 1364 1527 1379 ,
1552 1340 1709 1381 instituerit
1718 1365 1732 1382 ‚
1753 1354 1821 1377 mox
1830 1347 2013 1385 remiffionem
2022 1346 2096 1380 Sab-

1212 1388 1296 1422 batbi
1305 1395 1338 1422 tn
1349 1395 1486 1431 quintam
1488 1388 1606 1432 feriam
1619 1399 1819 1426 commutavit.
1831 1393 1985 1429 Sabbathi
1995 1395 2097 1438 pietas
2162 1410 2169 1413 -

1213 1437 1295 1472 adeo
1318 1449 1398 1473 tnnc
1417 1450 1483 1473 erat
1508 1439 1632 1474 abolita
1655 1451 1756 1484 atque
1765 1441 1953 1478 oblitterata
1963 1455 2020 1488 per
2029 1456 2102 1479 om-

1216 1499 1289 1522 nem
1312 1489 1462 1530 ltaliam,
1490 1499 1526 1523 ut
1545 1488 1642 1531 hujus
1662 1499 1744 1524 tunc
1765 1490 1962 1527 dodiffimus
1983 1493 2098 1528 Abbas

1218 1538 1424 1573 Romualdus
1444 1539 1544 1583 ipsam
1563 1537 1665 1574 etiam
1685 1539 1872 1584 ignoraret,
1897 1542 2096 1577 &aemulum

1219 1590 1396 1633 sequeretur
1420 1599 1548 1623 morem
1573 1589 1762 1624 Graecorum
1791 1614 1798 1622 .
1832 1589 1935 1638 Quod
1960 1592 2096 1637 quidam

1218 1650 1297 1672 tunc
1321 1638 1455 1674 alternis
1487 1639 1660 1674 dumtaxat
1685 1638 1945 1687 Qadragesimae
1979 1642 2097 1678 diebus
2122 1670 2123 1673 η

1215 1687 1394 1730 jejunantes
1414 1712 1427 1729 ,
1453 1689 1522 1732 ipso
1543 1687 1643 1724 etiam
1668 1686 1834 1726 Sabbatho
1862 1692 1973 1726 sancto
1991 1693 2096 1728 essent

1215 1736 1256 1771 ab
1275 1736 1356 1773 hora
1377 1740 1470 1772 tertia
1490 1737 1593 1779 ebrii,
1620 1739 1764 1781 queritur
1782 1739 1818 1774 in
1849 1741 1956 1783 primo
1976 1742 2098 1777 sermo-

1217 1799 1257 1822 ne
1281 1787 1323 1822 de
1348 1780 1602 1835 Qadragesima
1629 1786 1803 1824 Ratherius
1824 1789 2005 1834 Episcopus
2029 1791 2098 1826 Ve-

1215 1837 1381 1872 ronenfis.·
1399 1838 1492 1887 Qin
1517 1839 1551 1873 ὃς
1574 1839 1644 1882 post
1666 1838 1870 1874 eliminatam
1892 1840 1987 1878 istam
2007 1840 2098 1885 pessi-

1215 1898 1302 1922 mam
1326 1888 1494 1922 licentiam
1517 1889 1645 1930 nequiit
1664 1889 1748 1933 apud
1762 1889 1935 1925 Romanos
1944 1890 2040 1935 plene
2049 1902 2095 1926 te-

1215 1938 1315 1981 parari
1326 1935 1482 1973 Sabbathi
1503 1939 1600 1973 sancti
1622 1938 1803 1983 jejunium:
1820 1939 1995 1975 ¹Rationes
2014 1939 2094 1984 dat,
2107 1953 2134 1999 ‘L

1215 1999 1253 2022 ac
1277 1987 1540 2023 diffimulandum
1561 1987 1671 2023 suadet
1690 1990 1725 2023 in
1746 1988 1861 2024 litteris
1883 1989 1925 2025 ad
1942 1991 2092 2026 suaecon·
2113 1976 2233 2048 gpfff:

1213 2038 1415 2082 gregationis
1438 2038 1598 2074 Eremitas
1620 2039 1754 2074 Saucius
1773 2039 1889 2075 Petrus
1915 2040 2090 2076 Damiani.

1216 2087 1286 2134 Qi
1307 2098 1379 2122 mos
1398 2087 1482 2122 adeo
1501 2089 1624 2131 irrepsit
1633 2089 1733 2123 etiam
1744 2088 1781 2123 in
1802 2089 1949 2130 Gallias,
1973 2100 2010 2126 ut
2033 2090 2095 2125 Al-

1213 2137 1331 2170 cuinus
1352 2138 1490 2172 Flaccus
1510 2139 1639 2172 censeat
1664 2137 1868 2173 sabbathum
1895 2140 1981 2176 istud
2000 2140 2095 2176 omni

1215 2187 1421 2222 veneratione
1430 2186 1548 2221 debere
1568 2188 1631 2222 ene
1649 2186 1845 2230 iucundum.
1876 2189 1921 2225 Et
1940 2191 1986 2225 ita
2015 2202 2096 2224 con·
2111 2205 2166 2243 Ep,
2188 2214 2234 2240 70-

1214 2236 1349 2269 sueviffe
1372 2236 1407 2269 in
1425 2237 1522 2270 variis
1533 2236 1704 2276 Ecclefiis,
1730 2237 1865 2271 testatur
1876 2239 1912 2271 in
1922 2239 2040 2275 litteris
2051 2239 2094 2275 ad

1214 2284 1317 2328 ipsum
1339 2285 1477 2320 Carolus
1487 2285 1649 2329 Magnus.

1263 2333 1368 2368 Porro
1380 2333 1421 2368 ad
1432 2334 1598 2369 undecimi
1610 2333 1712 2369 saeculi
1733 2335 1908 2371 exordium
1921 2336 1962 2372 de
1971 2337 2096 2374 Tribu-

1215 2383 1461 2426 rienfisSynodi
1476 2385 1646 2428 Episcopis
1666 2378 1778 2420 sciibit
1798 2387 1832 2420 in
1854 2385 2095 2423 Cameracensis

1217 2433 1367 2468 Ecclefiae
1385 2433 1558 2469 Chronico
1582 2433 1751 2469 Baldricus
1772 2436 1955 2480 Episcopus
1965 2437 2097 2473 Torna-

1216 2484 1337 2517 cenfis:
1363 2488 1478 2518 Eorum
1497 2496 1573 2518 unus
1595 2486 1710 2518 caelitus
1727 2484 1780 2527 fibi
1799 2486 1919 2519 delatas
1939 2488 2020 2521 dixit
2041 2488 2095 2531 effe

1217 2535 1336 2566 litteras
1351 2559 1362 2575 ,
1387 2545 1453 2576 quae
1473 2543 1623 2568 monerent
1637 2536 1787 2576 jejunium
1807 2541 1929 2578 inpane
1948 2538 2095 2580 &aquen

1219 2589 1298 2616 omni
1314 2582 1499 2627 J'extafiria
1520 2583 1741 2625 obl'ervandum
1761 2609 1773 2624 ‚
1799 2587 1833 2619 &¹
1852 2591 1886 2620 in
1905 2586 2054 2621 Sabbatha
2072 2589 2095 2619 ἃ

1220 2644 1307 2666 carne
1329 2635 1565 2678 &pinguamine
1574 2659 1584 2674 ,
1607 2633 1723 2677 soloque
1734 2634 1785 2668 boc
1801 2638 2051 2677 contentijrtjunio
2060 2642 2094 2670 in

1220 2689 1540 2726 omniumpeccatorum
1546 2683 1773 2728 satisfaeffione,
1801 2685 1913 2717 nullam
1930 2683 2044 2727 scirent
2054 2685 2095 2718 ab
2114 2696 2166 2728 m,
2177 2701 2204 2728 6,
2219 2703 2253 2728 ς,

1221 2738 1263 2766 eis
1285 2734 1378 2766 aliam
1397 2734 1594 2775 adjiciendam
1610 2739 1818 2775 poenitentiam
1830 2758 1841 2774 ,
1866 2735 1900 2768 (9
1912 2733 1976 2770 bae
1991 2737 2097 2769 sacra-
2116 2745 2162 2774 52.

1222 2791 1319 2815 mento
1338 2783 1372 2827 se
1394 2783 1519 2827 servare
1536 2784 1695 2826 firmarent
1717 2808 1725 2816 .
1762 2784 1857 2826 ,Quod
1892 2789 1945 2827 qui
1980 2786 2095 2825 nollet,

1222 2832 1448 2872 christianitate
1468 2840 1644 2875 privaretur
1665 2857 1675 2873 ‚
1705 2834 1739 2867 dr
1758 2834 1796 2867 de
1811 2832 1917 2876 seculo
1940 2841 2094 2868 exeuntem
2148 2857 2150 2859 >

1224 2883 1319 2915 nullus
1342 2882 1476 2924 visitaret
1501 2909 1511 2924 ‚
1538 2895 1587 2917 nec
1601 2882 1764 2926 ftpulturae
1784 2884 1915 2917 traderet
1937 2909 1945 2916 .
1972 2883 2096 2918 Adver-

1223 2932 1276 2965 sus
1286 2933 1446 2966 edendum
1461 2934 1634 2967 Canonem
1651 2932 1742 2968 addit
1755 2932 1934 2968 Gerardum
1953 2933 2095 2977 primum

1226 2982 1490 3018 Cameracensem
1511 2983 1711 3027 Episcopum
1724 2983 1822 3027 longa
1834 2983 1983 3018 oratione
1999 2984 2097 3018 inter·

1225 3032 1343 3066 ceffiffe
1363 3055 1374 3071 ,
1399 3043 1495 3077 qnam
1522 3032 1555 3066 in
1583 3030 1685 3066 hocce
1710 3031 1942 3075 compendium
1976 3033 2097 3079 redigit

1225 3080 1409 3126 Sigebertus
1430 3082 1676 3116 Gemblacenfis
1702 3095 1709 3114 ι
1736 3084 1890 3117 Gerardus
1916 3084 1997 3119 dixit
2016 3085 2098 3125 jeju-

1230 3137 1309 3165 nium
1331 3137 1362 3165 in
1368 3132 1460 3176 sexta
1481 3134 1532 3167 vel
1538 3131 1668 3175 septima
1680 3131 1767 3173 feria
1789 3144 1839 3165 nec
1854 3132 1987 3166 omnibus
2007 3144 2097 3167 unum

1228 3180 1277 3226 effi»
1296 3184 1505 3224 imponendum
1517 3205 1527 3222 ‚
1553 3187 1623 3223 quia
1649 3181 1750 3221 nonest
1771 3194 1831 3216 una
1842 3183 1973 3215 omnibus
1988 3182 2099 3225 poffibi·

1229 3233 1299 3265 litas
1323 3256 1333 3271 ‚
1361 3244 1411 3266 nec
1436 3243 1533 3265 omnes
1560 3231 1611 3264 boc
1637 3243 1693 3265 uno
1712 3233 1827 3272 jejunio
1852 3242 1997 3266 contentos
2025 3232 2098 3274 effe,

1229 3287 1297 3322 qaia
1319 3282 1424 3323 nonest
1446 3294 1505 3315 una
1525 3287 1652 3315 omnium
1668 3284 1835 3323 poenitendi
1857 3284 2008 3325 quautam
2036 3280 2098 3313 haec

1231 3333 1415 3365 Merum-ento
1431 3332 1555 3374 firmare
1581 3356 1591 3371 ,
1630 3333 1679 3365 vel
1705 3334 1890 3365 sacramenti
1915 3332 2100 3364 violationem

1227 3383 1355 3421 perjurio
1381 3393 1483 3424 augere
1513 3393 1570 3413 non
1595 3383 1646 3425 effe
1672 3383 1740 3414 utile
1766 3395 1774 3415 z
1801 3381 1848 3413 bis
1873 3373 2101 3414 contradicentes

1230 3437 1492 3472 exsommum'cari,
1517 3431 1643 3473 infirmis
1670 3429 1887 3474 vfitatiotltm,
1914 3431 1966 3467 vel
1976 3435 2100 3467 mortuis

1958 3476 2054 3524 sepul-
