2372 3756
616 91 701 136 De
736 102 1084 150 QulnusDAM
1119 87 1362 132 piamun
1396 85 1606 133 LOCIS.

210 178 370 221 cupiditate
380 177 522 210 adeamus
534 197 545 215 ,
569 171 762 217 manibusque
786 178 818 205 in
840 178 934 207 crucis
952 171 1088 214 formam

215 225 372 270 compositu
398 224 540 267 crucifixi
564 232 665 266 corpus
683 221 881 266 suftipiamus
903 247 914 263 ,
940 230 1029 265 atque
1055 222 1089 255 <ts

214 278 324 317 oculis,
352 278 385 310 et
409 275 498 310 labiis
517 300 528 316 ,
562 277 595 308 (θ’
610 274 764 316 frontibus
791 272 929 316 impositis
943 296 954 312 ‚
981 275 1089 304 Divini

213 326 346 361 carbonis
352 331 514 369 participes
527 325 683 366 efficiamur
696 348 703 356 .
731 324 823 371 Qin
838 324 872 357 δε
886 323 1020 356 Sanetus
1032 320 1091 355 Pe.

215 387 282 411 trus
291 376 434 411 eundem
446 385 572 409 morem
586 374 716 410 videtur
736 372 901 407 tradidisse
925 372 1090 406 Romanae

215 427 365 461 Ecclefiae
376 451 383 458 .
406 426 454 459 Ita
465 424 600 459 suadent
611 422 677 458 haec
690 424 810 458 Sanstae
823 421 966 466 Agnetis
978 420 1089 455 verba:

215 479 261 511 Et
272 475 396 523 sanguis
406 477 470 515 ejus
476 481 596 508 ornavit
601 485 699 518 genas
711 483 794 506 meas
806 496 813 504 .
842 472 885 505 Et
899 470 978 505 hinc
1002 471 1089 508 lueet

216 536 296 560 tunc
306 525 568 561 communicanti
591 522 714 568 populo
735 521 861 556 nullam
879 522 973 555 fuisse
994 521 1089 555 mini-

215 576 346 613 stratam
357 574 579 611 ablutionem.
605 573 687 607 Haec
709 570 885 616 postmodo
907 571 1088 606 introducta

215 625 263 659 est
274 625 344 668 post
366 625 511 660 ablatum
522 623 644 668 populo
655 622 791 657 calicem
806 647 813 654 .

267 675 425 710 Notanda
452 685 581 718 quoque
606 673 682 707 sunt
708 670 775 707 haec
809 672 918 707 Sancti
955 671 1090 714 Ioannis

218 723 448 769 chrysostomi
469 724 561 757 verba
573 737 585 757 .-
610 727 729 765 Apertls
750 720 1089 765 &circumspicientibus

216 781 347 815 ,omnium
370 773 616 814 circumstantium
629 775 718 806 oculis
730 796 738 805 .
765 773 899 807 Docent
909 772 977 806 duo
989 796 996 803 .
1022 770 1093 804 Pri-

217 825 300 866 mo,
326 822 415 868 quod
433 822 572 866 populus
592 821 674 856 olim
697 821 737 856 ad
760 821 963 856 Eucharistiae
984 822 1095 854 conse·

217 875 400 908 orationem
420 873 558 907 steterit.
587 871 724 906 Etenim
748 872 815 906 sola
839 871 930 906 tertia
956 896 966 911 ‚
993 881 1093 914 quarn

220 923 404 958 Substratos
422 922 583 957 vocabant
593 947 605 962 ,
630 920 866 956 Poenitentium
877 921 979 955 classis
989 922 1022 954 in
1035 920 1095 954 Ee-

219 975 313 1009 clefia
332 973 576 1018 geniculabatur
590 996 601 1012 ,
628 973 662 1007 &
684 983 725 1005 ex
748 971 980 1006 Substrationis
991 969 1094 1015 gradu

219 1035 276 1068 per
294 1023 564 1057 Sacramentalem
584 1022 824 1057 absolutionem
859 1021 1096 1056 transmitteba-

220 1071 323 1107 turad
343 1073 618 1113 Consistentiam,
647 1072 712 1107 hoc
734 1072 778 1106 est
795 1096 806 1112 ,
832 1073 872 1106 ad
901 1071 1094 1106 facultatem

220 1122 429 1157 audiendi&
448 1123 579 1158 videndi
605 1121 822 1157 Eucharistici
849 1121 995 1156 sacrificii
1018 1146 1028 1162 ,
1059 1121 1095 1155 in

220 1184 286 1216 qua
307 1183 422 1207 omnes
431 1173 609 1216 erantjusti
622 1172 890 1208 &confistentes.
917 1171 1028 1205 Ereika
1038 1170 1097 1204 sta-

217 1224 312 1256 tione
322 1224 468 1267 corporis
482 1220 712 1265 profitebantur
723 1223 756 1256 se
766 1222 867 1256 etiam
880 1221 962 1256 stare
974 1223 1097 1255 erectos

220 1274 256 1307 in
269 1282 392 1306 mente.
423 1272 515 1306 Hinc
527 1273 604 1306 item
616 1272 762 1315 proxime
776 1283 852 1306 ante
878 1271 1097 1305 consecratio-

220 1333 297 1356 nem
309 1322 466 1356 monebat
477 1322 540 1357 alta
553 1334 633 1356 voce
654 1323 843 1357 Diaconus:
870 1321 975 1356 Ere&
985 1320 1097 1361 stemus

219 1371 349 1412 honefle‘.
375 1373 485 1420 Qem
498 1382 624 1406 morem
636 1372 757 1407 Latina
769 1371 893 1406 dudum
915 1371 1015 1405 etiam
1039 1372 1099 1404 ser-

222 1422 310 1456 vavit
321 1420 483 1456 Ecclesia.
510 1422 606 1456 Hinc
626 1423 716 1455 enim
739 1421 919 1456 etiamnum
939 1418 1040 1455 hodie
1062 1421 1097 1453 in

222 1470 500 1506 Miffalicanone
512 1481 663 1505 oramus:
688 1473 749 1504 Pro
758 1471 893 1504 omnibus
915 1469 1098 1511 circumstan-

221 1520 302 1555 sibus
315 1545 322 1552 .
349 1520 496 1555 Laudata
510 1520 603 1555 verba
616 1521 760 1555 secundo
770 1521 890 1556 docent
912 1522 944 1555 ὃς
965 1520 1098 1555 laudant

221 1581 347 1604 morem
358 1594 369 1610 ,
389 1581 488 1615 quem
500 1570 586 1605 idem
597 1573 728 1606 Sanctus
739 1571 879 1613 Joannes
890 1570 1028 1605 lucidius
1049 1581 1100 1605 ex-

221 1620 364 1665 ponitin
388 1620 481 1655 tertia
501 1618 640 1654 homilia
661 1622 752 1664 super
773 1621 1003 1663 Apostolicam
1027 1620 1100 1662 Epi-

221 1669 340 1705 stulam
352 1669 393 1705 ad
417 1668 591 1715 Ephefios:
620 1671 754 1715 ,Quando
775 1672 890 1704 videris
906 1671 989 1703 trabi
1002 1693 1012 1709 ,
1035 1680 1101 1711 quae

224 1726 257 1754 in
267 1718 447 1763 ostilssunt,
473 1725 621 1761 cortinas,
647 1730 717 1754 tunc
726 1719 861 1761 existima
882 1723 983 1754 coelum
1000 1719 1101 1763 super-

226 1771 263 1804 ne*
286 1770 411 1810 deduci,
436 1771 472 1804 <w
493 1768 666 1813 descendere
693 1773 814 1815 Angelos
827 1795 834 1802 .
865 1770 919 1804 Ad
941 1771 1104 1805 consecra·

224 1819 354 1854 tionem
379 1819 621 1856 deducebantur
645 1820 767 1855 Altaris
781 1822 914 1856 cortina:
940 1846 950 1861 ,
988 1829 1023 1854 ut
1044 1828 1104 1854 tre·

224 1870 383 1905 mendum
396 1869 585 1912 mysterium
599 1870 640 1903 ab
650 1870 808 1905 omnibus
822 1869 1103 1913 circumstantibus

224 1920 545 1962 circumspiceretur.
575 1921 676 1969 Qod
686 1922 785 1955 etiam
808 1920 907 1955 hodie
933 1920 1037 1954 Graeci
1060 1931 1106 1953 re-

227 1968 344 2014 ligiose
366 1969 539 2005 observant
563 1996 569 2002 .
600 1973 630 2004 A
654 1972 764 2015 paucis
785 1971 880 2005 annis
901 1971 1011 2005 nescio
1035 1980 1105 2012 quae

227 2021 358 2053 novitas
371 2019 486 2053 nostris
501 2020 670 2054 Altaribus
681 2021 778 2064 coepit
798 2023 923 2055 auferre
944 2021 1086 2054 cortinas
1097 2045 1104 2052 .

229 2068 382 2102 Pessime.
410 2069 468 2102 Est
481 2070 597 2103 abusus
611 2081 663 2112 per
686 2070 869 2114 Episcopos
891 2070 1031 2104 omnino
1055 2081 1105 2103 ca-

228 2119 396 2163 stigandus
407 2130 444 2153 ac
456 2119 685 2154 reformandus
697 2147 704 2153 .
733 2120 898 2154 Altarium
910 2121 998 2154 enim
1011 2119 1107 2153 corti-

229 2180 277 2203 nae-
287 2169 365 2202 alias
378 2169 506 2211 insuper
516 2168 634 2203 habent
649 2169 802 2213 mysticas
813 2171 971 2204 rationes.

277 2219 404 2252 Eadem
415 2219 512 2253 docet
534 2219 666 2254 sanstus
690 2219 832 2262 Joannes
851 2218 1108 2266 Chrysostomus

228 2268 262 2302 in
274 2268 393 2312 quinto
406 2277 500 2302 tomo
516 2269 649 2303 suorum
664 2279 798 2312 operum
811 2293 820 2301 .
846 2271 885 2304 In
897 2271 1048 2304 sermone
1066 2268 1107 2303 de

174 2350 180 2356 ,
229 2318 354 2352 alendis
383 2317 424 2351 ab
450 2317 594 2353 Ecclefia
616 2318 721 2354 viduis
744 2320 874 2354 strenue
899 2319 1107 2354 commendat

230 2369 316 2402 hanc
335 2368 550 2410 eleemosyna:
562 2369 699 2412 speciem
711 2370 825 2404 multis
834 2370 1035 2414 argumentis
1048 2394 1058 2410 ‚
1074 2370 1108 2403 δε

231 2418 382 2463 adjungit
408 2415 472 2451 hoc
498 2430 505 2450 :
543 2422 649 2452 Dicam
682 2421 717 2454 &⁵
743 2420 832 2454 aliud
846 2422 997 2462 praetered
1023 2419 1109 2462 quid-

233 2470 321 2502 dam.
353 2468 485 2502 Audiam
497 2474 547 2511 qui
557 2468 693 2509 mysteriis
702 2467 774 2512 sunt
784 2474 909 2504 initiati.
937 2472 1014 2503 Cum
1026 2471 1108 2503 alite

233 2527 306 2560 opus
319 2517 419 2559 fuerit
440 2541 452 2557 ,
491 2529 528 2552 ne
552 2525 636 2552 carni
657 2521 775 2561 quidem
803 2518 869 2562 suae
893 2519 1027 2560 Christus
1048 2517 1110 2562 ipse

229 2573 349 2611 parcit.
379 2568 456 2600 Cum
479 2567 537 2600 tibi
555 2576 659 2610 potum
683 2570 751 2602 dari
773 2578 843 2610 opus
849 2569 969 2611 fuerit,
997 2581 1033 2603 ne
1040 2568 1111 2612 san-

229 2623 316 2662 guini
337 2619 455 2660 quidem
472 2616 527 2660 suo
542 2624 644 2660 parcit
664 2642 674 2658 ,
704 2630 754 2652 nec
781 2619 863 2652 illum
889 2621 1008 2653 invidet
1031 2645 1039 2652 .
1066 2622 1111 2652 Tu

233 2670 305 2701 vero
317 2678 350 2700 ne
356 2676 469 2709 panem
481 2669 598 2710 quidem
612 2675 747 2710 impertis
761 2679 813 2702 nec
837 2670 953 2702 calicem
966 2670 981 2700 ἓ
1009 2672 1112 2712 ,Quam

235 2717 357 2752 tandem
369 2724 493 2751 veniam
502 2717 667 2752 obtinebis?
695 2720 760 2762 ,Qui
769 2727 811 2751 tot
824 2719 908 2752 bonis
919 2729 985 2752 tam
1005 2725 1111 2760 pretio

229 2767 271 2810 fis
283 2772 431 2809 acceptis,
461 2778 526 2801 tam
545 2769 660 2803 vilibus
681 2777 791 2811 parcas
805 2794 812 2801 .
840 2769 878 2802 In
901 2770 1049 2803 sermone
1072 2769 1112 2803 de

236 2816 430 2852 Proditione
441 2818 529 2861 Judae
540 2819 647 2853 laudat
660 2819 840 2853 Dominica
853 2818 947 2853 verba
958 2843 968 2859 ,
997 2823 1056 2854 Hoc
1075 2819 1112 2860 est

237 2875 341 2908 corpus
351 2879 467 2908 meum,
494 2869 597 2909 Hicest
608 2872 734 2912 Sanguis
757 2880 861 2909 meus,
889 2879 988 2912 atque
1011 2870 1111 2913 prose-

240 2919 351 2960 quitur
370 2930 377 2949 :
405 2920 450 2951 Et
458 2917 592 2961 praesens
595 2922 627 2964 J
630 2920 704 2951 udas
718 2927 783 2953 erat
792 2944 802 2960 ,
830 2919 884 2959 ista
895 2917 1007 2956 chrisio
1018 2920 1113 2952 dicen-

240 2975 286 2999 te.
315 2966 437 3006 Istudest
447 2976 547 3010 corpus
560 2993 570 3009 ,
589 2974 621 3014 J
625 2970 686 3003 uda
698 2994 709 3010 ‚
733 2971 814 3012 quod
831 2974 956 3013 triginta
979 2970 1113 3002 denariis

240 3016 417 3055 vendidisti.
447 3017 500 3056 Iste
511 3018 548 3057 est
555 3017 678 3062 sanguis
692 3045 702 3059 ,
728 3020 765 3052 de
778 3030 832 3061 quo
842 3029 912 3053 ante
924 3030 989 3052 cum
1003 3018 1112 3052 Pbari-

237 3064 526 3109 saeispaclafecisti.
553 3071 577 3099 0
599 3068 708 3109 Christi
730 3067 929 3112 misericordia
942 3093 954 3108 ,
978 3079 993 3100 o
1010 3071 1112 3113 Judae

242 3117 392 3148 dementia
408 3117 420 3148 .'
448 3121 590 3151 Hic-enim
610 3124 739 3161 triginta
760 3121 893 3153 denariis
908 3116 1111 3161 paciscebatur

242 3174 275 3200 ut
287 3166 430 3198 venderet
443 3190 453 3206 ,
480 3168 513 3200 (9·
525 3165 656 3208 Christus
668 3174 694 3201 ei
709 3167 888 3213 sanguinem
901 3193 911 3209 ‚
937 3179 1020 3211 quem
1041 3180 1113 3203 ven-

242 3216 322 3248 didit
334 3240 343 3254 ,
370 3215 526 3255 offerebat.
555 3217 611 3251 Ad
635 3215 720 3252 hanc
741 3219 900 3253 terribilem
919 3216 1049 3261 mensam
1068 3220 1111 3253 af-

243 3266 349 3299 firmat
371 3276 448 3299 cum
467 3277 586 3311 magna
610 3269 790 3302 reverentia
813 3293 824 3310 ‚
848 3269 1021 3314 vigilantia
1039 3293 1050 3310 ,
1077 3270 1111 3304 δε

244 3316 367 3358 purain
377 3315 531 3356 omnibus
548 3327 658 3350 mente
669 3318 889 3353 accedendum
901 3343 911 3359 ‚
932 3319 965 3352 &
984 3318 1040 3352 dat
1064 3331 1110 3353 ra·

72 3354 155 3410 ΜΨ·
176 3359 221 3387 30'
242 3365 389 3402 tionem:
420 3369 466 3398 Et
476 3366 724 3408 nuncillepraesto
733 3367 770 3409 cst
781 3367 937 3409 christus,
963 3372 1015 3411 qui
1028 3367 1111 3404 illam

339 3414 536 3459 cbrist.Lup1·
546 3421 644 3460 opera
653 3419 740 3450 TVI.

1861 103 1948 148 195

1144 173 1267 202 ornavit
1280 166 1411 210 mensam
1423 192 1431 200 .
1458 165 1524 209 Ipse
1533 166 1619 205 istam
1630 180 1740 212 quoque
1749 169 1894 214 consecrat
1906 196 1914 207 ,
1941 178 2014 206 Non

1145 224 1222 254 enim
1232 217 1314 251 bomo
1325 218 1363 258 est
1384 222 1436 260 qui
1452 215 1598 258 proposita
1620 219 1656 250 de
1679 219 1887 262 consecratione
1907 221 2016 266 mensae

1145 272 1263 303 Domini
1271 278 1374 310 corpus
1394 266 1502 307 christi
1515 266 1599 308 facit
1620 268 1654 299 (9·
1671 267 1848 313 sanguinem
1860 296 1870 311 ,
1891 271 1948 315 sed
1965 273 2015 306 ille

1147 326 1197 363 qui
1209 318 1362 360 crucifixus
1373 317 1475 359 estpro
1494 316 1577 349 nobis
1602 316 1755 356 christus.
1785 321 1947 355 Sacerdotis
1968 332 2017 355 ore

1146 369 1240 404 verba
1256 368 1449 411 proferuntur
1461 392 1471 408 ,
1499 368 1534 401 <5
1551 369 1609 400 Dei
1631 372 1744 402 virtute
1763 367 1964 410 consecrantur
1984 372 2020 406 Θ

1141 425 1246 464 gratia
1255 444 1263 452 .
1290 424 1349 452 Hoc
1358 417 1395 458 est
1405 443 1416 458 ,
1441 423 1487 450 ait
1499 441 1511 457 ,
1532 425 1634 459 corpus
1647 428 1741 451 meum
1753 438 1762 447 ·
1790 421 1850 450 Hoc
1859 420 1948 452 verbo
1955 429 2022 462 pro·

1143 468 1234 512 posita
1243 468 1445 513 consecrantur
1457 493 1464 501 .
1491 470 1520 500 Ε
1523 477 1537 500 t
1542 466 1616 508 ficut
1641 468 1694 500 illa
1718 479 1779 502 vox
1791 491 1802 507 ,
1829 478 1896 510 quae
1918 470 1999 503 dixit
2011 493 2025 510 ,

1148 519 1274 564 Crescite
1299 521 1333 554 <5⁴
1352 520 1610 560 multiplicamini,
1637 519 1672 551 Θ·
1692 520 1802 561 replete
1821 527 1954 559 terram,
1983 516 2026 560 sc-

1148 572 1208 604 mel
1228 571 1347 613 quidem
1357 568 1505 608 duhest,
1524 568 1668 612 sedomni
1690 578 1818 612 tempore
1841 566 1940 611 sentit
1960 567 2028 608 effe-

1150 620 1228 654 tium
1241 645 1251 660 ,
1277 615 1321 653 ad
1321 625 1542 664 generationem
1554 626 1692 660 operante
1704 620 1834 660 natur&
1863 623 1907 652 ita
1918 619 1952 652 <ir
1964 629 2027 652 vore

1149 671 1201 703 illa
1210 668 1303 713 semel
1310 672 1430 714 quidem
1441 670 1525 703 dicia
1549 668 1588 708 cst
1599 692 1610 708 ,
1631 668 1690 712 sed
1704 678 1762 710 per
1785 680 1885 703 omnes
1906 666 2027 712 mensas

1152 720 1282 762 Ecclefiae
1292 719 1380 764 usque
1392 722 1437 754 ad
1445 720 1620 753 hodiernam
1633 721 1714 752 diem
1725 743 1735 759 ,
1763 722 1798 753 Co·
1807 719 1896 762 usque
1906 719 1951 752 ad
1960 720 2025 759 eius

1153 771 1317 803 adventum
1329 770 1453 812 praestat
1472 768 1610 813 sacrificio
1624 768 1799 809 firmitatem
1822 794 1829 802 .
1868 769 1957 803 Istud
1982 769 2030 812 ip·-

1155 822 1223 853 sum
1239 845 1249 860 ,
1276 821 1363 862 quod
1376 822 1473 864 Judas
1484 819 1652 860 vendidit,
1678 819 1812 863 &quod
1827 818 1925 862 Judaei
1947 829 2031 852 eme-

1156 880 1230 904 runt
1253 871 1287 903 δε
1309 872 1559 910 crucifixerunt,
1585 881 1702 913 corpus
1723 871 1893 912 profitetur
1911 868 1972 902 effe
1995 868 2032 901 in

1157 919 1357 954 Eucharistia
1369 945 1377 957 ,
1408 921 1451 955 Et
1464 919 1596 965 quidem
1608 931 1662 964 per
1673 918 1765 954 verba
1778 932 1785 952 ι
1806 927 1867 955 Hoc
1875 918 1912 960 est
1923 926 2030 961 corpus

1156 980 1251 1002 meum
1260 993 1268 1000 .
1295 970 1377 1003 Haec
1389 982 1457 1004 non
1469 972 1640 1005 dumtaxat
1654 970 1686 1004 in
1699 971 1815 1004 ultima
1825 981 1913 1003 caena
1925 981 1965 1003 ex
1975 978 2033 1002 ore

1157 1019 1298 1053 Domini
1313 1020 1459 1062 prolata,
1485 1020 1537 1054 sed
1565 1021 1598 1054 in
1624 1020 1780 1054 omnibus
1800 1019 1952 1055 omnium
1975 1017 2033 1052 sub

1156 1071 1242 1104 coelo
1258 1069 1469 1104 Ecclefiarum
1484 1070 1653 1104 Altaribus
1678 1072 1778 1114 usque
1797 1081 1903 1110 nunc,
1933 1068 1967 1103 &
1988 1068 2033 1102 us-

1158 1131 1222 1163 que
1234 1119 1274 1153 ad
1289 1120 1391 1155 saeculi
1406 1120 1503 1154 finem
1527 1120 1622 1153 fuisse
1647 1130 1776 1162 operata
1791 1144 1802 1161 ‚
1829 1120 1976 1164 operari,
2002 1118 2037 1152 &

1159 1172 1221 1204 effe
1236 1179 1404 1213 operatura
1416 1195 1423 1202 .
1451 1170 1495 1203 Et
1513 1167 1720 1203 Eucharistiae
1733 1170 1899 1204 veritatem
1913 1195 1922 1210 ,
1948 1170 1982 1203 ἀ
1994 1166 2035 1202 de

1161 1220 1259 1263 ipsaa
1282 1220 1479 1266 Berengario
1501 1221 1619 1253 fastam
1643 1230 1754 1253 coram
1779 1220 1940 1263 Gregorio
1961 1217 2036 1252 Vn.

1160 1270 1388 1313 profeffionem
1425 1268 1533 1305 lucide
1558 1269 1733 1304 confirmat
1758 1294 1765 1301 .
1804 1268 1928 1303 Lucide
1958 1269 2038 1301 item

1160 1320 1275 1354 evertit
1294 1320 1515 1355 schismaticos
1536 1318 1635 1354 hodie
1646 1319 1800 1359 Graecos,
1826 1319 1884 1363 qui
1912 1315 2040 1352 Eucha-

1163 1369 1269 1404 ristiea
1293 1371 1453 1405 elementa
1476 1371 1621 1415 garriunt
1644 1382 1712 1404 non
1736 1381 1791 1414 per
1815 1368 1942 1403 laudata
1971 1368 2041 1402 Do-

1163 1420 1246 1453 mini
1271 1420 1366 1455 verba
1388 1445 1399 1461 ‚
1427 1421 1480 1455 sed
1505 1432 1560 1464 per
1583 1421 1694 1455 nescio
1714 1431 1794 1463 quas
1815 1419 2041 1461 subsequentes

1164 1480 1270 1513 preces
1291 1470 1309 1503 a
1332 1469 1428 1505 nobis
1453 1470 1731 1505 transubstantiari
1748 1495 1755 1503 .

1213 1519 1250 1553 ln
1266 1521 1415 1555 sermone
1427 1521 1467 1554 de
1480 1521 1677 1555 Poenitentia
1689 1519 1843 1555 acerrime
1855 1520 1996 1563 increpat
2010 1518 2044 1551 fi-

1163 1568 1249 1604 deles
1263 1570 1321 1604 sub
1332 1571 1504 1605 tremendo
1516 1571 1674 1604 sacrificio
1686 1572 1780 1605 ausos
1792 1570 1930 1604 fabulari
1945 1595 1952 1602 .
1979 1568 2043 1602 Re-

1167 1620 1344 1654 verentiam
1366 1645 1378 1660 ,
1407 1632 1470 1664 qua
1494 1619 1664 1656 hominem
1687 1621 1817 1665 Regem
1840 1619 2044 1659 accedimus,

1165 1669 1297 1703 extollit
1308 1695 1318 1710 ‚
1337 1670 1371 1704 ὅ(
1382 1671 1605 1714 prosequitur:
1633 1678 1705 1706 Haeo
1716 1683 1765 1714 ego
1779 1672 1909 1703 dixerim
1919 1672 1964 1703 ad
1976 1681 2023 1703 eos
2034 1693 2045 1709 ,

1165 1724 1215 1761 qui
1227 1719 1404 1753 sanHorum
1424 1725 1652 1754 communionem
1675 1723 1710 1754 ὃ·
1733 1726 1982 1764 congregationem
2004 1731 2049 1753 re·

1165 1769 1326 1811 linquunt,
1352 1772 1387 1804 Θ
1390 1767 1448 1814 sub
1459 1770 1559 1804 boram
1571 1770 1716 1804 terribilis
1739 1772 1774 1804 Θ·
1797 1769 1915 1810 mysticae
1938 1767 2048 1812 mensae

1167 1824 1198 1852 in
1209 1820 1444 1862 vaniloquentiae
1468 1822 1678 1856 conventiculis
1696 1819 1768 1863 sunt
1785 1826 1931 1863 occupati.
1959 1821 2064 1864 ,Quid‘

1160 1869 1244 1911 facis
1271 1869 1376 1904 homo?
1403 1875 1476 1904 Non
1497 1871 1649 1914 promisisti
1669 1872 1842 1912 Sacerdoti,
1872 1876 1922 1913 qui
1941 1872 2023 1904 dixit
2039 1894 2050 1910 ,

1168 1917 1286 1962 Sursum
1306 1922 1396 1953 corda
1419 1946 1430 1962 ,
1474 1923 1508 1955 ό·
1533 1922 1635 1962 dixiffl
1657 1947 1667 1962 ‚
1704 1922 1857 1958 Habemus
1884 1923 1927 1953 ad
1951 1924 2051 1953 Domi-

1169 1971 1261 2003 num?
1290 1974 1363 2003 Non
1373 1976 1520 2006 revereris
1534 1973 1568 2006 ὁ*
1581 1968 1724 2014 erubescis
1738 1997 1748 2012 ‚
1775 1973 1809 2006 (9·
1819 1972 1872 2005 illa
1882 1970 1955 2005 bora
1967 1983 2049 2005 men-

1168 2019 1232 2052 dax
1253 2024 1400 2054 inveniris
1414 2023 1427 2055 ?
1453 2024 1568 2063 Papa!
1597 2020 1702 2065 Mensa
1715 2021 1853 2062 mysteriis
1861 2021 1974 2061 structa
1985 2022 2023 2062 est
2038 2046 2048 2060 ,

1168 2069 1202 2101 (ff
1224 2073 1325 2113 Agnus
1347 2074 1404 2103 Dei
1420 2079 1477 2112 pro
1499 2080 1527 2104 te
1550 2072 1719 2105 immolatur
1740 2095 1750 2111 ,
1776 2074 1917 2105 Sacerdos
1937 2081 1995 2114 pro
2019 2080 2053 2104 te>

1170 2124 1290 2162 angitur
1311 2143 1322 2159 ,
1357 2124 1436 2163 ignis
1452 2119 1604 2163 spiritalis
1625 2133 1662 2154 ex
1685 2120 1775 2164 sacra
1800 2120 1902 2163 mensa
1926 2122 2047 2162 refluit,

1172 2167 1333 2202 Cherubim
1352 2169 1492 2210 adstant,
1518 2169 1676 2212 Seraphim
1703 2172 1872 2210 advolant,
1898 2171 1931 2204 (tt
1951 2173 2046 2212 spiri-

1171 2226 1219 2250 tus
1237 2216 1293 2261 sex
1315 2220 1381 2252 alas
1403 2219 1547 2253 babentes
1561 2220 1679 2261 faciem
1691 2229 1791 2264 tegunt
1809 2244 1819 2261 ,
1845 2226 2046 2255 omnesincor-

1167 2277 1265 2309 porcae
1286 2274 1415 2304 virtutes
1434 2279 1489 2313 pro
1513 2279 1544 2303 te
1568 2282 1635 2303 cum
1665 2271 1820 2304 Sacerdote
1842 2272 2049 2311 intercedunt,

1170 2322 1247 2362 ignis
1261 2316 1432 2361 spiritualis
1455 2322 1471 2354 ἒ
1495 2321 1559 2353 coelo
1580 2319 1727 2363 descendit
1750 2344 1762 2361 ‚
1783 2319 1907 2365 sanguis
1927 2327 1961 2354 in
1985 2332 2049 2354 cra-

1171 2376 1233 2401 tere
1256 2374 1289 2400 in
1308 2379 1391 2404 tuam
1413 2370 1647 2413 purificationem
1673 2382 1711 2404 ex
1745 2373 1932 2405 immaculato
1955 2372 2049 2406 latere

1172 2417 1291 2458 haustus
1302 2419 1341 2459 est
1355 2431 1362 2450 :
1389 2423 1436 2453 Et
1449 2431 1506 2452 non
1518 2419 1661 2463 erubeftis
1676 2446 1687 2462 ‚
1714 2431 1772 2453 non
1792 2427 1940 2456 revereris
1951 2446 1962 2462 ,
1990 2432 2049 2455 non

1171 2467 1380 2508 confunderis,
1406 2481 1496 2512 neque
1505 2472 1598 2504 Deum
1612 2470 1668 2503 tibi
1680 2476 1840 2513 propitium
1843 2471 1927 2513 facis
1941 2473 1953 2505 ?
1975 2476 2048 2505 Non

1171 2516 1340 2559 conscientia
1355 2520 1477 2560 ,iudicat
1499 2529 1550 2560 te,
1574 2532 1589 2552 o
1612 2520 1717 2555 bomo?
1739 2524 1866 2555 Centum
1887 2520 2049 2565 sexaginta

1172 2567 1231 2600 oc‘lo
1244 2567 1334 2603 boras
1348 2568 1475 2604 habente
1497 2569 1703 2610 bebdomada,
1729 2583 1820 2604 unam
1842 2574 1876 2606 Θ
1887 2571 1980 2614 solam
2002 2571 2050 2604 ho-

1172 2629 1237 2649 ram
1247 2617 1303 2659 fibi
1314 2618 1369 2660 ipſs
1370 2618 1541 2663 segregavit
1554 2624 1632 2654 Deus
1647 2646 1658 2661 ,
1685 2623 1719 2654 (¹5
1745 2621 1822 2654 banc
1843 2627 1875 2654 in
1895 2630 1981 2663 opera
1994 2620 2052 2664 sco-

1173 2669 1284 2701 cularia
1298 2692 1308 2706 .,
1331 2670 1365 2701 (tt
1383 2669 1416 2701 in
1428 2671 1552 2702 ridicula
1567 2695 1576 2710 ‚
1599 2672 1633 2703 Co·
1645 2676 1679 2703 in
1690 2673 1893 2705 conventicula
1904 2670 2050 2714 insumis?

1175 2720 1253 2750 Cum
1274 2730 1334 2760 qua
1352 2718 1450 2759 postea
1465 2720 1576 2761 fiducia
1600 2721 1645 2753 ad
1663 2720 1791 2761 mysteria
1803 2723 1919 2755 accedes
1934 2723 1950 2754 ,2
1975 2726 2051 2754 Cum

1173 2779 1233 2809 qua
1253 2769 1368 2810 polluta
1385 2768 1556 2813 conscientia
1580 2771 1596 2802 .?
1630 2775 1718 2803 Nam
1734 2771 1764 2813 fi
1774 2771 1882 2812 stercus
1904 2777 1935 2804 in
1955 2777 2054 2805 mam·-

1174 2818 1229 2850 bus
1253 2816 1373 2850 haberes
1395 2843 1408 2858 ,
1439 2821 1567 2852 crederes
1591 2827 1765 2862 appropiare
1786 2821 1914 2864 fimbriae
1938 2824 2052 2866 Regis?

1175 2871 1259 2899 Num
1271 2869 1355 2901 vides
1363 2870 1499 2909 panem?
1523 2874 1611 2903 Num
1632 2877 1738 2903 vinum
1750 2871 1767 2903 ?
1792 2876 1878 2905 Num
1894 2870 1965 2913 ficut
1985 2873 2054 2904 reli-

1175 2923 1225 2959 qui
1249 2918 1304 2950 cibi
1328 2923 1360 2950 in
1374 2917 1507 2961 fiecessum
1533 2922 1653 2953 vadunt
1677 2921 1693 2952 ,ἕ
1725 2919 1801 2962 Absit
1824 2947 1830 2954 .
1854 2926 1906 2954 Ne
1922 2921 1962 2963 fic
1980 2927 2054 2964 cogi-

1174 2975 1234 3000 tes.
1262 2969 1518 3010 ,Quemadmodum
1538 2976 1617 3003 enim
1640 2969 1667 3012 fi
1685 2982 1750 3004 cern
1775 2977 1837 3015 igni
1857 2971 1995 3004 adbibita
2007 2972 2053 3004 illi

1174 3017 1358 3059 affimiletur‚
1379 3018 1456 3052 nibil
1470 3018 1645 3062 substantiae
1666 3031 1821 3060 remanet,
1859 3021 1936 3054 nibil
1949 3019 2052 3063 super-

1170 3067 1235 3108 fluit
1256 3080 1263 3109 3
1284 3067 1322 3108 fic
1344 3069 1378 3101 (9⁸
1398 3068 1446 3102 bic
1463 3078 1540 3111 puta
1561 3070 1690 3111 mysteria
1714 3070 1839 3113 consumi
1848 3077 1973 3112 corpor1's
1982 3070 2051 3114 sub·

1169 3117 1283 3155 stantia
1308 3142 1315 3150 .
1351 3120 1476 3161 Propter
1497 3122 1576 3162 quod
1596 3122 1631 3155 <tr
1653 3123 1818 3154 accedentes
1841 3143 1851 3159 ,
1880 3133 1916 3153 ne
1937 3126 2051 3162 putetis

1173 3168 1252 3209 quod
1271 3172 1422 3209 accipiatis
1447 3173 1595 3204 Divinum
1613 3179 1717 3213 corpus
1740 3182 1778 3203 cx
1789 3170 1902 3204 bomine
1914 3196 1924 3211 ‚
1943 3170 2003 3214 sed
2011 3183 2050 3206 ex

1174 3216 1240 3259 ipfis
1260 3218 1415 3259 seraphim
1427 3219 1543 3262 forcipe
1566 3226 1682 3263 ignem,
1711 3231 1797 3263 quem
1816 3219 1927 3263 scillcet
1950 3220 2050 3264 Isaias

1174 3267 1272 3308 vidit,
1287 3279 1349 3303 ,vos
1360 3274 1489 3311 accipere
1502 3295 1509 3302 .
1536 3273 1682 3312 Reputate
1702 3269 1864 3313 salutarem
1870 3269 2050 3315 sanguinem

1174 3316 1258 3360 quasi
1278 3319 1294 3351 ἑ
1315 3321 1430 3352 Divino
1444 3321 1478 3353 &⁸
1495 3321 1645 3361 impolluto
1657 3321 1749 3354 latere
1761 3320 1908 3363 affluere:
1937 3324 1984 3354 Et
2006 3328 2051 3354 ita

1173 3372 1413 3410 approximantes
1432 3368 1521 3406 labiis
1539 3376 1627 3412 puri:
1644 3376 1781 3413 accipite.
1804 3371 1908 3406 Aliud
1923 3372 1968 3404 est
1986 3371 2053 3406 Re·

1604 3419 1636 3455 R
1689 3432 1710 3457 2
1904 3431 2003 3467 gem,

2069 1701 2154 1733 Serm.
2178 1699 2223 1735 38,
