2372 3756
431 92 458 129 12
470 92 488 135 3
498 87 531 121 ὅ

374 163 534 204 ίυΓρεᾶυε
547 184 554 191 .
583 159 627 193 Et
639 157 746 202 plures
754 159 821 204 jam
834 159 978 196 addustae
990 163 1091 196 cansae
1102 161 1251 204 suspicio-

373 212 407 245 ni
430 211 576 245 fomenta
595 208 807 245 addiderunt.
837 210 968 255 Nempe
989 210 1250 254 adversusipsum

371 261 575 304 perseverans
592 258 759 295 Benedisti
780 271 818 295 ac
828 262 981 306 Sylves'tri
1004 260 1137 295 rebellio
1150 285 1160 301 ‚
1186 262 1252 294 col·
1306 257 1371 302 sem
1393 260 1536 297 latronem
1548 260 1586 293 ab
1606 261 1655 295 his
1667 267 1758 295 etiam
1770 286 1781 302 ,
1807 271 1859 305 qui
1875 276 1933 297 non
1946 276 2033 302 erant
2045 293 2057 309 ‚
2079 268 2192 312 seddi·
2207 245 2292 288 ¹39³sp
2312 256 2340 285 3⁹

737 76 778 120 S.
816 73 1132 122 GREGORII
1163 90 1180 120 s
1204 88 1407 122 EPTIMI
1444 78 1805 126 Ponurrcrs

1316 172 1388 202 pem
1401 184 1411 200 ‚
1436 162 1548 204 &ejus
1561 162 1683 197 actibus
1701 164 1855 199 resistere.
1873 165 1979 214 ‘Qin
2000 166 2139 204 &addit
2150 167 2192 204 de

1313 211 1467 244 Fanensis
1489 211 1639 245 Ecciefiae
1662 212 1827 257 Episcopo
1850 228 1858 247 :
1884 218 2046 253 Videamus
2068 223 2190 253 Fanen-

371 311 471 344 lestus
496 321 552 354 per
572 310 676 354 ipsum
699 312 859 346 exercitus
884 336 895 352 ‚
920 312 938 344 a
960 312 1081 354 rapinis
1103 312 1249 345 fraenatus
1310 310 1451 344 cebantur
1478 310 1629 352 Apostolici
1655 336 1667 352 ,
1693 313 1882 347 maledi-stum
1907 317 1942 349 Θ
1963 325 2191 353 excommunica·

369 359 530 394 Romanae
552 360 641 395 urbis
652 360 810 405 populus.
838 361 892 394 De
905 359 1059 394 Huberto
1083 361 1226 405 Lofinga
1238 387 1247 402 ,

1310 367 1392 392 tum.
1418 360 1527 403 Ipsum
1552 362 1618 396 una
1640 374 1718 397 cum
1742 362 1930 399 castellano
1955 366 1990 400 δε
2014 366 2188 404 Pisaurensi

368 408 501 444 Abbate
520 409 714 446 Ramesiensi
730 435 740 449 ,
766 410 857 453 quod
880 411 1003 452 primus
1023 410 1042 444 a
1063 410 1247 445 Guilielmo
1310 409 1474 453 Episcopo
1502 412 1682 457 Gregorius
1708 413 1749 448 ad
1772 412 1864 448 Petri
1886 426 1996 458 preces
2017 415 2190 454 damnave-

366 457 460 493 Rufo
486 458 676 506 Anglorurn
709 460 805 503 Rege
834 458 1063 502 Episcopatum
1088 456 1246 494 Thetfor-

363 508 495 544 densem
520 533 531 549 ‚
553 522 594 544 ac
615 510 703 543 Patri
733 510 790 541 suo
816 508 966 542 Roberto
987 507 1242 545 Vintoniensem

363 558 546 594 Abbatiam
569 559 682 593 emerit
702 583 713 599 ,
741 557 849 592 scribit
872 557 1072 592 Guilielmus
1092 558 1242 595 Malmes·

364 608 518 644 heriensis
534 632 542 640 .
569 609 614 642 Et
625 618 706 642 tunc
719 608 841 651 prodiit
851 619 922 642 uon
935 607 1104 652 inelegans
1114 611 1237 645 versus.

359 661 459 702 Surgit
475 664 506 690 in
518 656 644 700 Ecclesia
655 657 816 698 monstrum
833 663 962 702 genitore
975 657 1098 702 Lofinga
1109 683 1119 699 ‚
1151 662 1240 694 simo-

358 710 463 742 nidum
489 708 576 742 See‘la
600 733 611 750 ‚
648 712 806 742 canonum
832 714 945 747 virtute
971 707 1080 751 refi'c‘i'a
1107 734 1113 740 .
1150 712 1240 746 P-etre

355 764 448 791 nimis
475 759 583 792 tardas
604 771 611 790 :
641 763 727 792 Nam
746 760 846 792 Simon
866 760 911 793 ad
931 760 1028 792 ardua
1053 767 1153 798 tentat
1174 785 1182 793 .
1207 763 1238 794 Si

351 807 486 852 praesens
508 809 577 852 effes
590 834 602 850 ,
627 819 685 841 non
705 811 804 841 Simon
831 810 876 842 ad
894 807 973 849 astra
995 810 1128 843 volaret.
1157 811 1236 844 Proh

353 859 456 899 dolor,
484 858 618 901 Ecclefiae
640 864 770 891 nummis
781 859 956 892 venduntur
978 860 1099 894 (veen.
1129 861 1232 895 Filius

349 903 389 948 'est
411 907 548 952 Praesul‚
575 911 668 942 Pater
690 907 792 941 abbas
809 931 819 947 ,
846 911 944 942 simon
967 920 1089 952 uterque
1111 936 1118 942 .
1147 914 1237 954 ,Quid

351 970 410 991 non
417 958 568 1002 J'ptremus
580 983 591 1000 ,
618 969 751 993 nummos
755 957 786 999 fi
789 960 980 1000 poffideamus
992 961 1005 994 ἓ
1031 965 1142 993 Omnia
1152 973 1233 994 ntem-

348 1018 415 1041 mus
442 1007 530 1042 habet
552 1021 560 1041 :
587 1009 681 1052 ,Quod
702 1010 768 1042 vult
785 1008 866 1050 facit
888 1034 899 1050 ‚
925 1011 1034 1049 addit,
1059 1013 1093 1045 es
1115 1011 1234 1053 auftrt.

347 1061 410 1092 Res
432 1063 524 1091 nimis
549 1058 678 1100 injusta:
707 1063 854 1093 Nummis
872 1062 910 1103 fit
932 1059 1050 1104 Praesul
1064 1062 1098 1095 ὡ·
1114 1061 1212 1095 abbas
1226 1086 1234 1095 .

346 1108 453 1156 Qod
475 1118 586 1143 tamen
612 1108 785 1143 Hubertus
814 1110 922 1154 postea
948 1109 1093 1145 Romam
1115 1112 1234 1154 iverit,

345 1158 582 1203 Episcopatum
606 1158 748 1202 posuerit
770 1160 810 1195 ad
823 1160 919 1204 pedes
941 1160 1235 1202 Urbanise‘cundi,

348 1209 493 1244 eundem
506 1209 548 1244 ab
559 1210 630 1253 ipso
642 1210 782 1255 gratiose
793 1210 946 1254 receperit
955 1235 967 1251 ,
996 1221 1142 1246 mutatus
1153 1223 1232 1246 tunc

344 1260 489 1293 fueritin
504 1260 609 1294 virum
621 1260 760 1295 alterum
774 1284 787 1302 ,
799 1272 895 1303 atque
909 1262 943 1294 in
957 1261 1117 1305 Angliam
1130 1261 1231 1296 redux

344 1311 517 1352 profecerit
532 1311 566 1344 in
584 1310 787 1345 duriffimum
800 1322 897 1355 atque
915 1322 1105 1353 perpetuum
1121 1313 1231 1346 omnis

346 1360 493 1395 simoniae
517 1361 711 1405 flagellum,
739 1361 876 1395 affirmat
903 1359 989 1394 idem
1017 1360 1231 1396 Guilieimus.

350 1410 442 1444 idem
457 1410 596 1444 evenisse
609 1411 703 1453 poffit
716 1412 806 1444 sexto
817 1411 999 1454 Gregorio.

404 1459 491 1493 Rem
505 1460 688 1494 notandam
703 1459 812 1494 scribit
825 1462 932 1505 Hugo
944 1460 1058 1495 Abbas
1067 1462 1230 1500 Flavinia-

342 1510 442 1544 censis
461 1534 468 1540 .
493 1509 617 1544 Scribit
639 1521 776 1544 omnem
802 1510 923 1552 ubique
944 1511 1113 1546 simoniam
1134 1512 1229 1547 fuisse

339 1560 381 1594 ab
405 1561 555 1593 Henrico
574 1559 775 1604 Imperatore
799 1560 1010 1602 damnatam,
1037 1574 1076 1596 ac
1099 1564 1204 1608 pergit
1218 1577 1228 1597 .-

338 1610 487 1644 Puerulus
511 1614 612 1652 itaque
624 1635 634 1650 ,
662 1616 711 1653 qui
723 1614 870 1644 Romame
884 1611 1045 1645 incubabat
1067 1612 1201 1654 Ecclefiae
1218 1638 1228 1654 ,

338 1663 492 1702 Praecepto
505 1664 698 1703 Imperatoris
722 1662 741 1694 a*
749 1660 820 1703 fhde
830 1661 964 1702 ἐᾶσθαι·
986 1662 1024 1701 est
1037 1687 1048 1702 ,
1077 1664 1111 1696 <ir
1124 1667 1229 1707 Grego-

337 1715 406 1744 rius
422 1709 553 1754 sextus,
581 1716 697 1744 natione
707 1715 860 1744 Romanus
873 1733 883 1749 ,
905 1709 1077 1753 substitutus
1098 1713 1136 1753 est
1148 1737 1159 1754 ‚
1185 1725 1228 1748 cu-

331 1763 387 1803 jus
414 1761 492 1794 bona
510 1759 606 1801 fama
634 1783 644 1799 ‚
669 1762 819 1803 quidquid
839 1766 922 1803 prior
939 1761 1123 1802 foedaverat
1149 1787 1160 1803 ,
1195 1768 1229 1796 in

331 1807 444 1844 'melius
460 1809 644 1852 reformavit
659 1836 666 1843 .
695 1809 927 1845 Reformandae
947 1811 1097 1846 Ecclesiae
1123 1815 1228 1848 neces·

335 1861 409 1895 sarii
432 1859 510 1895 ante
523 1861 638 1894 omnia
663 1861 889 1906 suntreligiosi
911 1862 1141 1896 &constantes
1151 1864 1229 1907 Epi-

335 1911 457 1955 scopi.
484 1910 580 1945 Hinc
605 1910 709 1955 pergit
735 1911 841 1956 Hugo
869 1925 876 1943 ε
905 1914 1060 1955 Gregorius
1088 1913 1228 1947 santium

334 1963 490 1996 Odilonem
517 1985 528 2000 ,
553 1960 724 1995 Abbatem
752 1961 1003 1996 Cluniacensem
1029 1986 1040 2001 ‚
1066 1963 1225 2004 instituens

335 2010 530 2056 Lugdunenst
548 2010 683 2052 Ecclefiae
709 2012 844 2045 ordinari
869 2012 1042 2054 Pontificem
1062 2039 1073 2055 ,
1101 2013 1175 2056 mifit
1198 2019 1230 2048 ei

330 2063 459 2105 pallium
483 2062 695 2104 &annulum3
717 2060 775 2104 sed
786 2068 836 2096 vir
861 2062 1032 2106 religiosus,
1058 2064 1229 2097 humilitati

328 2113 453 2154 studens
465 2137 476 2154 ‚
504 2111 556 2148 hoc
576 2117 677 2145 renuit
702 2136 709 2143 .
738 2115 870 2145 Pallium
894 2122 997 2146 tamen
1023 2115 1063 2147 &a
1083 2116 1228 2147 annulum

333 2168 458 2197 retinuit
477 2186 488 2202 ‚
509 2159 638 2204 servans
662 2162 740 2194 illud
754 2162 891 2204 Pontifici
904 2187 914 2202 ‚
942 2169 994 2206 qui
1017 2163 1124 2206 dignm
1141 2165 1206 2208 effes
1222 2190 1229 2198 .

335 2213 429 2258 ,Quod
440 2225 457 2245 u
457 2210 531 2256 sque
542 2211 628 2245 bodie
640 2213 780 2245 cluniaci
788 2212 913 2245 babetur
925 2238 931 2245 .
959 2213 1067 2259 Hugo
1080 2215 1219 2249 affirmat

334 2267 462 2299 sextum
476 2261 674 2306 Gregorium
701 2274 769 2295 non
784 2275 825 2296 ex
842 2263 972 2306 proprio
997 2264 1120 2298 ambitu
1135 2290 1146 2305 ,
1173 2264 1226 2299 sed

335 2327 376 2349 ex
392 2313 554 2356 Principis
566 2311 645 2354 jussu
658 2312 751 2346 fuisse
761 2324 948 2357 promotum
959 2338 966 2346 .
996 2313 1099 2348 Porro
1112 2314 1228 2348 Theo-

337 2363 527 2409 phylatstum
542 2386 551 2402 ,
579 2362 633 2395 seu
654 2361 872 2397 Benedistum
897 2373 1041 2403 nonum,
1070 2365 1153 2399 reste
1177 2376 1227 2408 ap·

338 2414 437 2459 pellat
451 2412 638 2456 puerulum.
667 2412 802 2446 Etenim
819 2415 924 2456 ipsum
937 2414 1122 2447 authentici
1147 2415 1224 2448 Scri-

338 2475 449 2509 ptores
461 2463 622 2497 affirmant
638 2461 770 2499 decimo
791 2464 890 2497 aetatis
901 2474 990 2498 anno
1010 2464 1103 2498 fuisse
1129 2465 1227 2497 intru-

338 2517 411 2550 sum
426 2516 460 2548 in
475 2513 590 2548 Sedem
602 2511 834 2555 Apostolicarn
852 2538 859 2545 .
876 2513 919 2548 Et
932 2512 996 2547 haec
1007 2514 1121 2548 omnia
1134 2513 1227 2548 valde

342 2575 481 2610 purgant
496 2564 716 2608 Gregorium.
746 2563 910 2597 Existimo
933 2564 1036 2607 ipsum
1060 2563 1104 2598 ob
1117 2564 1227 2598 solasa

342 2614 523 2650 Benedici-0
545 2625 582 2647 ac
595 2612 757 2655 sylvestro
781 2615 958 2656 resumptas
981 2614 1112 2655 turbas,
1140 2615 1226 2648 &ad

343 2665 438 2710 plene
450 2664 629 2708 pacandam
643 2662 819 2697 Ecclesiam
832 2664 926 2697 fuisse
935 2663 1094 2706 dejestum
1110 2664 1227 2708 ‚Quod

345 2717 462 2750 sentire
474 2714 629 2748 videntur
637 2714 736 2748 etiam
749 2713 989 2748 Gemblacenfis
1004 2714 1185 2759 sigebertus
1195 2715 1227 2749 &

348 2766 554 2799 Waltramus
569 2762 817 2808 Nafiburgenfis.
833 2764 899 2798 Res
912 2776 980 2798 non
991 2765 1035 2799 est
1048 2765 1226 2799 manifesta.

399 2816 546 2860 Qaestio
560 2815 652 2848 tertia
664 2813 709 2847 est
721 2839 731 2854 ‚
759 2813 815 2847 An
826 2814 1006 2859 Gregorius
1018 2817 1116 2850 fuerit
1125 2815 1166 2854 ad
1177 2826 1227 2849 ce·

347 2865 494 2899 dendum
506 2863 618 2906 inique
641 2864 672 2900 ὃς
685 2864 748 2897 fine
760 2863 909 2909 legitima
920 2866 1013 2899 causa
1030 2864 1227 2909 compulsus?

348 2915 455 2950 Fuisse
479 2913 558 2956 juste
583 2914 788 2956 compulsum
814 2915 919 2958 plures
943 2915 1036 2949 tesies
1056 2916 1121 2959 jam
1131 2915 1227 2950 nobis

343 2966 522 3000 dixerunt.
551 2964 594 2996 Et
617 2963 687 3005 ipsis
709 2964 897 3006 adstipulari
916 2965 1046 2999 videtur
1067 2968 1101 3000 in
1116 2965 1228 3000 litteris

347 3016 388 3049 ad
402 3015 611 3049 Clementem
624 3012 801 3046 secundum
822 3015 957 3049 Samius
968 3015 1082 3050 Petrus
1095 3015 1226 3052 Damia-

349 3067 404 3100 ni.
435 3065 589 3099 Affirmat
611 3063 641 3095 se
669 3061 709 3096 ab
734 3063 884 3098 Henrico
907 3065 1122 3108 Imperatore,
1147 3064 1226 3100 dum

349 3116 384 3149 in
401 3114 612 3149 Germaniam
625 3110 680 3147 hic
692 3112 808 3147 rediret
823 3139 833 3155 ‚
859 3114 899 3148 ad
911 3116 1049 3150 fideliter
1060 3116 1223 3150 Clementi

351 3165 560 3199 affistendum
582 3162 675 3197 fuisse
692 3173 845 3207 rogatum
867 3188 878 3204 ,
903 3164 996 3199 istam
1020 3166 1225 3201 affistentiam

352 3214 442 3251 fuisse
464 3215 483 3248 a
505 3216 535 3248 se
559 3214 764 3257 promissam,
790 3213 931 3259 ideoque
952 3216 1051 3251 etiam
1061 3215 1225 3251 exhiberi.

354 3264 398 3300 Et
413 3265 545 3306 quidem
557 3263 725 3299 Henricus
745 3271 826 3299 tunc
837 3266 1038 3310 Gregorium
1050 3265 1227 3302 abducebat

354 3314 461 3347 secum
485 3314 521 3347 in
540 3311 755 3348 >Germaniam
781 3339 789 3346 .
818 3315 915 3350 Certe
937 3316 1051 3351 Petrus
1072 3318 1095 3351 fi
1117 3316 1229 3361 inique

353 3364 522 3406 pensuisset
543 3364 677 3413 ejeEIum
707 3389 719 3407 ,
753 3364 905 3407 debuerat
928 3366 1083 3404 instruere
1106 3367 1228 3405 Princi-

1269 3123 1282 3444 l

1308 469 1377 500 rat,
1404 459 1552 505 adeoque
1575 462 1692 497 Petrus
1713 463 1822 498 lucide
1843 462 1900 499 hic
1921 466 2091 508 profitetur
2109 469 2190 504 Gre-

1305 510 1436 553 gotium
1455 522 1524 545 non
1533 512 1625 546 fuisse
1645 514 1833 559 legitimum
1849 513 1968 559 Papam
1980 540 1992 556 ‚
2018 528 2056 551 ac
2080 509 2191 561 proin-

1304 558 1344 593 de
1357 560 1504 605 legitime
1516 562 1672 605 ejectum.
1702 563 1746 597 Et
1759 564 1930 610 adjungit:
1958 568 2189 611 Quidprodefl,

1305 613 1433 645 Domine
1448 618 1490 644 mi
1505 635 1515 651 ,
1541 615 1622 655 quod
1631 614 1820 657 apostolicam
1835 617 1941 649 Sedem
1954 618 1991 650 de
2002 618 2132 651 tenebris
2143 619 2192 652 ad

1296 662 1394 709 'lucem
1406 662 1541 705 remeaffe
1553 665 1680 697 dicimus
1691 690 1701 706 ‚
1717 664 1808 707 finos
1820 664 1918 699 adbuc
1939 671 1971 698 in
1982 665 2085 710 iisdem
2103 678 2186 703 tene-

1301 710 1364 743 bris
1384 716 1592 748 remanemus?
1619 714 1834 750 Lamentatur
1855 716 1914 749 suae
1927 715 2110 752 Provinciae
2120 718 2184 753 Ec-

1301 760 1409 796 clesias
1430 774 1486 807 per
1505 775 1619 807 pravos
1630 764 1810 809 Episcopos
1830 764 2026 801 acAbbates
2045 769 2186 802 confun-

1301 811 1358 852 di,
1384 813 1526 858 ideoque
1554 815 1639 858 ipsos
1659 826 1753 860 rogat
1766 827 1820 860 per
1832 816 2041 851 Clementem
2062 818 2184 863 corrigi

1300 872 1356 895 aut
1376 863 1523 897 damnari
1550 890 1558 898 .
1586 866 1783 910 Gregorium
1812 866 1905 900 fuisse
1932 868 2071 902 intrusas
2098 878 2190 902 tene-·

1300 910 1369 946 bras
1379 937 1391 954 ‚
1420 913 1628 949 Clementem
1643 917 1814 960 profitetur
1827 919 1889 950 esse
1902 917 2110 952 Canonicam
2136 918 2184 951 lu·-

1299 972 1391 996 cem¹.
1416 962 1615 1007 Respondeo
1637 976 1749 1001 tamen
1772 965 1861 1001 hunc
1882 967 1977 1001 fuisse
1994 966 2106 1010 inique
2128 967 2184 1002 de-

1298 1010 1432 1053 jectum.
1460 1013 1658 1048 Constanter
1680 1015 1891 1060 aeintrepide
1917 1018 1949 1051 id
1964 1017 2076 1052 docuit
2088 1029 2181 1053 vene*

1299 1061 1408 1095 rabilis
1420 1064 1525 1097 Wazo
1538 1064 1723 1099 Leodiensis
1735 1065 1914 1109 Episcopus
1926 1092 1931 1106 ,
1959 1067 2094 1102 Etenim
2106 1067 2179 1111 post

1298 1112 1480 1146 Clementis
1494 1113 1627 1148 secundi
1649 1123 1788 1148 mortem
1800 1115 1950 1151 Henrico
1962 1117 2152 1162 Imperatori
2167 1143 2178 1157 ,

1297 1163 1380 1196 circa
1394 1163 1584 1207 eligendum
1596 1165 1807 1199 successorem
1815 1166 1918 1200 anxio
1930 1192 1940 1207 ‚
1958 1168 2099 1209 ideoque
2111 1167 2178 1212 ejus

1298 1213 1561 1248 &doctissimum
1582 1215 1618 1249 &
1640 1213 1864 1260 probissimum
1886 1215 2046 1259 judicium
2066 1215 2180 1261 exciui-

1299 1263 1404 1303 renti,
1432 1263 1598 1307 respondit
1626 1290 1632 1297 .
1660 1269 1806 1308 Recogitet
1828 1269 1979 1300 Serenitas
1999 1267 2115 1309 vestra,
2140 1278 2179 1301 ne

1291 1313 1375 1353 forte
1398 1314 1486 1346 Sedes
1503 1312 1612 1355 fismmi
1634 1316 1810 1357 Pontificis,
1835 1316 1940 1357 injuste
1962 1319 1983 1349 ἂ
2004 1317 2110 1359 quibus
2119 1328 2178 1350 non

1298 1362 1399 1399 debuit
1424 1362 1544 1404 depofiti
1565 1388 1576 1404 ,
1601 1364 1658 1405 ipfi
1679 1366 1836 1397 Divinitas
1851 1365 1891 1405 fit
1910 1364 2088 1408 reservata,
2112 1367 2178 1401 cum

1297 1419 1324 1445 is
1338 1437 1349 1452 ‚
1375 1423 1464 1455 quem
1484 1419 1549 1447 vice
1570 1415 1634 1452 ejus
1650 1413 1894 1455 inthronizastis,
1922 1420 1991 1449 vita
2011 1417 2153 1450 decedens
2166 1441 2177 1458 ,

1291 1468 1391 1507 priori
1410 1461 1508 1496 adhuc
1523 1462 1677 1506 fizperstiti
1697 1465 1906 1507 restituendam
1929 1466 2079 1508 reliquerit
2099 1491 2107 1498 .
2132 1468 2178 1499 Ee

1296 1518 1437 1555 quoniam
1459 1514 1545 1547 vobis
1556 1516 1727 1556 complacuit
1751 1514 1876 1556 nostram
1894 1513 1984 1558 super
2003 1515 2051 1549 his
2065 1514 2179 1561 efflagi-

1290 1568 1391 1607 gitare
1416 1562 1594 1608 sententiam
1614 1589 1626 1605 ,
1651 1566 1738 1598 liceat
1762 1591 1773 1606 ,
1798 1564 1895 1608 quaeso
1923 1589 1933 1605 ,
1953 1573 2030 1608 pace
2053 1565 2176 1607 vestra,

1294 1619 1423 1646 omnium
1446 1613 1704 1656 Ecclefiasticorum
1716 1616 1871 1648 nouorum
1892 1615 2050 1658 sententiis
2072 1614 2176 1656 instru-

1295 1663 1338 1696 eo
1349 1687 1359 1703 ,
1367 1663 1502 1706 proferre
1515 1666 1595 1706 quod
1594 1665 1709 1705 ‚iustum
1720 1666 1772 1709 effe
1780 1664 1957 1708 perspexero
1968 1690 1976 1698 .
2008 1666 2085 1698 Cum
2094 1671 2175 1699 enim

1286 1717 1319 1758 J
1321 1714 1389 1746 udae
1410 1715 1570 1747 traditoris
1590 1716 1647 1748 Ioco
1669 1716 1800 1758 legamus
1823 1715 1966 1757 Apostolos
1987 1714 2096 1757 absque
2110 1716 2174 1755 ulla

1288 1763 1428 1806 saeculari
1448 1770 1587 1805 potentia
1614 1764 1780 1800 Matthiam
1816 1764 1976 1806 Apostolum
2003 1765 2173 1808 ordinaffe,

1292 1814 1439 1847 credimus
1462 1812 1513 1845 hoc
1525 1816 1659 1856 exemplo
1670 1838 1681 1854 ,
1703 1823 1758 1855 per
1770 1814 1976 1855 Ecelefiasticos
1996 1813 2147 1855 Ministros
2156 1839 2171 1856 ,

1292 1861 1401 1906 absque
1421 1869 1555 1904 potentia
1573 1862 1735 1906 saulam,
1761 1865 1910 1898 eleffliones
1931 1866 2173 1907 &promotiones

1295 1913 1513 1955 Apostolicorum
1527 1914 1598 1956 fieri
1629 1914 1746 1948 debere.
1776 1916 1834 1948 sed
1853 1914 1949 1948 &boc
1972 1916 2059 1949 liceat
2080 1916 2175 1949 auda·

1291 1963 1350 1996 Her
1358 1964 1515 2006 protestari
1526 1989 1536 2005 ,
1563 1964 1726 1998 elec‘lionem
1747 1964 1931 2006 apostolicam
1947 1962 1998 2007 seu
2019 1968 2175 2007 promotio-

1292 2024 1356 2046 nem
1370 2039 1380 2055 ,
1407 2013 1599 2055 Ecclesiastico
1611 2021 1671 2048 ritu
1684 2017 1811 2058 legitime?
1829 2014 2027 2055 celebratam,
2055 2015 2175 2050 ordina-

1291 2069 1367 2096 tione
1392 2067 1514 2098 Divina
1540 2064 1666 2104 constare
1687 2069 1837 2098 inveniri.
1868 2067 2060 2108 ,Quapropter
2079 2074 2112 2098 ut
2121 2076 2174 2099 vsb

1285 2113 1357 2154 strae
1373 2111 1470 2156 saluti
1478 2120 1592 2156 pariter
1611 2116 1645 2148 ὁ·
1657 2113 1800 2154 honestati
1816 2123 1973 2157 congruum
1995 2114 2174 2157 vobisprae-

1292 2163 1410 2196 beamus
1433 2164 1575 2207 confilium
1593 2189 1603 2206 ,
1631 2163 1743 2205 definat
1765 2163 1939 2199 sublimitas
1966 2163 2061 2204 vestra
2081 2163 2174 2205 huic,

1291 2220 1344 2256 qui
1359 2213 1503 2257 superstes
1526 2214 1588 2255 est,
1615 2215 1708 2247 alium
1724 2213 1956 2257 superordinare
1979 2214 2171 2258 Pontfficm,

1293 2276 1327 2297 ne
1351 2273 1512 2307 repugnare
1536 2265 1702 2297 videamini
1722 2265 1901 2297 ordinationi
1913 2267 2060 2297 Divinae:
2087 2266 2173 2307 ,Quia

1290 2315 1516 2353 contestantibus
1528 2321 1592 2346 tam
1608 2317 1736 2347 Divinis
1758 2313 1906 2356 Legibus,
1932 2315 2023 2356 quzim
2033 2311 2174 2355 Ecclefia-

1291 2370 1332 2397 cis
1351 2368 1485 2398 Decretis
1499 2388 1510 2404 ,
1536 2366 1556 2396 a*
1578 2368 1690 2397 nemine
1705 2387 1715 2403 ,
1742 2363 1798 2405 nisi
1815 2369 1834 2395 ἃ
1855 2361 1914 2406 solo
1934 2366 2017 2404 Deo,
2037 2364 2172 2403 judicare
2196 2375 2199 2377 ·

1292 2414 1375 2447 debet
1394 2413 1501 2454 Christi
1520 2418 1657 2447 Vicarius
1681 2438 1688 2445 .
1717 2411 1870 2447 Affirmat
1888 2413 1978 2455 plura
1999 2438 2006 2446 .
2033 2411 2173 2454 Primo,

1292 2465 1492 2508 Gregorium
1519 2463 1614 2498 fuiffe
1638 2462 1786 2508 legitime
1811 2463 1970 2497 elesium.
1997 2462 2168 2503 Secundo,

1292 2514 1384 2548 fuisse
1397 2513 1514 2556 injuste
1526 2513 1704 2556 dejectum.
1733 2512 1873 2552 Tertio,
1898 2513 2015 2547 debere
2032 2513 2168 2556 reponi.

1294 2563 1441 2610 Quarto,
1469 2563 1504 2598 id
1524 2563 1700 2597 commode
1721 2563 1786 2606 jam
1809 2563 1898 2607 posse
1921 2563 1992 2597 fieri
2012 2562 2058 2597 ob
2078 2561 2168 2597 brevi

1293 2614 1495 2648 subsecutam
1517 2622 1658 2648 mortem
1680 2612 1881 2648 Clementis.
1907 2610 2059 2660 Qinto,
2084 2610 2169 2655 deje-

1291 2664 1432 2699 stionem
1457 2664 1550 2698 fuisse
1564 2664 1711 2707 iniquam
1724 2687 1735 2703 ,
1760 2674 1829 2698 non
1841 2660 1971 2696 tantum
1990 2660 2168 2698 exdefeetu

1291 2715 1412 2754 causae,
1439 2713 1491 2748 sed
1504 2714 1634 2757 insuper
1645 2726 1687 2747 ex
1706 2713 1928 2756 parteformae:
1957 2711 2060 2759 Qod
2076 2711 2167 2745 nulla

1291 2764 1466 2808 Synodus,
1493 2763 1548 2798 sed
1571 2764 1658 2799 solus
1670 2763 1762 2797 Deus
1774 2761 1868 2805 poffit
1888 2761 2080 2796 Romanum
2089 2760 2169 2805 Epi-

1292 2815 1426 2859 scopum
1437 2814 1581 2857 judicare
1591 2839 1599 2846 .
1626 2814 1728 2848 Sexto
1737 2812 1873 2846 affirmat
1894 2811 2100 2846 nominando
2109 2820 2168 2846 aut

1291 2864 1447 2910 eligendo
1469 2864 1627 2899 Romano
1645 2887 1657 2904 ‚
1683 2860 1752 2896 imo
1772 2861 1878 2896 cuivis
1905 2861 2070 2905 Episcopo
2092 2860 2169 2895 Lai-

1291 2926 1367 2949 cum
1388 2914 1576 2958 Principem
1589 2924 1656 2946 non
1677 2915 1765 2955 posse
1785 2912 1929 2946 misceri.
1957 2911 2091 2949 Etenim
2110 2908 2166 2944 hic

1291 2965 1456 3000 Henricus
1477 2975 1518 2998 ex
1536 2962 1688 3007 Gregorii
1707 2962 1887 3005 dejec‘tione
1908 2963 2035 3005 accepit
2056 2961 2167 2995 ansam

1289 3014 1486 3051 nominandi
1507 3012 1681 3048 Pontificis
1694 3036 1705 3053 ,
1732 3022 1788 3046 aut
1808 3012 1895 3046 certe
1913 3009 2102 3056 defiguandi
2112 3009 2169 3046 eli·

1291 3065 1431 3111 gentiam
1446 3065 1615 3108 personam
1626 3088 1633 3095 .
1661 3062 1704 3096 Et
1717 3063 1956 3107 Episcoporum
1968 3060 2169 3101 nominatio,

1292 3118 1413 3160 semper
1438 3114 1592 3149 damnata
1612 3113 1630 3146 a
1652 3112 1843 3147 melioribus
1867 3111 2060 3156 Episcopis,
2087 3119 2169 3144 tune

1292 3162 1450 3204 horrende
1472 3163 1688 3209 grassabatur.
1716 3162 1902 3197 Exstatista
1924 3161 2071 3207 Epistola
2081 3159 2169 3204 apud

1293 3216 1485 3252 Anselmum
1502 3213 1720 3250 Leodiensem
1744 3212 1953 3252 Canonicum
1974 3212 2011 3246 in
2035 3212 2096 3245 suae
2107 3210 2169 3243 Ec-

1292 3268 1390 3302 clefiae
1415 3264 1563 3299 Historia
1590 3288 1602 3304 ,
1635 3263 1693 3308 qui
1719 3264 1753 3297 &
1779 3264 1880 3308 ipsam
1906 3269 2168 3297 commentatur.-

1294 3320 1394 3351 Wazo
1412 3340 1424 3358 ,
1448 3324 1483 3349 ut
1507 3323 1573 3348 erat
1598 3319 1630 3347 in
1655 3313 1789 3346 omnibus
1809 3338 1819 3354 ‚
1846 3315 1880 3347 (e
1904 3318 1936 3344 in
1965 3309 2074 3343 talibus
2086 3316 2168 3353 (ma-
2185 3310 2223 3340 C·
2243 3310 2299 3339 1061

1904 3361 2066 3405 vigilanter
2100 3371 2167 3397 cum

1940 3410 1947 3413 ”
2026 3412 2095 3446 aliis
2103 3434 2116 3458 ³,

1294 3370 1373 3403 xime³
1400 3391 1412 3408 ,
1449 3364 1597 3409 scrutator
1617 3362 1829 3410 studiosfflmus
1855 3387 1867 3403 ,
